1828 3253
480 233 545 271 ΙΝ
576 231 684 273 LlB.
715 232 797 270 Xl.
834 231 965 270 CAP.
994 233 1069 274 25.
1100 235 1173 273 26.
1476 233 1564 273 507

113 348 304 388 'maioriss
324 345 441 384 Dici&
455 352 608 392 auctor,
628 358 786 382 numum
806 344 1067 383 Damaretium
1087 345 1254 382 valuisse
1281 343 1472 383 drachmis
1493 345 1562 381 At-

118 408 208 443 ticis
235 405 364 441 decem
383 408 423 440 et
441 405 482 440 in
499 402 666 452 pondere
682 401 873 449 habuisse,
897 402 998 439 unde
1018 408 1057 438 et
1075 400 1469 452 πεντηκονταλίτρου
1492 414 1563 438 ηο-

119 474 231 508 men,
268 462 376 498 litras
405 459 696 508 quinquaginta.
739 457 884 508 Λίτρα
915 458 1101 506 aequabat
1128 458 1282 495 obolum
1309 458 1559 508 Aeginaeum,

121 525 219 556 teste
247 516 454 554 Aristotele
475 515 574 564 apud
595 514 740 551 l'olluc.
765 513 834 550 lX.
859 516 954 562 81.;
994 517 1035 551 in
1053 526 1128 563 quo
1148 527 1234 550 cuni
1254 515 1388 551 obolus
1408 514 1560 551 Atticus

112 586 222 612 -unus
254 579 292 610 et
321 579 515 620 praeterea
542 573 624 607 eius
655 571 775 607 bessis
812 571 950 617 fuerit,
995 574 1062 607 s'eu
1095 572 1254 606 trientes
1285 571 1380 617 duo,
1425 583 1561 606 conse-

125 640 246 679 quens
265 634 346 674 est,
388 634 430 665 ut
450 628 493 664 in
511 639 581 664 sex
600 627 722 664 obolis
742 626 947 677 Aeginaeis
967 626 1088 663 Attici
1107 627 1256 663 fuerin-t
1274 626 1426 673 decem,
1462 633 1500 663 et
1518 628 1561 662 in

125 685 406 736 quinquaginta
435 683 641 734 Aeginaeis
674 682 793 719 Attici
830 684 1028 733 octoginta
1056 689 1142 719 tres·
1164 696 1251 720 cum
1279 685 1441 729 triente,
1478 684 1561 719 sive

124 743 274 779 Atticae
293 739 496 778 drachmae
513 740 593 776 fere
614 739 664 776 ad
687 739 992 788 quatuordecim:
1023 741 1151 776 Attica
1163 742 1274 776 -enim
1293 737 1473 776 drachma
1493 749 1564 775 sex

125 798 270 844 obolis,
297 799 528 844 uti2notum,
555 796 839 834 absolvebatur.
884 797 1005 840 Quam
1033 795 1296 832 difficultatem
1319 794 1494 845 Scaliger
1517 793 1564 830 de

123 853 188 892 Re.
210 852 396 890 Numaria
423 865 459 901 p.
490 855 529 894 8.
569 858 607 888 et
634 851 912 901 Barbeyracius
940 851 1088 888 Hister.
1118 850 1277 888 Foeder.
1306 852 1349 889 P.
1371 851 1399 888 Ι.
1428 864 1462 900 p.
1485 851 1561 890 91.

123 909 485 955 ῑιῐιἰιῐιῐιάνειΐεειήιιῐιῒι
508 911 663 957 optime.
716 906 825 944 Rich.
858 907 1055 945 Bentleius
1089 907 1252 945 Dissert.
1289 910 1331 945 in
1368 906 1563 944 Phalarid.

123 966 250 1016 Epist.
275 979 313 1015 p.
335 967 469 1012 457„
500 977 636 1002 numos
657 964 810 1001 Siculos
840 972 877 1002 et
907 963 1100 1001 Romanos
1129 966 1232 1002 inter
1261 977 1301 1001 se
1320 975 1567 1013 conponens,

122 1017 516 1073 πεντηκοντάλιτρον
536 1023 803 1070 aequiparasse
822 1028 953 1057 monet
971 1023 1138 1069 quinque
1160 1016 1378 1073 ὃεκάλιτρα
1393 1023 1474 1057 sive
1487 1018 1568 1055 Ro-

122 1090 324 1117 manorum
346 1077 524 1115 denarios
543 1077 715 1113 totidem.
746 1076 825 1114 Sed
847 1076 1020 1114 Siculum
1039 1073 1276 1129 δεκάλιτρον
1295 1083 1333 1113 et
1353 1083 1471 1113 stater
1494 1074 1570 1112 Co-

123 1134 292 1172 rinthius
313 1134 482 1172 eiusdem
502 1140 612 1170 erant
630 1135 787 1180 valoris,
804 1133 936 1170 eodem
959 1133 1166 1170 Aristotele
1187 1140 1342 1170 auctore
1359 1135 1400 1170 in
1421 1132 1568 1169 Polluc.

128 1189 200 1228 IX.
227 1192 298 1231 81.
337 1189 394 1226 In'
413 1196 552 1226 statere
574 1187 772 1226 Corinthio
793 1190 897 1227 oboli
917 1197 1026 1226 erant
1047 1189 1167 1226 Attici
1191 1189 1357 1226 sedecim
1378 1201 1465 1224 cum
1485 1188 1571 1225 bes-

115 1257 192 1294 -se3
228 1246 330 1283 unde
353 1241 596 1297 ὸέκάλιτρον
610 1247 692 1283 sive
706 1244 933 1283 ‘Corinthius
963 1253 1082 1283 stater
1101 1248 1223 1294 pretio
1245 1253 1283 1282 et
1304 1245 1471 1294 pondere
1502 1256 1571 1280 ex·-

128 1302 287 1340 cedebat
307 1301 401 1338 duas
423 1302 570 1338 Atticas
590 1301 811 1348 drachmas,
840 1315 936 1351 quae
956 1302 1158 1339 duodecim
1178 1309 1328 1339 tantum
1349 1301 1571 1343 obolorum:

114 1370 251 1407 ,neque
271 1357 366 1395 adeo
385 1357 456 1394 hac
473 1360 622 1394 ratione
645 1370 707 1395 res
728 1358 942 1406 expeditur.
978 1358 1079 1402 Quid
1099 1356 1217 1409 ergo(l
1247 1357 1292 1395 Si
1311 1358 1426 1394 dubio
1447 1362 1573 1403 caret,

127 1417 259 1452 litram
279 1420 317 1451 et
335 1414 488 1451 obolum
508 1414 756 1464 Aeginaeum,
787 1414 834 1451 de
854 1426 928 1463 quo
952 1414 1100 1462 loseph.
1123 1414 1299 1464 Scaliger
1318 1414 1574 1459 addubitavit,

118 1471 300 1509 .eiusdem
327 1471 448 1508 fuisse
477 1468 678 1519 ponderis,
717 1470 873 1508 videtur
900 1473 941 1508 in
962 1471 1093 1508 decem
1122 1470 1312 1508 drachmis
1333 1470 1474 1506 Atticis
1502 1468 1575 1505 hoc

129 1529 217 1565 loco
236 1527 383 1575 aliquid
407 1539 487 1563 esse
507 1527 615 1564 vitii:
656 1527 757 1575 quod
777 1533 886 1564 tanto
907 1528 1141 1575 probabilius
1163 1527 1334 1573 accidet,
1361 1525 1475 1563 modo
1504 1537 1577 1562 nu-

116 1596 214 1621 .mus
244 1596 382 1620 aureus
410 1583 575 1620 Parutae
596 1582 656 1620 'T.
685 1582 990 1633 XXXIV..11.‚
1019 1585 1118 1621 mole
1144 1591 1182 1620 et
1203 1583 1369 1632 pondere
1397 1582 1578 1632 insignis,

131 1642 269 1689 quippe
282 1641 435 1676 unciam
453 1652 540 1676 cum
560 1639 717 1676 dimidia
740 1646 777 1676 et
795 1642 924 1689 paullo
944 1642 1107 1689 amplius
1129 1640 1313 1690 pendens,
1334 1641 1384 1676 sit
1394 1637 1579 1675 Damare-

132 1703 232 1743 teuS,
265 1702 308 1732 ut
325 1708 405 1732 non
422 1697 504 1732 sine
524 1708 659 1732 caussa
679 1699 892 1745 suspicatus
911 1704 969 1733 est
984 1695 1040 1733 Cl.
1063 1695 1350 1745 Havercampus
1369 1693 1582 1732 Commeat.

133 1767 170 1804 p.
193 1752 301 1792 294.
338 1751 436 1788 Eius
457 1753 560 1788 enim
579 1752 727 1801 pondus
748 1754 1030 1803 quinquaginta
1048 1754 1156 1789 litras
1173 1753 1255 1789 fere
1276 1757 1486 1800 exaequat,
1511 1763 1580 1787 seu

122 1808 286 1846 Atticas
304 1806 504 1845 drachmas
523 1808 820 1858 quatuordecim.
863 1809 987 1857 Atque
1006 1809 1099 1846 haec
1118 1822 1226 1855 mea,
1261 1821 1341 1846 non
1363 1807 1580 1853 admodum,

135 1868 194 1903 uti
212 1865 395 1909 advertis,
414 1865 625 1913 explorata,
636 1864 709 1900 hoc.
732 1865 777 1901 de
798 1866 883 1902 loco
904 1868 1096 1907 sententia
1117 1865 1234 1902 sedet.
1261 1864 1305 1901 Id
1324 1865 1468 1900 certius
1488 1875 1582 1900 con-

135 1928 235 1968 stat,
275 1933 298 1957 a
316 1919 520 1957 Damarete
539 1923 646 1957 numi
666 1919 738 1958 hoc
757 1934 879 1971 genus
898 1935 1039 1958 nomen
1064 1922 1280 1958 abstulisse.
1331 1919 1470 1957 Testes
1492 1925 1583 1955 sunt

134 1985 286 2028 praeter
305 1976 519 2013 Diodorum
537 1975 670 2013 Critici
689 1983 840 2014 veteres
861 1978 907 2014 ad
928 1978 1089 2015 Pindari
1108 1978 1181 2014 Od.
1194 1977 1238 2014 11.
1251 1976 1420 2026 Olymp.‚
1440 1975 1583 2012 Eusta-

136 2034 243 2071 thius
265 2035 308 2070 in
325 2032 482 2070 Homer·
504 2045 539 2081 p-
565 2036 583 2072 1
597 2035 700 2073 567.
722 2033 942 2084 Hesychius
963 2041 1001 2071 et
1019 2034 1162 2071 Pollux
1181 2033 1222 2070 L.
1244 2033 1315 2070 lX.
1340 2035 1411 2073 85.
1437 2034 1504 2080 qui
1525 2038 1585 2068 ta-

135 2103 225 2128 men
252 2090 364 2126 ambo
395 2090 508 2125 aliam
537 2102 580 2126 ac
603 2088 798 2126 Diodorus
827 2093 910 2128 cusi
927 2091 1049 2127 ¹numi
1081 2103 1255 2127 caussam
1288 2089 1489 2134 adferunt,
1517 2087 1586 2124 sed

137 2150 265 2184 minus
284 2145 547 2194 probabilem:
582 2157 704 2194 neque
728 2149 831 2183 enim
855 2147 1040 2184 credibile
1059 2146 1124 2194 fit,
1157 2146 1343 2184 Gelonem
1366 2148 1405 2182 in
1428 2145 1586 2182 summis

137 2205 197 2241 rei
217 2203 459 2251 pecuniariae
487 2203 678 2267 angustiis
708 2209 835 2240 tantae
856 2205 969 2240 molis
989 2216 1145 2240 numum
1174 2204 1346 2240 voluisse
1375 2207 1587 2251 percutere,

140 2272 226 2296 cum
245 2260 404 2295 minutis
424 2260 626 2308 praecipue
647 2271 741 2306 opus
762 2267 884 2307 esset3
911 2259 1027 2308 quod,
1051 2262 1099 2296 si
1104 2260 1247 2297 Pollux
1265 2272 1401 2296 verum
1422 2257 1589 2304 doceret,

141 2314 427 2367 agnoscendum
449 2315 561 2352 foret.
590 2315 726 2352 Wnss.

254 2371 363 2410 424.
391 2372 432 2410 7.
463 2369 729 2422 Νενικηκέναι
749 2373 800 2425 τῇ
819 2386 842 2410 ν
846 2369 1058 2428 αυμαχιά]
1087 2338 1264 2409 blandiri
1280 2360 1408 2419 potest
1428 2368 1524 2420 Reg.
1545 2370 1589 2408 2.

143 2429 356 2475 scriptura,
387 2427 562 2475 quodque
581 2427 697 2474 νίκας
717 2427 941 2474 καλλίστας
963 2431 1079 2484 ιικᾷν
1100 2425 1198 2474 τοὺς
1226 2423 1469 2494 βαρβάρους
1490 2427 1592 2463 Plut.

145 2484 283 2521 Pericl·
311 2496 344 2532 p.
372 2484 474 2522 157.
493 2482 541 2522 Β.
564 2490 603 2520 et
622 2481 727 2523 ἔνθα
746 2480 823 2535 τὴν
840 2480 978 2536 μάχην
1000 2469 1111 2523 ἐνίκα
1131 2479 1408 2535 ΖΙἸιθριὸάτην
1429 2483 1591 2532 Appian.

146 2538 358 2576 Mithridat.
381 2551 417 2587 p.
434 2540 553 2587 402,
577 2543 739 2592 νικῆσαι
760 2539 1591 2591 nozgssmvgloseph.11.C.Apion-.c.16„

146 2591 318 2646 νικήσας
337 2592 412 2646 τὴν
434 2594 723 2643 ἐνΠλαταιαῖς
742 2593 880 2647 μάχην
901 2596 1044 2635 Noster
1063 2598 1154 2634 infr.
1175 2611 1207 2634 c.
1229 2598 1306 2637 46.
1330 2594 1465 2644 cupide
1481 2605 1593 2631 usur-

149 2654 289 2700 parint.
323 2650 401 2687 Sed
423 2664 500 2688 non
523 2659 580 2688 est
603 2656 877 2690 necessarium
924 2651 1204 2690 Conmutantur
1222 2653 1341 2698 haec,
1358 2659 1400 2688 ut
1420 2653 1462 2691 in
1486 2650 1593 2686 Orat.

151 2707 330 2745 'lhessali
360 2709 462 2744 inter
489 2707 710 2757 Hippocrat.
745 2723 860 2758 opera
888 2723 926 2758 p.
951 2711 1087 2750 1292.
1139 2711 1280 2748 Parum
1312 2720 1403 2758 ergo
1436 2705 1598 2755 provide

136 2764 396 2802 doctissimus
417 2762 624 2813 Xylander·
640 2765 733 2802 haec
753 2765 958 2802 Strabonis
980 2767 1027 2804 L.·
1045 2765 1090 2803 V.
1108 2779 1144 2815 p-
1157 2767 1275 2809 347.
1308 2737 1377 2800 deo
1380 2762 1599 2800 Hannibale

135 2819 241 2860 sime
238 2815 475 2872 -ἐκράτννσεν
506 2816 619 2870 ὅμως
642 2818 812 2874 νικήσας
839 2817 978 2874 μάχας
1007 2818 1189 2880 μεγαλας
1211 2818 1472 2886 Φλαμμίνιον
1494 2819 1601 2856 solli-

159 2879 313 2916 citasse
320 2876 1415 2916 ridetux.1Wr:ss.-
1467 2897 1471 2902 ·
