1828 3253
335 117 397 160 43
798 112 1316 154 ANNo'rA'rloNes

335 242 478 282 genera
497 228 698 278 descripsit
719 226 891 267 Theseus
928 230 1090 283 πρῶτος
1124 226 1348 298 ἀποκρίνας
1371 228 1501 281 χωρὶς
1528 227 1775 286 εὐπατρίδας

334 286 404 327 καὶ
431 280 666 338 ςεωιιόρους
694 284 761 323 καὶ
791 284 1082 338 δημιουργοὺς,
1110 285 1212 324 Plut
1241 291 1284 325 in
1310 285 1426 323 'lhes.
1445 301 1480 337 p.
1506 288 1576 327 11.
1597 287 1637 326 C.
1656 302 1680 326 a
1700 301 1773 339 quo

335 342 436 381 nihil
454 341 656 378 admodum
676 340 855 379 dissentit
875 341 1019 378 Plato
1008 356 1050 379 in
1071 341 1228 381 Timaeo
1251 358 1285 393 p.
1310 344 1384 383 24.
1405 342 1449 381 A.
1476 343 1610 381 lVEss.

451 398 524 437 33
546 398 618 437 94.
651 396 808 444 Οίτινες
835 393 1045 450 υπῆρχον]
1076 399 1184 437 lacit
1212 399 1329 436 Codd.
1356 400 1594 448 quorundam
1613 401 1776 450 scriptu-

336 467 404 501 ra,
433 460 478 491 ut
496 455 615 491 fuisse
634 453 695 491 hic
716 456 907 502 suspicer,
934 469 1033 494 01ch
1037 470 1076 502 ες
1096 453 1288 522 ἱεροποιοὶ
1306 451 1513 522 ὑπῆρχον,
1541 455 1583 495 ἐν
1612 455 1777 495 παιδεία.

336 507 517 562 μάλιστα
538 509 648 549 δἐιατ
633 505 852 563 ετριφότες.
910 507 1117 549 Praeerant
1135 515 1237 549 enim
1259 515 1377 550 sacris
1396 512 1649 562 Eupatridae,
1669 526 1776 549 man-

338 573 543 616 seruntque
564 569 604 604 in
624 579 708 604 sera
726 573 897 615 tempora
916 566 1120 605 Athenis‘
1107 568 1323 621 ιεροποιοὶ,
1352 575 1395 605 ut
1423 581 1472 605 ex
1495 568 1650 605 Polluce
1671 568 1774 608 Vin.

341 626 444 665 107.
474 636 585 660 nemo
604 626 769 674 ignorat.
827 622 991 670 Munus,
1019 624 1120 691 quod
1140 625 1317 672 obibant,
1345 623 1500 674 Ulpian
1529 628 1572 662 in
1601 625 1776 662 oratoris

335 680 497 719 Midian.
524 693 560 729 p.
591 681 695 719 352.
722 682 777 716 ita
816 679 1012 730 designat,
1051 678 1255 748 ἱεροποιὸν
1295 679 1339 719 de*
1379 682 1551 720 καλοῦσι
1579 678 1652 720 τὸν
1683 679 1777 720 ἔπο-

335 733 539 778 πτεύοντα
568 750 665 782 τους
692 731 858 786 μάντεις
886 734 951 775 ὅτε
977 732 1152 785 θύουσι,
1182 733 1323 789 μήπου
1353 736 1392 776 τὶ
1426 740 1706 790 naxov92c5mv
1730 735 1776 776 ἓν

336 799 429 839 ταῖς
448 796 506 832 θι·
511 791 638 838 σιάις,
667 792 733 828 sed
753 794 867 829 nimis
886 799 988 829 arte:
1019 794 1232 840 pertinebat
1253 793 1301 830 ad
1321 805 1451 830 eorum
1478 804 1608 831 curam
1626 799 1778 843 praeter

336 853 447 888 varia
470 849 678 895 sacrificia,
709 854 753 888 ut
773 861 880 886 sacra
898 851 971 886 rite
990 849 1147 897 fierent,
1174 849 1345 900 nihilque
1368 851 1539 897 abesset,
1569 857 1636 887 aut
1654 863 1778 897 secus,

337 914 452 956 atque
481 906 698 954 oportebat,
739 904 1092 953 administraretur,
1132 908 1250 944 sicuti
1274 908 1423 943 monuit
1457 905 1549 944 Des.
1585 905 1778 943 Heraldus

337 962 541 1000 Animadv.
569 964 610 998 in
639 961 703 998 Ius
733 960 812 998 Att.
843 969 880 998 et
910 960 1018 1000 Rom.
1045 961 1092 998 ΙΙ.
1126 963 1167 1001 3.
1199 970 1237 999 et
1264 969 1352 999 ante
1381 976 1467 1000 eum
1494 970 1625 1000 auctor
1644 962 1780 999 Lexici

335 1018 493 1058 Rhetor.
513 1020 554 1054 in
573 1016 844 1054 Montfalconii
861 1017 1044 1056 Biblioth.
1066 1016 1181 1055 Coisl.
1200 1032 1235 1068 p.
1256 1020 1364 1058 492.
1391 1018 1526 1067 Neque
1541 1018 1630 1056 huic
1650 1025 1778 1056 tamen

338 1076 550 1126 suspicioni
573 1075 735 1110 multum
766 1074 916 1121 tribuo,
952 1087 1038 1111 cum
1065 1076 1140 1123 ipsi
1166 1077 1208 1112 in
1238 1074 1390 1112 diversa
1416 1075 1555 1112 abeant
1585 1074 1678 1112 Mss.
1712 1076 1779 1124 qui

338 1134 466 1184 paullo
487 1137 576 1168 ante
595 1126 641 1169 τὸ
665 1131 747 1169 τῶν
766 1126 1005 1184 Ἰσορῥαίων
1029 1127 1108 1169 ἀνὰ
1125 1128 1253 1181 μέσον
1266 1128 1475 1184 Ἀραβίας.
1503 1130 1580 1169 Ubi
1600 1134 1633 1169 si
1649 1129 1778 1170 Ἰτου-

339 1189 489 1243 ραίων,
517 1187 617 1236 quod
641 1200 664 1224 a
681 1188 857 1237 vestigiis
874 1194 1072 1236 corruptae
1092 1188 1270 1224 lectionis
1302 1199 1417 1237 prope
1442 1189 1570 1235 abest,
1596 1188 1778 1238 refingas,

338 1245 616 1284 ostendendum
645 1245 741 1290 erit,
777 1243 946 1280 Ituraeos
978 1246 1054 1280 iam
1087 1245 1179 1280 olim
1205 1244 1501 1282 circumcidendi
1528 1257 1672 1281 morem
1689 1256 1778 1292 pro-

337 1304 448 1341 basse
462 1329 474 1349 ,
497 1314 608 1351 quem
635 1306 764 1337 tamen
791 1302 916 1337 victos
934 1301 980 1337 ab
1004 1300 1224 1337 Aristobulo
1244 1313 1323 1337 nou
1345 1302 1460 1351 longe
1481 1314 1503 1338 a
1524 1299 1686 1338 Diodori
1712 1313 1777 1337 ae-

336 1367 415 1405 tate
445 1358 633 1407 recepisse
671 1356 821 1393 demum
859 1369 907 1393 ex
936 1354 1093 1406 Iosepho
1133 1355 1241 1393 XIII.
1262 1357 1316 1393 A.
1345 1356 1373 1394 I.
1407 1360 1476 1397 11.
1507 1358 1547 1396 3.
1586 1359 1777 1394 novimus.

336 1417 480 1454 Verum
498 1427 589 1465 ergo
607 1415 688 1450 illic
710 1415 793 1452 τῶν
811 1411 1044 1458 Ἶουδαιέιιν,
1074 1413 1176 1461 quod
1196 1425 1282 1450 cum
1312 1414 1479 1450 librariis
1505 1413 1779 1450 eruditioribus

336 1472 440 1510 haud
459 1473 615 1517 lateret,
642 1482 800 1519 pravam
819 1484 843 1508 v
847 1483 951 1507 ocem
969 1472 1011 1506 in
1029 1468 1130 1506 hunc
1149 1471 1276 1507 locum
1301 1469 1567 1507 inculcandam
1595 1471 1665 1507 alii
1689 1482 1779 1506 cen-

338 1534 509 1566 suerunt.
565 1525 658 1564 Mox
678 1521 982 1593 διατετριφότες
1001 1539 1080 1563 non
1103 1526 1346 1564 movendum.
1385 1525 1489 1564 Ioan.
1517 1521 1777 1576 Chrysostom.

335 1581 429 1625 τότε
461 1583 504 1623 de*
534 1580 633 1623 710).x
615 1598 663 1622 υν
688 1578 841 1635 χρόνον
870 1581 1084 1634 ὁημοσιοις
1101 1577 1336 1635 πράῃιασιν
1362 1579 1690 1635 ἐνὸιατρίψας,’
1679 1595 1778 1627 ισως

337 1638 388 1681 ἂν
416 1639 483 1680 καὶ
513 1636 643 1695 ῥύπον
673 1636 843 1678 ποῖυν
832 1638 1167 1691 προσετρίψατο,
1195 1637 1278 1676 Lib.
1309 1638 1358 1675 ad
1378 1637 1776 1677 Vidu.1unior.'l.1.

337 1711 374 1748 p
398 1698 504 1738 349.
522 1696 567 1733 Α.
587 1695 676 1732 edit.
697 1694 895 1734 Montfalc.
925 1695 1058 1732 Wrzss.

451 1755 524 1793 33.
551 1753 590 1792 5
620 1749 706 1791 Τὸν
733 1749 810 1804 γὰρ
842 1750 1010 1804 Πέτην]
1051 1751 1259 1800 Exemplar
1285 1762 1404 1788 unum
1429 1747 1629 1818 Διῖπὲτην
1650 1720 1777 1798 habet,

338 1821 417 1849 non
446 1808 516 1849 Πέ
496 1824 599 1860 ετην.
660 1807 779 1856 Atqui
805 1807 998 1845 Homerus
1025 1810 1067 1845 in
1092 1806 1252 1845 Boeotia
1278 1821 1315 1845 v.
1347 1808 1449 1847 552.
1484 1803 1574 1854 υἱὸς
1607 1807 1776 1846 Πετεῶο

336 1868 453 1909 Mat
441 1862 597 1911 σθεὺς.
651 1862 752 1902 Nam
778 1877 847 1914 pro
876 1863 1016 1916 Πέτης
1046 1864 1187 1902 dicitur
1217 1865 1332 1900 etiam
1365 1858 1545 1909 Πετεώς
1597 1861 1778 1901 Fortasse

339 1930 467 1960 autem
495 1922 585 1959 hinc
616 1928 729 1960 natus
757 1933 885 1969 error,
917 1920 1018 1972 quod
1046 1922 1262 1969 scripsisset
1289 1918 1484 1957 Diodorus
1511 1916 1593 1959 τὸν
1614 1916 1693 1972 ρὰρ
1724 1912 1795 1972 δη,

337 1978 494 2031 Πέτην
533 1977 687 2017 STEPH.

452 2036 526 2075 33.
547 2038 586 2075 8.
611 2033 805 2087 Διφυους
835 2030 877 2072 ‹5'
911 2029 1038 2072 αὐτοῦ
1062 2027 1298 2085 γεγονότος]
1327 2031 1402 2069 Hic
1430 2033 1537 2070 locus
1554 2031 1650 2070 mihi
1667 2016 1778 2070 vide·-

339 2098 404 2129 tur
431 2093 497 2130 vel
523 2092 680 2129 mutilus
713 2092 778 2128 vel
810 2097 1010 2138 corruptus
1043 2092 1107 2127 vel
1134 2091 1301 2127 luxatus.
1361 2090 1455 2133 Quis
1482 2091 1584 2126 enim
1609 2101 1778 2138 unquam

339 2148 512 2195 audivit,
539 2154 606 2185 aut
623 2148 708 2197 quis
727 2148 891 2196 scripsit,
918 2145 1075 2193 Peteon,
1104 2145 1316 2183 Menesthei
1333 2152 1480 2196 patrem
1496 2146 1617 2182 fuisse
1635 2144 1777 2198 διφυῆ,

342 2205 501 2242 duarum
520 2210 743 2241 naturarum
771 2201 988 2239 hominem?
1045 2201 1154 2239 Certe
1185 2203 1231 2238 de
1260 2200 1425 2251 Cecrope
1445 2204 1567 2251 primo
1584 2201 1623 2238 id
1645 2214 1776 2238 omnes

340 2260 517 2298 historici
554 2261 811 2308 scripserunt,
848 2265 886 2295 et
913 2258 1012 2296 nihil
1040 2261 1170 2296 notius
1200 2265 1257 2294 est
1282 2261 1325 2295 in
1350 2265 1431 2295 tota
1454 2260 1680 2295 litteratura.
1724 2257 1777 2294 At

340 2316 457 2354 Peteo
475 2320 557 2354 sive
577 2316 715 2353 Peteus
735 2317 810 2353 fuit
829 2315 949 2352 Ornei
968 2315 1092 2362 filius,
1119 2313 1326 2351 Erechthei
1344 2327 1461 2364 nepos
1480 2316 1584 2365 regis
1607 2313 1776 2350 Athena-

341 2385 439 2421 rum,
472 2373 633 2411 testibus
651 2371 858 2409 Plutarcho
879 2374 921 2409 in
945 2370 1094 2409 Theseo
1121 2369 1176 2437 (p
1192 2372 1260 2411 15.
1272 2368 1334 2422 Β.)
1363 2365 1587 2408 Pausania'
1576 2383 1619 2407 m
1636 2370 1775 2407 Atticis

343 2427 536 2482 (Corinth.
553 2444 586 2468 c.
609 2429 683 2469 25.
704 2442 740 2478 p.
764 2425 886 2480 168.)
909 2427 1110 2465 Eustathio
1136 2429 1178 2465 in
1201 2426 1308 2464 Iliad.
1338 2426 1389 2465 B.
1421 2428 1460 2463 et
1487 2428 1598 2474 aliis,
1632 2426 1679 2462 de
1701 2438 1774 2475 quo

342 2487 471 2522 nullus
512 2488 665 2535 scripsit
704 2498 789 2522 eum
828 2486 946 2523 fuisse
986 2484 1126 2538 ὸιᾳυη
1174 2482 1282 2520 Adde
1309 2482 1409 2531 quod
1448 2485 1605 2520 inverso
1640 2482 1774 2521 ordine

342 2539 415 2579 hoc
441 2543 524 2579 loco
555 2547 804 2579 memoratur:
841 2554 931 2578 nam
959 2547 1045 2590 post
1070 2542 1180 2577 illum
1209 2540 1254 2576 de
1282 2537 1497 2576 Erechtheo
1526 2540 1647 2576 multo
1673 2540 1776 2576 anti·-

344 2600 475 2646 quiore
514 2604 662 2635 tractat.
718 2597 802 2648 Ego
842 2599 975 2644 procul
1005 2597 1117 2633 dubio
1146 2598 1270 2633 locum
1305 2594 1405 2632 hunc
1441 2595 1664 2633 mendosum
1692 2605 1775 2631 esse
1827 2591 1828 2600 ³

343 2656 407 2692 vel
435 2656 608 2691 luxatum
634 2654 760 2690 credo.
817 2652 894 2690 Sed
924 2655 1006 2689 sine
1047 2666 1115 2702 ope
1152 2653 1515 2700 manuscriptorum,
1548 2664 1643 2701 quae
1681 2649 1776 2688 mihi

344 2710 505 2757 desunt,
538 2724 624 2747 eum
655 2723 788 2747 sanare
818 2709 977 2760 aggredi
1006 2722 1085 2746 non
1112 2708 1244 2745 audeo.
1283 2707 1466 2746 PALMER.
1524 2707 1559 2744 A
1595 2707 1776 2744 Palmerii

343 2769 533 2804 sententia
553 2766 652 2804 nihil
668 2764 873 2805 admodum
895 2764 1040 2803 recedit
1058 2763 1110 2803 10.
1132 2761 1336 2804 Marsham.
1371 2761 1515 2802 Canon.
1534 2761 1714 2802 Chronol.
1737 2775 1773 2812 p.
