1828 3253
340 41 435 83 690
664 86 667 87 ⁷
803 36 1327 78 ANNOTATloNES

343 159 469 191 morat
501 162 650 201 quoque
672 149 891 189 Athenaeus
914 149 957 187 L.
979 150 1006 188 1.
1032 152 1072 190 3.
1103 157 1142 187 et
1164 153 1247 188 eius
1275 151 1405 189 verbis
1438 149 1579 188 Suidas
1598 152 1639 188 in
1661 148 1790 202 Ἀθη-

346 214 483 254 ναῖος,
513 209 649 255 quihus
681 207 854 253 Τελλίας
879 214 957 253 est,
986 210 1273 244 amanuensium
1296 215 1460 257 peccato.
1491 206 1553 244 Tu
1573 207 1662 248 vide
1683 220 1790 247 rarae

348 266 575 302 eruditionis
596 265 723 300 virum
742 263 785 302 P.
800 263 1036 312 Leopardum
1048 263 1246 300 Emendat.
1260 264 1341 300 Lib.
1355 263 1449 302 ΧΗ.
1472 264 1558 312 15.,
1573 264 1638 301 ubi
1649 262 1794 302 Valerii

351 330 388 358 et
416 320 606 358 Athenaei
635 321 719 356 loca
748 333 833 356 cum
854 319 1024 356 Diodoro
1052 320 1348 358 contenduntur.
1379 319 1513 357 wass.

464 378 572 416 608.
602 376 675 415 99.
708 375 793 415 Καὶ
817 373 1121 425 Πολύκλειτος]
1164 376 1389 426 Polycletus
1418 375 1639 412 Larissaeus
1659 373 1796 411 Histo-

348 435 450 478 rias,
478 445 637 481 quarum
656 432 698 468 L.
720 431 821 469 Vlll.
843 434 937 468 citat
956 431 1174 469 Athenaeus
1204 432 1246 471 L.
1271 432 1363 469 Xll.
1385 445 1419 480 p.
1449 433 1576 478 53⁹„
1600 445 1622 468 a
1643 444 1682 468 se
1703 444 1796 467 con-

354 491 454 526 ditas
473 491 651 538 reliquit:
683 490 850 525 incertae
878 490 1033 534 aetatis,
1059 491 1091 526 si
1113 488 1159 525 G.
1184 488 1236 525 lo.
1256 490 1436 526 Vossium
1456 487 1498 524 L.
1522 487 1588 524 111.
1627 488 1672 523 de
1693 486 1796 524 Hist.

356 546 492 582 Graec.
514 558 549 592 p.
571 545 677 584 405.
708 544 841 590 audis,
868 546 1055 594 scriptor,
1085 547 1117 582 si
1146 544 1220 583 Th.
1246 544 1491 591 Reinesium,
1518 543 1729 580 Alexandri
1756 545 1798 580 in

356 602 599 651 expeditione
632 600 764 637 Indica
795 614 933 639 comes,
975 600 1058 651 Ego
1086 615 1178 638 vero
1207 614 1229 638 a
1250 602 1385 638 vossio
1416 607 1551 638 contra
1578 598 1802 636 Reinesium

358 667 438 695 sto:
471 671 558 694 nam
582 669 676 705 quae
697 657 922 693 adferuntur
940 656 1063 705 Epist.
1082 657 1249 694 XXVII.
1268 671 1301 707 p.
1325 659 1429 698 316.
1450 657 1496 694 ad
1522 656 1694 705 Rupert.,
1713 661 1801 691 tan-

358 721 439 750 tum
461 714 621 761 probare
642 720 730 760 apta
751 720 861 760 sunt,
892 713 1129 763 Polycletum
1160 714 1205 749 dc
1224 715 1338 750 rebus
1361 713 1576 750 Alexandri
1603 719 1642 749 et
1660 711 1803 748 Indicis

360 770 543 819 quaedam
563 782 644 805 esse
664 775 960 806 conmentatum.
991 769 1100 813 Quod
1119 777 1245 806 autem
1265 770 1405 807 ibidem
1425 770 1656 807 adstruitur:
1686 767 1805 817 Poly-

362 828 516 872 cletum,
541 839 651 876 quem
671 826 824 874 allegat
841 824 1043 863 Diodorus
1065 825 1222 863 Siculus
1242 826 1324 862 Lib.
1351 825 1486 864 XIII.
1509 827 1549 862 in
1571 824 1686 862 rebus
1709 824 1805 861 Gel-

362 885 444 920 liue
474 883 749 931 Agrigentini,
779 882 892 931 longe
923 890 1015 920 aute
1036 882 1198 929 ficis-se:
1235 883 1427 919 militasse
1460 883 1560 918 enim
1591 882 1629 918 in
1661 879 1805 917 Sicilia

362 942 474 976 circa
502 938 653 989 Olymp.
673 949 786 985 XCII,
814 946 853 976 et
871 941 1016 976 vidisse
1039 940 1179 976 cella-m
1200 941 1401 976 vinarium
1420 940 1535 975 istius
1561 937 1716 974 Gelliae
1738 938 1808 974 do-

362 997 496 1046 liaque
516 998 553 1032 in
574 1008 621 1031 ea
642 994 922 1046 anaphorarum
944 1002 1109 1041 centum,
1133 995 1173 1032 id
1193 994 1288 1032 mihi
1311 996 1556 1032 conclusione
1576 993 1738 1041 quadam
1758 1004 1808 1028 ex

363 1054 460 1089 cella
488 1053 640 1089 vinaria
673 1059 711 1088 et
741 1051 1018 1102 Agrigentinae
1047 1053 1152 1088 urbis
1185 1051 1359 1097 excidio,
1390 1052 1464 1087 etsi
1495 1063 1574 1086 non
1603 1049 1808 1087 admodum

363 1109 620 1156 persuasibili,
647 1109 859 1144 confecisse
880 1110 941 1145 vir
959 1108 1203 1145 doctissimus
1221 1107 1385 1145 videtur.
1418 1107 1549 1144 Potuit
1569 1107 1673 1143 enim
1692 1105 1809 1155 Poly-

363 1166 485 1201 cletus
514 1165 644 1200 multis
673 1171 759 1213 post
779 1164 1030 1214 Agrigentum
1060 1177 1082 1201 a
1107 1163 1248 1200 Poenis
1275 1177 1450 1200 eversum
1470 1164 1583 1200 annis
1611 1164 1653 1199 in
1675 1160 1810 1198 Sicilia

362 1223 528 1258 militare
556 1227 593 1256 et
611 1222 746 1257 cellam
767 1233 848 1257 eam
869 1221 1012 1257 videre.
1051 1220 1223 1269 Namque
1243 1220 1333 1256 urbs
1361 1222 1414 1256 ita
1432 1219 1603 1255 desolata
1623 1231 1701 1254 non
1721 1218 1810 1263 fuit,

363 1281 457 1326 quin
499 1278 618 1313 multa
651 1279 794 1313 veteris
832 1277 1141 1327 magnificentiae
1168 1283 1393 1326 argumenta
1422 1275 1624 1312 durarent:
1657 1273 1707 1311 ad
1735 1273 1809 1310 hoc

365 1335 461 1370 cella
482 1335 550 1370 illa
571 1345 619 1368 ex
639 1345 733 1369 saxo
757 1341 838 1369 erat
859 1336 1008 1379 excisa,
1036 1345 1157 1381 neque
1177 1333 1287 1379 adeo,
1317 1334 1393 1368 nisi
1410 1344 1550 1381 magno
1570 1343 1695 1380 opere,
1724 1342 1810 1367 cor—

363 1390 489 1438 rumpi
509 1391 655 1437 potuit3
687 1397 881 1436 praeterea
901 1402 949 1425 ex
967 1391 1090 1426 ruinis
1111 1389 1363 1438 Agrigentum
1383 1389 1579 1436 paullatim
1597 1386 1811 1424 recidivum

365 1448 578 1490 succrevit,
604 1457 817 1492 nomenque
846 1445 998 1494 aliquod
1029 1446 1130 1481 inter
1151 1445 1304 1481 Siculas
1335 1445 1513 1480 civitates
1541 1449 1695 1480 nactum
1723 1443 1810 1480 fuit.

366 1504 473 1546 Quae
502 1501 654 1549 quidem
683 1514 705 1538 a
738 1515 795 1538 me
815 1503 1032 1549 inpetrant,
1067 1509 1110 1538 ut
1132 1508 1170 1538 et
1190 1500 1260 1538 hac
1279 1503 1320 1538 in
1340 1507 1447 1549 parte
1476 1500 1522 1536 ab
1552 1499 1812 1536 eruditissimo

364 1557 545 1595 Reinesio
571 1558 817 1602 dissentiam,
849 1556 1163 1607 Polycletumque
1187 1556 1430 1594 Larissaeum
1450 1569 1535 1594 eum
1563 1568 1645 1593 esse
1665 1557 1815 1604 opiner,

362 1615 408 1651 de
429 1626 503 1662 quo
523 1612 726 1650 Diodorus.
758 1614 894 1650 lVEss.

478 1672 583 1710 608.
617 1671 686 1709 13.
722 1668 788 1708 'Er
810 1667 896 1708 ἔθει
917 1665 995 1721 γὰρ
1016 1664 1116 1708 sivae
1135 1673 1222 1715 τοῖς
1236 1666 1565 1720 Ἀκραγαντίνοις
1589 1667 1693 1717 etc.]
1727 1666 1814 1705 Hoc

365 1726 519 1774 quidem
539 1733 717 1774 peracute
749 1726 915 1763 Gellias:
947 1728 1014 1773 qui
1041 1739 1127 1762 cum
1146 1727 1222 1762 alio
1252 1733 1420 1773 tempore
1447 1724 1640 1762 hominem
1663 1724 1815 1771 durum,

367 1792 404 1820 et
425 1783 651 1832 deparcum,
681 1790 720 1819 et
746 1785 815 1820 vix
847 1789 993 1819 tantum
1019 1784 1199 1829 temporis
1227 1784 1371 1827 servis,
1400 1788 1442 1818 ut
1463 1788 1580 1818 noctu
1602 1781 1815 1828 interquie-

366 1847 538 1884 scerent,
572 1839 876 1886 contionantem,
905 1837 1071 1886 hospitio
1089 1840 1325 1886 excepisset,
1354 1840 1575 1880 convocatis
1594 1844 1680 1884 post
1699 1850 1814 1886 pran-

365 1895 471 1932 dium
492 1897 720 1932 famulorum
752 1908 907 1932 suorum
926 1897 1054 1942 pueris
1082 1907 1200 1937 nuces
1221 1901 1258 1930 ct
1289 1895 1383 1930 ficus
1415 1894 1645 1931 distribuere
1666 1895 1815 1942 coepit3

365 1953 433 1988 illo
455 1965 548 1989 vero
572 1958 756 2001 rogante,
785 1947 918 1990 πόθεν
942 1949 1085 1988 παιδία
1116 1953 1323 1996 τοσαῦτας
1352 1952 1514 1995 ταῦτα,
1537 1946 1635 2002 ἔφη,
1665 1946 1703 1987 οἳ
1723 1947 1821 1999 ἐμοὶ·

366 2006 517 2046 οἰκέται
549 2005 589 2044 ἕν
610 2007 696 2053 νυξὶ
725 2009 911 2053 ποιοῦσι,
938 2020 1016 2043 non
1035 2010 1162 2043 minus
1188 2007 1328 2043 festive
1360 2018 1405 2042 ex
1425 2004 1559 2042 serini
1576 2004 1816 2049 Memorabil-

365 2065 407 2100 in
428 2063 481 2100 lo.
505 2063 709 2100 Stobensis
729 2063 864 2101 Floril.
898 2062 976 2100 Tit.
1000 2073 1066 2098 Lx.
1087 2075 1121 2111 p.
1147 2063 1251 2103 385.
1284 2062 1419 2099 VVESS.

480 2121 585 2159 609.
607 2120 681 2159 30.
713 2119 797 2158 Καὶ
818 2123 904 2164 τοῖς
922 2118 985 2157 ἐπὶ
1009 2121 1091 2157 τῶν
1114 2117 1393 2171 ἐργαστηρίων
1415 2115 1552 2167 ἔδωκε]
1584 2117 1647 2155 Ex
1664 2117 1819 2161 Veneto>

366 2174 557 2213 defectum
580 2178 745 2224 explevi.
780 2173 831 2215 Οἱ
854 2173 915 2213 ἐπὶ
937 2177 1020 2214 τῶν
1042 2174 1318 2227 ἐργαστηρίων
1337 2182 1426 2212 sunt
1447 2174 1687 2211 officinarum
1707 2187 1815 2223 prae-

362 2234 503 2280 positi,
527 2232 664 2280 quibus
690 2234 836 2269 assulas
856 2238 893 2268 et
920 2239 1113 2268 sarmenta
1135 2231 1251 2276 dedit,
1274 2239 1328 2277 ut,
1357 2231 1423 2267 ubi
1444 2230 1631 2268 flammam
1656 2243 1703 2266 ex
1726 2243 1813 2266 arce

361 2289 636 2334 promicantem
658 2288 854 2333 viderent,
885 2289 1015 2338 ignem
1035 2299 1104 2336 per
1136 2300 1266 2324 omnes
1285 2300 1371 2324 aras
1391 2287 1658 2324 accenderent.
1690 2286 1814 2323 lnter-

362 2355 449 2392 pres
469 2345 572 2381 aliud
594 2347 796 2392 spectavit.
826 2344 960 2381 Wess.

479 2402 583 2441 609.
613 2401 688 2439 40.
729 2400 908 2446 Πλειόυς
929 2402 1012 2439 τῶν
1037 2397 1289 2451 δισμυρίων]
1326 2398 1400 2436 His
1420 2402 1616 2450 ingentem
1634 2398 1812 2435 mendam

363 2456 491 2493 inesse
511 2460 661 2494 monuit
689 2455 756 2492 Ph.
784 2455 986 2494 Cluverius
1016 2455 1124 2494 Sicil.
1150 2456 1281 2505 Antiq.
1304 2455 1344 2492 L.
1367 2455 1394 2492 l.
1414 2470 1448 2505 p.
1475 2456 1599 2501 205„
1618 2455 1811 2492 medicina

363 2514 551 2563 neglecta.
583 2513 623 2550 S.
652 2511 863 2550 Bochartus
891 2512 999 2550 Phal.
1031 2513 1071 2550 L.
1093 2512 1156 2549 IV.
1178 2514 1252 2552 20.
1288 2526 1323 2561 p.
1349 2513 1455 2551 253.
1496 2518 1534 2548 et
1563 2511 1607 2547 de
1627 2511 1808 2548 Phoenic.

364 2566 446 2606 Col.
466 2568 510 2608 L.
534 2569 563 2606 I.
583 2570 658 2609 29.
688 2582 723 2618 p.
747 2570 850 2608 553.
880 2575 919 2606 et
937 2569 1110 2606 mendam
1132 2568 1407 2606 animadvertit
1424 2575 1462 2604 et
1482 2570 1665 2617 corrigit,
1690 2566 1807 2605 ὁέκα-

361 2628 608 2677 κισμυρίων,
639 2627 662 2661 i.
686 2639 718 2664 e.
750 2627 881 2663 decem
900 2625 1164 2675 71ty7·ia(libu8‚
1190 2626 1381 2661 scribens:
1416 2626 1474 2661 cui
1505 2624 1656 2673 quidem
1675 2623 1805 2659 favere

358 2693 420 2717 res
439 2682 594 2718 videtur
610 2684 715 2729 ipsa:
743 2694 831 2719 nam
852 2683 1070 2720 verosimile
1096 2683 1228 2730 paucis
1246 2683 1342 2727 erit,
1373 2693 1504 2718 servos
1526 2687 1563 2716 et
1582 2682 1804 2728 peregrinos
