1828 3253
351 205 412 244 lN
441 204 553 246 LIB.
584 203 711 244 XIV.
738 204 864 243 CAP.
895 206 1120 247 31.—33.
1373 206 1464 248 745

133 318 238 360 667.
263 317 338 358 41.
364 314 484 370 Πρὸς
503 331 600 364 τους
619 316 708 370 περὶ
733 313 1047 370 Θρασύβουλον,
1072 318 1263 385 φανερῶς
1280 313 1356 369 μέν
1374 316 1469 371 περί

22 389 84 415 τιν
88 390 143 415 ων
158 382 228 412 etc.
238 375 254 424 ]
287 374 362 411 Hic
382 376 456 411 tale
477 376 668 423 quippiam
689 374 939 421 desideratur,
968 371 1073 425 πρὸς
1093 371 1139 413 ὃν
1161 374 1228 412 καὶ
1249 371 1362 426 παρὰ
1382 377 1466 413 τῶν

21 427 241 481 τριάκοντά
263 444 368 476 τινες
391 427 695 481 ἀπεστάλησαν.
738 430 788 467 Et
808 432 920 480 paulo
942 437 1027 478 post
1058 443 1125 478 pro
1161 407 1392 480 σιμβουλεῦ
1397 445 1467 477 ειν,

23 482 412 538 συμβουλεύσοντες.
440 485 574 522 RHOD.
621 485 804 523 Defectus
825 500 962 524 vocum
981 486 1218 536 quarundam
1239 487 1466 523 manifestus

22 550 93 580 est.
117 543 254 580 Franc.
271 542 470 579 Fabricius
492 542 621 578 deesse
641 543 796 590 putabat
816 543 863 580 ad
888 543 1067 579 orosium
1089 542 1130 578 Ι.
1156 542 1205 578 ll.
1232 544 1300 582 17.
1328 535 1465 593 ‘es-7307

23 598 68 638 δὲ
97 599 164 638 καὶ
190 595 270 637 ἀπὸ
303 612 386 637 των
416 594 651 648 τριάκοντά
665 613 790 645 weg,
819 605 885 636 aut
904 598 963 635 his
982 600 1134 635 similia.
1182 598 1232 635 At
1252 598 1466 635 l’almerius

22 656 96 692 ita:
130 655 244 693 Inter
266 649 567 705 Θρασύρὀιλον
586 661 627 691 et
644 657 833 707 φανερῶς
856 657 996 692 desunt
1014 655 1164 706 procul
1182 655 1295 692 dubio
1315 655 1465 691 multa:

21 711 250 757 verborum,
281 723 382 760 quae
405 712 564 755 desunt,
593 713 792 748 sententia
804 711 918 758 fuit,
948 713 1135 760 quosdam
1167 717 1208 747 et
1227 724 1246 748 e
1271 721 1374 747 XXX
1405 717 1467 760 ty-

23 770 164 806 rannis·
185 768 305 803 etiam
324 767 471 804 adiisse
498 766 793 817 Thrasybulum.
835 768 975 804 Statim
995 774 1119 803 autem
1141 761 1472 816 συμβουλεύσον-

23 838 90 870 τες
118 825 326 860 orationem
345 824 553 872 requirere,
581 835 659 860 non
679 824 779 874 fugit
801 822 848 860 H.
873 821 1120 870 Stephanum.
1147 822 1288 859 lVEss.

138 880 244 920 668.
279 879 350 918 59.
382 878 552 924 λίλιόυς
578 879 645 918 καὶ
669 878 918 925 διακοσίους]
953 878 1150 916 Ducentos
1169 881 1314 915 omittit
1335 877 1472 915 Xeno-

22 933 148 984 phon,
177 946 289 983 quem
316 934 381 972 adi
400 934 552 973 Hellen.
570 935 616 972 ll.
649 948 686 984 p.
711 937 817 976 368.
850 943 888 972 et
918 933 1032 973 Corn.
1062 935 1250 983 Nepotem
1279 933 1471 986 Thrasyb-

25 1004 59 1030 c.
84 994 125 1031 2.
156 991 295 1028 VVEss.

136 1050 241 1088 668.
271 1048 343 1087 70.
373 1044 544 1100 Κριτίου
564 1043 790 1097 πεσόντος]
819 1045 969 1084 Cecidit
988 1059 1066 1085 una
1087 1060 1173 1084 cum
1193 1045 1472 1096 Hippomacho,

23 1103 242 1153 tyrannidis
262 1105 422 1154 collega,
445 1109 541 1139 teste
561 1103 832 1153 Xenophonte.
863 1103 906 1139 In
925 1102 1046 1141 Critia
1065 1103 1191 1140 fuerat
1210 1102 1473 1151 philosophiae

24 1160 191 1197 studium
213 1166 251 1196 et
272 1159 426 1197 dicendi
449 1158 547 1196 haud
577 1160 781 1197 mediocris
808 1160 996 1207 facultas,
1028 1159 1094 1196 sed
1118 1171 1214 1208 quae
1234 1159 1334 1196 bona
1353 1159 1476 1196 ambi-

26 1217 131 1253 tione
151 1217 270 1254 nimia
290 1222 328 1252 et
346 1217 464 1252 animi
483 1218 686 1252 atrocitate
706 1218 887 1264 corrupit.
931 1214 989 1252 De
1015 1222 1136 1253 morte
1161 1217 1242 1253 eius
1268 1214 1361 1252 haec
1382 1214 1475 1252 Phi-

24 1272 207 1309 lostratus
230 1271 272 1308 L.
303 1271 332 1308 Ι.
372 1271 401 1308 V
406 1272 448 1310 it.
481 1270 696 1321 Sophistar.
730 1285 762 1308 c·
789 1274 856 1312 16.
881 1272 921 1311 3.
963 1269 1147 1311 ἀπέθανε
1177 1269 1254 1322 μὲν
1289 1264 1362 1309 οὖν
1391 1265 1472 1309 ὖπό

23 1330 107 1367 τῶν
128 1326 236 1380 ἀμφι
261 1323 585 1394 Θρασύβορλον,
616 1326 661 1367 οἰ
683 1329 861 1379 κατῆγον
883 1324 963 1366 ἀπὸ
986 1329 1120 1395 φυγῆς
1139 1324 1212 1366 τὸν
1233 1326 1378 1378 δῆμον.
1406 1326 1477 1365 ὁο-

25 1388 90 1423 κεῖ
104 1381 139 1422 δ’
174 1382 292 1429 ἐνίοις
313 1380 416 1435 ἀνὴρ
449 1380 613 1435 ἀγαθὸς
631 1381 823 1449 γενέσθαι
852 1380 966 1435 παρὰ
989 1380 1064 1434 τὴν
1093 1380 1308 1434 τελευτὴν,
1338 1379 1475 1434 ἐπειδὴ

29 1438 210 1507 ἕνταφίῳ
238 1441 289 1493 τῇ
310 1438 519 1491 τυραννίδι
549 1435 768 1504 ἐχρήσατο.
798 1437 888 1492 ἐμοὶ
918 1437 962 1478 de*
982 1435 1293 1492 ἀποπεφάνθαι,
1315 1436 1479 1490 μηδένα

26 1491 264 1548 ἀνθρώπων
295 1496 432 1540 καλῶς
451 1493 640 1534 αποθανε
644 1500 681 1534 ἴν
711 1491 815 1548 υπέρ
846 1493 903 1533 ὡν
923 1492 997 1534 οὔκ
1027 1493 1171 1548 ὀρθῶς
1195 1494 1335 1533 είλετο.
1372 1493 1478 1531 Satis

27 1552 180 1601 quidem
211 1552 275 1588 ille
294 1557 468 1588 venuste.
515 1551 604 1589 Nisi
630 1558 757 1588 tamen
786 1552 922 1597 fallor,
952 1553 1037 1588 leve
1067 1551 1248 1588 mendum
1280 1550 1373 1587 haec
1395 1552 1478 1587 eius

26 1609 144 1646 verba
166 1609 379 1656 occupavit,
408 1621 493 1644 cum
512 1614 624 1645 antea
644 1608 830 1656 scriptum
847 1605 1027 1644 fuisset'
1005 1605 1086 1646 απὸ
1115 1608 1270 1658 Φυλῆς.
1300 1606 1357 1643 Ita
1377 1609 1479 1643 enim

29 1665 154 1701 solent
179 1677 222 1700 ea
251 1665 292 1700 in
319 1676 374 1700 re.
425 1663 635 1700 Aeschines
662 1665 705 1700 in
728 1661 964 1711 Ctesiphont.
993 1676 1029 1713 p.
1053 1665 1124 1704 81.
1153 1665 1423 1714 epigramma,
1455 1659 1479 1702 ὃ

28 1718 313 1772 ἐπιγέγραπται
336 1723 422 1766 τοῖς
451 1716 531 1758 ἀπὸ
563 1720 705 1770 Φυλῆς
726 1716 799 1757 τὸν
819 1719 953 1770 ὸῆμον
974 1721 1265 1772 καταγαγοῦσι.
1304 1718 1481 1755 Clemens

28 1776 238 1813 Alexandr.
269 1774 453 1813 stromat.
485 1775 526 1813 L.
560 1776 589 1813 l.
619 1788 654 1823 p.
678 1777 783 1815 418.
824 1773 930 1813 ἀλλὰ
960 1790 1028 1814 και
1061 1770 1350 1841 Θρασυβούλῳ
1382 1772 1481 1822 τοὺς

30 1827 278 1878 ἐκπεσόντας
298 1846 377 1870 απο
407 1832 524 1870 mv).
489 1845 551 1882 ης
571 1846 700 1899 καταγ
704 1847 742 1869 α
732 1827 803 1883 κόν
806 1845 842 1869 τι
861 1838 932 1869 etc.
959 1838 996 1869 et
1014 1834 1155 1882 passim
1176 1833 1257 1870 alii.
1289 1831 1424 1868 VVEss.

144 1884 458 1929 668-85'11‘2
480 1890 554 1939 τῆς
574 1883 651 1926 πό)
656 1901 729 1932 ειυς
751 1885 1005 1936 ἐξέπεμψαν,
1041 1886 1138 1926 δέκα
1162 1884 1196 1925 d'
1225 1884 1379 1938 ἄνδρας
1403 1901 1480 1925 κα-

30 1941 262 1995 τέστησαν]
293 1954 397 1981 XXX
421 1951 611 1993 tyrannos
630 1945 830 1993 emigrare
860 1943 1050 1981 Eleusina
1073 1943 1227 1990 iubent,
1257 1944 1482 1981 substitutis

31 2002 186 2047 decem,
222 2001 291 2050 qui
320 2001 599 2052 rempublicam
637 2014 704 2049 roe
687 2006 850 2045 er‚·ent
888 2002 956 2050 qui
987 2000 1087 2038 nihil
1121 2000 1295 2050 exemplo
1320 2001 1480 2052 prioris

31 2058 311 2095 dominationis
353 2059 490 2094 territi
517 2029 704 2095 emzdem0
716 2058 822 2093 viam
853 2057 1106 2094 czudelitatzs
1143 2058 1218 2105 adg,
1210 2058 1330 2093 ressi
1363 2063 1479 2093 sunt:

32 2115 88 2150 sic
107 2114 187 2150 fere
217 2112 390 2150 lustinus
420 2113 461 2150 L.
487 2111 531 2149 V.
557 2115 626 2153 10.
673 2112 718 2149 ln
747 2113 882 2160 quihus
911 2113 1063 2162 quidem
1082 2121 1112 2148 x
1144 2113 1241 2150 viris
1270 2113 1361 2149 lecti
1388 2118 1480 2148 sunt

35 2182 84 2206 ex
101 2171 263 2220 collegio
283 2178 376 2205 xxx
394 2171 508 2207 vitali
529 2169 652 2206 Phido
681 2176 719 2205 et
741 2168 1038 2215 Eratosthenes,
1062 2176 1256 2217 praeterea
1273 2167 1480 2217 Hippocles

35 2232 73 2262 et
93 2224 322 2274 Epichares‚
352 2226 454 2273 quod
474 2238 538 2262 eos
569 2226 746 2262 exulibus
778 2227 934 2273 inpense
956 2226 1107 2262 studere
1134 2231 1336 2274 putarent,
1363 2238 1408 2262 ea
1426 2232 1483 2261 ta-

35 2294 124 2318 men
144 2282 322 2330 opinione
343 2282 454 2329 falsi,
478 2288 521 2318 ut
550 2281 686 2331 Lysias
710 2282 776 2318 Or.
801 2281 888 2318 adv.
922 2280 1166 2319 Eratosthen.
1187 2294 1218 2317 c.
1251 2281 1321 2321 14.
1353 2288 1484 2317 osten-

39 2338 109 2374 dit.
147 2336 237 2374 Fuit
255 2349 304 2373 ex
331 2338 466 2374 iisdem
488 2340 601 2374 etiam
628 2336 806 2382 Rhinon,
835 2337 880 2373 de
901 2350 974 2387 quo
995 2337 1181 2374 Isocrates
1211 2337 1371 2385 Except.
1393 2337 1480 2374 adv.

39 2392 323 2430 Callimachum.
360 2394 456 2430 Vide
478 2393 664 2431 Maussac.
686 2393 733 2430 ad
756 2392 983 2442 Harpocrat.
1005 2396 1046 2431 in
1069 2388 1212 2433 Ῥίνων
1241 2400 1279 2431 et
1300 2393 1347 2430 H.
1360 2393 1485 2430 Vales.

38 2448 239 2485 Emendat.
261 2448 302 2485 L.
322 2448 349 2485 Ι.
372 2451 444 2489 33.
481 2450 616 2486 ἲνΕεε.

152 2507 256 2546 668.
299 2506 371 2545 89.
416 2503 532 2545 'Anci
564 2503 888 2555 Λιικεδιιιᾷιοιιος
914 2501 1218 2555 τετταράκοντα
1247 2507 1349 2550 ναῦς
1381 2501 1481 2555 etc.]

39 2559 189 2598 Phidon
210 2563 291 2609 ipse
317 2561 636 2599 Lacedaemonem
661 2562 854 2609 profectus
879 2568 958 2608 est,
991 2569 1193 2610 mutuaque
1215 2563 1375 2611 sumpsit
1395 2574 1485 2597 cen-

40 2623 120 2653 tum
145 2618 289 2654 talenta
307 2617 354 2654 ad
374 2619 535 2655 militem
556 2632 598 2654 ea
619 2621 778 2668 pecunia
799 2618 1056 2668 colligendum
1078 2619 1178 2667 apud
1200 2618 1353 2667 Lysiam
1375 2615 1483 2653 Orat.

0 2678 2 2716 f
39 2675 82 2710 in
102 2672 295 2712 Eratosth.
320 2687 351 2709 c.
380 2675 448 2713 15.
488 2675 611 2722 Atque
632 2676 696 2711 illa
723 2681 813 2710 sunt
833 2681 986 2711 centum
1010 2676 1179 2721 talenta,
1211 2686 1305 2722 quae
1326 2685 1486 2710 concor-

43 2728 107 2766 dia
126 2730 273 2766 sociata
291 2729 543 2767 Athenienses
564 2743 649 2767 aere
671 2732 824 2776 collato,
839 2731 1037 2767 rarissimo
1058 2731 1330 2767 moderationis
1352 2741 1487 2765 exem-

42 2786 128 2834 plo,
168 2784 367 2834 Spartanis
405 2789 682 2833 restituerunt,
723 2787 943 2823 auctoribus
971 2785 1228 2823 Demosthene
1260 2787 1302 2822 in
1333 2784 1485 2834 Leptin.

48 2854 82 2889 p.
101 2842 210 2881 276.
242 2847 280 2878 et
299 2841 465 2879 Isocrate
484 2842 622 2891 Areop.
651 2855 686 2892 p.
708 2844 814 2882 225.
843 2842 973 2880 Fallor
995 2845 1122 2891 etiam,
1150 2848 1216 2880 aut
1240 2840 1381 2881 Φίλων
1400 2835 1421 2880 ὃ
1443 2838 1488 2879 ἐκ
