1828 3253
266 46 362 89 664
730 45 1252 90 ANNOTATIONES

271 162 399 198 colore
427 166 552 198 tutum
572 164 654 206 est,
684 170 758 208 quo
789 161 916 201 facere
937 161 1083 211 aliquid
1107 163 1166 199 illi
1197 160 1468 212 perhibentur,
1496 174 1656 212 quorum
1678 161 1718 201 id

275 217 434 267 imperio
458 216 762 253 administratur,
793 217 842 254 ἲν
846 228 869 252 E
873 229 926 254 ss.

393 274 495 312 581.
528 272 601 310 33.
643 270 764 311 Κατὰ
796 271 981 325 σπουὸην
1014 269 1318 342 ἓπιγινόμεζνον]
1361 272 1393 309 Α
1414 274 1542 311 mendi
1564 272 1636 310 hoc
1657 287 1722 311 su-

279 329 450 377 spicione
469 328 649 364 liberabit
669 327 916 379 Thucydides
938 330 978 366 L.
1002 329 1070 368 lll.
1096 332 1168 370 30.
1200 329 1226 384 ἡ
1255 329 1400 369 ἐκεῖνοί
1423 345 1464 368 τε
1490 328 1725 368 ἀνέλπιστοι

280 384 385 436 ἓπιγε
371 400 410 423 ι
414 381 572 422 ε’·’σθαι
557 380 606 421 σίν
628 398 717 422 rua
740 384 854 437 σφίσι
878 384 1094 436 πολέμιον,
1124 400 1201 437 qua
1230 388 1383 437 quidem
1409 399 1458 424 ea:
1480 400 1566 439 par
1570 393 1608 423 te
1636 386 1725 423 nul-

282 442 359 480 lum
383 440 459 478 sibi
479 439 626 477 hostem
646 448 909 492 superventur-
912 456 973 479 um
998 443 1227 493 sperabant.
1256 443 1394 480 WEss.

399 497 502 536 581.
529 497 600 535 36.
629 493 694 534 Ἐν
714 499 763 550 τῆ
787 512 897 551 ιησῳ
920 500 968 550 τῆ
985 495 1245 550 Πολυδώρου
1266 500 1342 538 καὶ
1333 496 1469 549 ουμέι
1472 501 1513 552 ῃ]
1545 497 1728 547 Stephan.

282 552 446 603 Byzant.
466 548 729 604 Πολυδώρα,
758 568 779 591 π
783 569 805 605 17
813 568 883 599 σος
903 551 1007 606 πρὸς
1027 557 1076 609 τῆ
1097 554 1273 610 Ιςυζίκω.
1304 562 1342 592 et
1363 561 1451 592 ante
1474 568 1560 591 eum
1579 555 1729 591 Plinius

288 609 331 647 L.
350 609 396 646 V.
418 610 490 647 32.
524 608 602 644 lvi
608 619 662 644 ss.

404 666 507 704 581.
538 665 612 704 40
642 660 863 717 ’.Έῳυγονζ
842 662 921 704 υπὸ
946 663 991 704 τὸ
1017 668 1090 705 τοῦ
1115 662 1393 718 Φαρναβάζου
1418 660 1730 718 στρατόπεδον]

287 719 588 758 Rhodomannus
619 718 681 758 ἐπὶ
714 719 758 759 τὸ
791 724 865 759 τοῦ
895 723 1087 772 (Damasi.
1115 726 1155 760 in
1184 730 1263 759 not.
1299 736 1451 759 suarum
1480 722 1654 758 Addend.
1683 722 1732 758 ob

288 779 524 827 frequentem
547 775 679 813 harum
700 790 837 814 vocum
861 780 900 814 in
925 782 1088 816 vetustis
1114 778 1263 815 schedis
1284 780 1569 824 confusionem,
1595 778 1639 814 de
1660 791 1734 827 qua

292 833 524 884 Sylburgius
542 833 590 869 ad
609 832 771 869 Pausan.
794 833 836 870 L.
857 833 884 870 Ι.
905 835 971 873 13.
995 841 1033 870 et
1055 835 1096 871 L.
1116 834 1179 872 Vl.
1199 835 1266 874 13.
1295 834 1379 884 Ego
1400 847 1478 870 non
1501 841 1621 870 muto:
1651 837 1733 871 sive

292 892 393 928 enim
422 890 489 926 sub
520 895 658 926 castra
692 891 773 926 sive
803 891 858 927 ad
887 903 934 927 ea
964 891 1112 941 fugisse
1139 892 1258 938 velis,
1301 893 1399 927 ratio
1428 892 1614 927 sermonis
1644 901 1738 926 con·-

292 947 422 984 stabit.
463 945 606 982 Notum
632 952 689 981 est
709 944 954 983 Homericum

460 1003 463 1004 ⁷
544 998 553 1012 ἱ
638 999 657 1013 (ἱ
750 998 758 1012 Ι
956 1000 966 1014 )
1007 999 1015 1014 ἱ
1088 998 1100 1012 C
1145 1000 1155 1015 x
1180 1000 1200 1014 2!
1329 995 1347 1015 ’ἵ

430 1002 604 1052 Νιρευς,
634 1016 680 1047 ος
710 1004 927 1048 mmmmm
944 1017 1047 1054 ανὴρ
1079 1019 1158 1042 υπο
1196 1003 1305 1041 Ιλιον
1324 1004 1443 1054 ηλθε.
1464 1001 1600 1039 ἎῙΕεε.

410 1059 512 1098 582.
546 1059 616 1097 52.
666 1054 898 1108 Τριάκοντα
918 1055 1124 1111 τριήρεις]
1157 1058 1377 1108 Xenophon
1398 1057 1605 1108 Thrasyllo
1628 1057 1740 1107 quIn—

295 1116 478 1162 quaginta
498 1116 672 1151 triremes
694 1114 866 1151 decretas
887 1116 941 1152 ait
963 1114 1050 1151 Rer.
1073 1115 1209 1152 Graec.
1231 1114 1272 1151 L.
1297 1115 1326 1154 Ι.
1351 1129 1385 1164 p.
1399 1115 1517 1160 337„
1541 1117 1581 1151 in
1602 1114 1741 1150 ceteris

295 1166 438 1261 {ostro
460 1173 719 1219 consentiens»,
751 1170 1040 1222 Hellespontum
1063 1185 1198 1210 versus
1219 1178 1330 1221 atque
1350 1171 1399 1209 ad
1418 1170 1656 1208 Alcibiadem
1677 1169 1742 1206 de-

324 1226 501 1264 ucendas.
536 1226 671 1265 WVESS.

412 1284 514 1323 582.
545 1284 616 1322 57.
656 1274 730 1321 ἲΩν
750 1275 800 1334 ἦν
824 1280 1367 1336 ἇρχιπρεσβευτὴς’Ένδιος]
1409 1282 1513 1320 Idem
1534 1296 1615 1319 esse
1635 1282 1753 1331 vide-7

300 1341 387 1384 tur,
413 1346 526 1387 atque
546 1341 602 1385 is,
630 1339 675 1375 de
697 1352 770 1387 quo
793 1338 1040 1389 Thucydides
1063 1341 1108 1377 V.
1130 1341 1205 1379 44.
1225 1348 1263 1376 et
1282 1339 1448 1379 V111.6.
1482 1338 1560 1376 Sed
1583 1346 1744 1387 tempuS,

299 1404 374 1440 quo
397 1396 627 1445 legationem
651 1395 769 1442 obiit,
797 1403 1087 1433 controversum
1108 1404 1178 1433 est.
1209 1396 1310 1433 Audi
1331 1395 1462 1434 Schol.
1488 1398 1529 1432 in
1548 1394 1747 1444 Euripidis

301 1448 428 1488 Orest.
448 1465 485 1489 v.
502 1452 606 1491 371.
643 1448 722 1503 πρὸ
743 1448 820 1503 7179
841 1450 996 1491 Aeoz7'
976 1467 1086 1499 εους,
1109 1450 1170 1505 ἐφ’
1196 1451 1244 1491 οὗ
1270 1449 1342 1491 τὸν
1362 1449 1557 1518 Ορέστην
1578 1449 1749 1497 ἐδίδαξε,

297 1505 404 1573 'Am
391 1506 650 1557 ,εδαιμοιίων
683 1506 1053 1574 πρεσβευσαμένων
1087 1507 1178 1560 περὶ
1216 1504 1399 1561 εῗρηνης,
1448 1503 1749 1552 ἀπιστνσαντες

297 1557 552 1615 Ἀθηναῖοι,
592 1561 641 1603 οὗ
671 1577 959 1630 προσηκαντο,
988 1563 1051 1603 ἐπὶ
1082 1561 1281 1616 ἄρχοντος
1314 1559 1642 1614 Θεοπόμπου,ὸ
1622 1560 1668 1609 ὃς
1697 1576 1748 1613 ην

301 1616 382 1669 πρὸ
409 1617 654 1666 Διοκλέους,
683 1634 738 1665 ως
769 1617 927 1673 ἱστορεῖ
953 1616 1195 1689 Φιλόχορος·
1224 1634 1319 1671 quae
1338 1623 1478 1669 repetit
1496 1620 1545 1657 ad
1573 1634 1610 1657 v.
1631 1620 1750 1665 770,

302 1687 389 1712 cum
406 1676 451 1712 de
472 1675 721 1726 Cleophonte,
734 1674 824 1742 πρὸ
847 1676 948 1715 ἐτῶν
966 1674 1044 1729 γὰρ
1065 1673 1138 1716 δύο
1160 1678 1235 1728 τῆς
1255 1675 1524 1722 διδασκαλίας
1542 1678 1616 1715 τοῦ
1633 1671 1750 1742 Ὀρέ-

304 1744 419 1779 στου,
445 1728 571 1778 αἰτός
596 1732 703 1772 ἐστιν
729 1727 748 1772 ὅ
771 1728 878 1772 κωλ’
857 1747 961 1779 υσας
980 1730 1162 1800 σπονδὰς
1181 1731 1372 1784 γενέσθαι
1391 1730 1627 1784 Ἀθηναίοις
1648 1727 1752 1783 πρὸς

302 1786 689 1837 Λακεδαιμοπιόυς,
720 1803 776 1834 ως
800 1785 1386 1842 <Dc7020909‘101002zltaque
1406 1789 1562 1827 dubium
1582 1801 1660 1825 non
1680 1793 1752 1833 est,

304 1844 417 1881 modo
441 1843 576 1882 Critici
603 1847 662 1882 illi
682 1843 952 1882 Philochorum
975 1846 1092 1895 probe
1112 1849 1395 1895 excerpserint,
1424 1845 1632 1882 Annalium
1651 1843 1753 1879 hunc

306 1900 520 1938 Atticorum
542 1903 766 1949 scriptorem
797 1903 1001 1952 legationis
1021 1908 1169 1950 tempus
1190 1916 1275 1938 eum
1306 1904 1346 1938 in
1366 1914 1508 1938 annum
1530 1901 1754 1945 coniecisse,

308 1968 381 2004 quo
415 1956 683 2007 Theopompus
710 1957 836 1995 Fastis
857 1957 995 1994 Atticis
1026 1970 1165 1994 nomen
1198 1958 1314 1995 dedit.
1365 1957 1555 1994 Nimirum
1585 1955 1657 1992 hoc
1681 1954 1754 1991 Ar-

307 2013 447 2050 chontc
470 2012 654 2063 Spartani
673 2015 787 2064 gravi
806 2014 912 2051 clade
931 2014 978 2051 ad
1001 2013 1154 2051 Sestum
1174 2027 1196 2050 a
1218 2012 1426 2063 Thrasyllo
1447 2020 1484 2049 et
1495 2012 1755 2062 Thrasybulo,

307 2068 597 2107 Athenicnsium
619 2070 801 2116 ducibus,
830 2077 939 2107 erant
960 2070 1113 2106 adfecti.
1163 2068 1415 2107 Philochorus
1445 2076 1643 2118 propterca
1665 2080 1756 2104 cen-

309 2126 431 2162 suisse
461 2127 639 2172 videtur,
664 2127 805 2164 fractos
829 2133 909 2164 tum
930 2125 1252 2163 Lacedaemonios
1283 2138 1412 2173 pacem
1440 2127 1615 2174 petiisse:
1642 2137 1756 2160 nam-

308 2193 382 2229 que
407 2182 565 2219 eandem
593 2183 779 2229 indicari,
808 2181 1074 2231 Cleophontis,
1107 2184 1171 2230 qui
1202 2182 1381 2231 inpediit,
1412 2194 1460 2217 ne
1490 2195 1534 2218 ea
1566 2183 1756 2217 coalesce-

309 2245 389 2285 ret,
417 2242 560 2275 mentio
581 2239 793 2275 confirmat.
824 2239 960 2276 Verior
979 2246 1104 2276 tamen
1126 2237 1288 2275 Diodori
1307 2237 1401 2274 mihi
1421 2238 1551 2285 opinio
1573 2244 1651 2273 est:
1677 2244 1759 2274 tum

311 2295 490 2343 quoniam
512 2295 561 2331 ad
581 2293 734 2331 Sestum
754 2308 815 2331 res
838 2294 1074 2344 Spartanae,
1102 2297 1174 2331 etsi
1193 2293 1483 2330 Atheniensium
1504 2295 1669 2331 victoria
1697 2293 1758 2329 fo-

310 2357 371 2387 ret
399 2352 589 2401 insignis,
614 2351 784 2388 nondum
813 2353 866 2388 ita
891 2351 1160 2397 conciderant,
1189 2358 1233 2387 ut
1253 2364 1343 2400 pace
1374 2362 1468 2398 opus
1489 2357 1599 2386 esset.
1628 2344 1692 2386 ¹Id
1714 2361 1758 2386 ea

311 2406 468 2453 docent,
499 2419 593 2456 quae
615 2405 756 2443 Noster
776 2419 823 2443 ex
845 2407 999 2457 Ephoro
1032 2420 1112 2456 cap.
1131 2408 1207 2447 41.
1239 2408 1457 2454 exscripsit.
1507 2404 1607 2443 Tum
1631 2408 1758 2452 etiam,

312 2465 401 2510 quia
420 2461 491 2499 hoc
513 2462 561 2500 ad
582 2461 766 2512 Cyzicum
799 2465 943 2512 praelio
966 2471 1073 2500 tanta
1095 2476 1138 2499 eo
1160 2465 1199 2500 in
1221 2469 1345 2499 tractu
1368 2475 1496 2499 rerum
1516 2462 1617 2498 facta
1634 2462 1760 2498 fuerat

315 2521 539 2565 conversio,
568 2525 611 2555 ut
629 2521 704 2555 nisi
729 2532 820 2568 pace
841 2522 985 2557 sociata
1006 2520 1215 2556 instaurari
1236 2518 1335 2555 haud
1367 2518 1550 2555 conmode
1572 2531 1679 2567 posse
1697 2519 1758 2554 vi-

315 2574 507 2611 derentur.
528 2573 681 2611 Doccnt
699 2576 832 2611 literae
845 2575 1110 2620 Λακωνικῶς
1130 2577 1294 2624 scriptae
1315 2582 1428 2622 atque
1449 2586 1496 2610 ex
1508 2572 1757 2623 Hellesponto

315 2629 494 2679 Spartam
513 2633 672 2667 missae:
693 2627 829 2684 ’Έῤῥει
850 2629 902 2670 τὰ
925 2627 1042 2670 καλά.
1063 2630 1286 2680 Μίνδαρος
1306 2628 1542 2669 ἀπέσσυται·
1574 2631 1760 2669 πεινῶντι

313 2684 502 2740 τῶνδρες.
533 2684 760 2740 ἀπορέομες
785 2685 829 2726 τί
843 2684 925 2739 χρὴ
950 2687 1080 2743 δρᾷνς
1107 2687 1207 2736 apud
1227 2686 1475 2736 Xenophont.
1503 2684 1593 2723 Rer.
1625 2684 1759 2722 Graec.

1824 0 1828 118 ¹
