1828 3253
283 20 378 61 462
748 13 1268 55 ANNOTATIONES

288 130 420 169 Schol.
439 129 617 179 Apollon.
639 126 712 166 Rh.
733 127 762 166 Ι.
783 129 890 169 430.
929 128 1053 177 Atque
1082 127 1176 165 haee
1197 141 1354 175 caussa,
1384 141 1452 165 cur
1480 129 1670 176 plerisque
1690 129 1731 165 in

288 190 408 224 sacris
438 188 538 223 aeris
570 196 685 231 usus,
711 192 861 235 reperto
890 187 967 223 iam
996 186 1123 233 ferro,
1151 187 1424 234 perennaverit
1443 185 1542 234 apud
1563 184 1732 221 Macrob.

290 243 449 281 Saturn.
473 241 517 278 V.
547 242 616 281 19.
647 240 787 278 VVEss.

398 311 502 349 381.
527 309 597 349 14.
635 310 721 360 Τῆς
747 306 998 359 Ἀπτεραίων
1022 304 1166 361 χώρας
1197 307 1286 361 περὶ
1315 303 1387 347 τὸν
1419 308 1508 346 καλ.
1532 303 1732 359 Βερέκυν-

288 365 400 416 θον]
432 365 648 416 Legebatur
673 367 746 416 τῆς
760 362 1131 417 Ἀντισαπῖξραίων
1147 361 1311 417 χώρας,
1343 365 1443 412 quod
1465 376 1626 412 pravum
1647 377 1733 400 cum

289 422 682 467 animadverteretur,
721 424 827 458 varie
848 427 1032 458 mutatum
1055 436 1078 458 a
1101 424 1199 459 viris
1220 429 1276 458 est
1297 421 1470 459 eruditis.
1513 419 1585 456 los.
1609 418 1733 456 Scali-

291 491 361 529 ger
381 479 472 515 libri
495 479 554 514 sui
572 477 739 528 margini
760 479 947 514 alleverat
968 480 1043 528 τῆς
1067 475 1208 523 ἀντίας
1224 475 1475 528 Ἀπτεραίων
1489 471 1645 528 χώρας,
1666 488 1734 512 ve-

295 536 422 584 stigiis
445 535 624 584 vulgatae
646 535 856 582 scripturae
878 532 1092 570 inhaerens.
1135 534 1240 570 Idem
1263 534 1311 569 Is.
1339 533 1476 569 Vossio
1506 535 1545 569 in
1568 539 1733 568 mentem

292 593 423 638 venit,
459 592 513 627 sic
544 591 754 639 corrigenti
785 589 833 626 ad
855 589 1029 639 Scylacis
1049 589 1188 639 Peripl.
1211 603 1245 639 p.
1267 591 1340 629 41.
1361 589 1417 625 ed.
1441 588 1612 625 Gronov.
1650 587 1733 624 Ali-

291 653 350 683 ter
372 645 630 683 Io.Meursius
651 645 694 683 L.
714 645 760 681 II.
787 643 920 682 Cretae
941 659 1030 683 suae
1052 660 1083 682 c.
1114 648 1166 693 5.,
1188 646 1391 696 legendum
1412 658 1586 690 censens,
1616 641 1657 681 ἓν
1681 644 1732 695 τῇ

283 699 534 754 Ἀπτεραίων
549 696 669 755 χώρᾳ
689 700 778 752 περὶ
800 698 872 739 τὸν
891 708 962 738 etc.
1011 702 1156 745 Quibus
1171 729 1181 748 ,
1213 716 1297 739 cum
1320 704 1472 748 scriptis
1493 702 1602 737 libris
1628 699 1733 736 aliud

291 761 451 807 placeat,
480 757 577 794 nihil
596 757 826 807 indigemus.
841 755 899 793 De
911 758 1064 808 Aptera
1085 765 1123 793 et
1145 758 1432 808 Apteraeormn
1453 759 1610 807 regione
1632 756 1734 792 idem

292 815 435 852 Meurs.
457 815 498 850 L.
519 814 546 850 Ι.
570 815 610 853 6.
633 813 802 849 abunde:
846 813 884 849 id
915 814 1013 850 addo
1049 821 1214 850 montem
1251 813 1352 850 hunc
1379 812 1514 849 Cretae
1536 808 1734 861 Βερέκυν-

291 873 375 910 θον
397 870 438 906 Ῑῐι
456 870 590 906 Nostri
610 868 702 905 Mss.
726 875 950 905 constanter
972 871 1109 916 scribi,
1139 870 1402 919 Berecyntum
1427 882 1519 906 vero
1542 867 1734 917 Phrygiae

291 928 552 974 adspiratione
584 939 735 972 carere,
777 932 931 962 auctore
962 925 1099 963 Servio
1133 929 1173 963 in
1203 926 1361 963 Aeneid.
1391 924 1464 962 IX.
1496 927 1568 965 82.
1599 924 1733 962 NVESS.

291 979 462 1028 ἀντίἀς
449 980 702 1034 ἐπτεραίων
726 984 957 1030 asclipserat
976 985 1091 1020 etiam
1113 982 1328 1019 Reinesius.

405 1051 510 1090 381·
538 1051 608 1089 16.
636 1044 846 1100 ΖΙἸεγάλων
867 1047 1041 1101 ἆγαθῶι
1063 1047 1193 1102 ἀρχῆ)
1197 1065 1267 1096 ους
1286 1045 1550 1102 ᾖεγενῆσθαι]
1573 1047 1632 1085 De
1655 1046 1734 1084 He·-

290 1106 448 1144 rlclidiS
469 1105 654 1142 Isocrates
674 1106 864 1156 Paness'yr
883 1119 918 1154 p.
945 1108 1016 1146 76
1046 1106 1113 1144 καὶ
1134 1109 1217 1145 τῶν
1236 1122 1370 1158 mmm
1373 1121 1453 1144 των
1475 1103 1616 1150 αυτοῖς
1636 1101 1736 1156 (220.-

291 1165 386 1201 θῶν
407 1176 1081 1227 απυιτωναοχνῇοικατεστησυπ
1123 1161 1265 1199 Contra
1259 1161 1434 1239 vloseph.
1456 1161 1553 1198 XX.
1574 1161 1618 1197 A.
1644 1160 1674 1199 Ι
1700 1174 1732 1196 c.

295 1221 335 1259 6.
359 1220 398 1258 3.
435 1232 490 1263 ως
516 1216 604 1270 εὗρε
637 1231 720 1256 των
751 1220 888 1256 κακῶν
909 1216 1113 1270 ἀρχηγοὺς
1135 1233 1232 1264 τοῖς
1252 1218 1460 1269 Σαμαρεῖς
1478 1215 1732 1269 γειομένοῑς.

292 1274 487 1312 Nimirum
507 1271 627 1326 ἄρχῃ)
631 1272 675 1312 ol
698 1276 755 1310 rei
776 1276 1036 1324 cuiuscunque
1061 1287 1215 1312 caussae
1236 1283 1347 1322 atque
1366 1281 1541 1311 auctores
1567 1280 1668 1313 sunt
1690 1278 1734 1308 ut

292 1344 384 1368 mox
405 1344 436 1366 c.
460 1331 533 1370 65.
563 1328 752 1376 εὐταξίας
771 1327 964 1382 ἀρχηγοὶ,
984 1338 1021 1367 et
1042 1345 1073 1368 c.
1097 1332 1167 1370 74.
1188 1330 1330 1382 τέχνης
1350 1327 1542 1382 ἀρχηγὸς,
1568 1335 1606 1365 et
1628 1328 1733 1365 XIV.

295 1389 367 1427 70.
391 1385 625 1436 ἐλευθερίας
647 1383 848 1438 ἀρχηγὸς,
878 1400 1062 1436 saepeque
1082 1389 1176 1424 alias
1195 1390 1235 1424 in
1255 1387 1327 1424 hoc
1348 1389 1543 1434 scriptore.
1604 1384 1637 1420 A
1660 1397 1734 1434 quo

293 1457 367 1480 usu
397 1456 474 1479 non
504 1443 583 1478 abit
608 1442 647 1479 S.
669 1442 791 1479 Lucas
812 1442 857 1482 A.
881 1442 925 1480 A.
946 1443 1013 1480 111.
1039 1444 1108 1483 15.
1142 1440 1320 1495 ἀρχηγὸν
1341 1445 1415 1495 τῆς
1433 1442 1550 1493 ζωῆς,
1577 1454 1648 1478 nec
1667 1454 1735 1477 au-

293 1507 377 1536 ctor
402 1499 525 1546 Epist.
555 1497 673 1535 Hebr.
697 1498 744 1534 ll.
770 1500 838 1538 10.
881 1496 1062 1550 ἀρχηγὸν
1091 1502 1166 1552 τῆς
1198 1499 1427 1553 σωτηρίας,
1457 1500 1592 1535 salutis
1624 1497 1736 1534 nobis

290 1563 420 1607 partae
440 1562 633 1591 auctorem
653 1555 900 1603 adpellantes.
930 1555 1064 1593 Wssss.

403 1633 509 1675 382.
550 1635 620 1674 18-
664 1631 766 1672 “Eva
804 1634 880 1685 μὲν
920 1636 1310 1688 προσαφόρευθῆναι
1336 1629 1570 1686 ζΙῑῙρακλέοι]
1620 1631 1735 1668 Hunc

292 1691 579 1741 Olympicorum
599 1690 774 1727 ludorum
799 1698 1004 1740 auctorem,
1035 1699 1078 1728 ut
1097 1692 1283 1738 ferebant,
1303 1688 1486 1727 describit
1504 1691 1667 1727 Pausan.
1689 1688 1734 1725 V.

294 1750 333 1787 7.
360 1749 427 1787 1⁴11.
457 1746 549 1784 Mox
570 1744 644 1798 τὴν
666 1749 748 1785 τῶν
765 1745 847 1785 Ὀλ.
873 1747 991 1786 θέσιν
1015 1750 1147 1796 malui,
1167 1756 1304 1795 cetera,
1318 1758 1413 1795 quae
1431 1746 1548 1784 Codd.
1570 1751 1731 1794 mutant,

291 1804 455 1841 aliorum
474 1803 634 1839 arbitrio
653 1806 891 1850 permittens.
919 1804 1051 1842 wass.

405 1869 511 1910 382.
536 1871 610 1909 24.
640 1870 723 1908 Καὶ
744 1867 1009 1922 περιάμματα
1030 1873 1175 1921 ποιξῖν]
1192 1870 1419 1922 Exemplum
1440 1877 1498 1908 est
1515 1872 1556 1907 in
1567 1869 1735 1905 Alexan-

294 1925 362 1963 dro
385 1924 585 1963 Tralliano
607 1925 770 1976 Therap.
796 1925 837 1963 L.
856 1927 909 1964 X.
937 1930 998 1975 L,
1029 1941 1102 1976 quo
1114 1928 1318 1975 Hercules,
1352 1935 1500 1965 erectus
1526 1932 1563 1962 et
1583 1925 1734 1962 leonem

295 1982 455 2029 elidens,
482 1985 515 2019 si
534 1984 575 2019 in
595 1982 739 2019 annulo
758 1990 940 2033 gestetur,
968 1986 1108 2021 colicos
1129 1985 1279 2022 dolores
1301 1986 1478 2022 disiicere
1498 1981 1733 2020 adfirmatur.

297 2039 494 2075 Gemmam
519 2039 707 2076 eiusmodi
726 2040 827 2076 inter
848 2040 1045 2077 Abraxeas
1074 2043 1250 2091 vulgavit
1270 2043 1322 2078 lo.
1345 2038 1543 2077 Chissetius
1577 2045 1614 2074 et
1643 2039 1733 2074 illu-

297 2097 436 2132 stravit
458 2109 489 2133 c.
516 2097 587 2135 16.
614 2095 741 2144 Ipsum
761 2103 887 2133 autem
905 2098 1164 2134 conclusionis
1184 2097 1255 2135 hoe
1274 2111 1419 2148 genuS,
1452 2108 1526 2145 quo
1546 2094 1732 2131 Hercules

294 2149 470 2200 Dactylis
492 2150 616 2187 Idaeis
638 2152 685 2188 ob
705 2153 869 2189 amuleta
887 2153 1093 2199 inseritur,
1123 2153 1248 2190 debile
1268 2161 1337 2190 est.
1378 2156 1471 2197 Quis
1490 2154 1592 2188 enim
1611 2153 1733 2187 iustas

294 2207 430 2244 stultae
463 2208 746 2255 superstitionis
777 2221 928 2245 caussas
958 2210 1096 2257 ubique
1128 2208 1374 2259 patefecerit?
1429 2209 1473 2246 In
1507 2206 1734 2253 Alexandri,

295 2276 405 2311 quem
426 2277 578 2313 magum
597 2276 706 2300 nemo
728 2263 890 2311 dixerit,
918 2266 1132 2302 simulacris
1152 2273 1190 2302 et
1209 2269 1334 2303 numis
1360 2264 1472 2315 parili
1494 2263 1605 2300 modo
1627 2266 1732 2300 insa-

294 2318 466 2357 niebant.
501 2319 751 2357 Dicebantm·
779 2321 916 2357 iuvari
936 2323 974 2359 in
1006 2325 1110 2359 omni
1130 2329 1223 2359 actu
1249 2336 1344 2370 suo,
1372 2321 1440 2373 qui
1458 2321 1731 2357 Alexandrum

296 2388 524 2427 equ-essum
553 2377 616 2412 vel
636 2389 736 2412 (cm-o
763 2377 1013 2426 gestz'tabant
1030 2379 1094 2415 vel
1110 2387 1300 2428 argento,
1328 2378 1427 2426 apud
1451 2377 1617 2414 Trebell.
1636 2376 1731 2412 Pol-

294 2433 388 2470 lion.
416 2434 454 2468 in
477 2434 614 2475 Quieto
635 2446 665 2468 c.
692 2433 763 2472 14.
791 2436 915 2476 Quare
938 2433 1114 2471 tandem?
1147 2448 1195 2471 an
1217 2439 1305 2484 quia
1316 2432 1566 2472 Macedonum
1584 2445 1655 2468 rex
1673 2432 1731 2468 fe-

294 2488 478 2525 licissimo
510 2501 637 2524 rerum
669 2502 847 2526 successu
876 2491 951 2526 fuit
979 2489 1097 2527 usus?
1138 2491 1180 2527 ld
1209 2492 1294 2528 fieri
1323 2494 1456 2540 potuit.
1495 2488 1612 2525 Recte
1636 2499 1727 2524 vero

292 2546 521 2592 perstrinxit
539 2542 674 2580 horum
693 2544 909 2592 stultitiam,
930 2546 1030 2594 quod
1054 2547 1172 2584 miror
1192 2550 1439 2595 praeteritum
1463 2546 1511 2582 ad
1530 2558 1612 2581 eum
1631 2541 1728 2579 Tre-

294 2600 401 2636 bellii
427 2600 553 2636 locum
583 2613 605 2636 a
631 2601 727 2637 viris
750 2605 936 2652 egregiis,
970 2602 1022 2639 Io.
1046 2601 1340 2652 Chrysostomus
1362 2602 1409 2640 T.
1430 2602 1476 2639 Il.
1495 2615 1532 2650 p.
1556 2600 1661 2640 243-
1682 2598 1728 2634 Ε·

289 2656 334 2693 τί
357 2653 408 2694 ἄν
438 2668 499 2703 τις
530 2653 633 2695 εἴποι
661 2656 752 2710 περὶ
780 2660 862 2697 τῶν
893 2656 1071 2714 ἐπῳδαῖς
1099 2658 1168 2697 καὶ
1197 2656 1432 2715 περιάπτοις
1459 2654 1730 2712 κεχρημένων,
