1828 3253
427 219 483 253 lh
518 214 627 253 ma.
655 213 738 252 Xl.
769 212 898 253 CAP.
918 213 994 256 48.
1018 234 1066 244 -·
1091 215 1163 256 50.
1430 216 1519 255 525

194 327 302 368 441.
335 327 409 368 63
449 323 572 379 Πρὸς
598 341 675 378 την
702 324 922 377 στρατείαν
954 321 1031 377 οὐχ
1052 319 1402 394 ὑπακούσαντος]
1435 326 1525 366 Nisi

80 382 220 421 fallant
240 382 374 421 Critiei
391 389 540 421 veteres
557 381 605 420 ad
626 396 707 419 eam
727 382 886 427 Od.11.,
912 378 1094 421 Timaeus
1115 388 1153 419 et
1173 383 1264 420 belli
1283 386 1365 421 eius
1393 397 1524 423 curam

84 441 123 476 in
153 453 194 477 se
232 442 423 489 recepisse
459 445 497 476 et
536 451 617 476 rem
655 438 788 476 dextre
818 441 984 490 gessisse
1019 439 1243 489 Polyzelum
1281 442 1522 478 memoravit.

83 494 228 532 Mansit
255 502 380 532 tamen
398 495 628 544 inimicitia,
655 507 750 544 quae
780 497 991 533 temerariis
1011 493 1255 545 'lhrasydaei
1282 498 1457 534 consiliis
1481 500 1522 534 in

81 552 222 589 bellum
244 553 409 598 exisset,
435 552 519 595 nisi
532 550 750 597 Simonides
773 565 838 588 eos
857 550 969 588 simul
988 565 1073 589 cum
1093 548 1272 589 Therone
1296 553 1337 589 in
1358 557 1527 604 gratiam

80 607 312 659 redegisset,
343 613 387 644 ut
405 607 521 644 iidem
544 610 771 656 interpretes
796 608 946 647 docent.
995 607 1119 658 Atque
1138 607 1229 646 hinc
1247 607 1426 659 adparet,
1453 622 1523 647 cur

79 662 274 701 Himeraei
291 662 500 715 Hieronem
516 665 559 701 in
579 662 884 714 Thrasydaeum,
904 675 1017 713 quam
1033 677 1114 703 rem
1132 670 1266 702 auctor
1284 668 1522 714 exsequitur,

78 721 322 758 concitat-int.
356 717 491 757 WEss.
536 761 538 767 ¹
623 747 634 767 ,

191 776 299 817 441.
342 775 416 816 73.
468 774 818 829 Κατηγοροῦντας
847 777 922 816 τοῦ
963 774 1259 828 Θρασυδαίου]
1302 777 1524 816 Lectionem

80 834 266 883 marginis
285 843 435 881 sequor.
460 829 538 870 Sed
557 846 694 883 parum
711 832 884 871 interest.
909 832 1009 871 Nam
1028 845 1062 882 p.
1078 835 1186 874 270.
1209 831 1261 886 (c.
1276 832 1373 886 55.)
1396 837 1522 872 simile

78 890 252 926 recurrit.
278 884 416 929 RHon.

194 945 301 986 441.
336 947 408 986 87.
448 943 533 984 Καὶ
563 940 640 998 τὴν
670 944 746 997 μὲν
776 940 975 996 Κατάνην
1005 941 1300 996 μετωνόμασεν
1330 943 1520 997 Αἴτνην]

78 998 191 1037 Hanc
212 1000 260 1038 ob
279 1014 453 1041 caussam
464 1001 672 1040 Hieronem
681 1000 841 1053 Αἴτνης
859 1001 1055 1052 κτίστορα
1077 1001 1265 1039 Pindarus
1285 1006 1524 1052 nuncupavit

79 1057 179 1106 apud
201 1056 430 1095 Strabonem
451 1058 493 1096 L.
514 1058 578 1096 VI.
607 1072 641 1109 p.
663 1060 769 1099 412.
792 1059 851 1105 A.,
880 1070 994 1106 seque
1015 1061 1096 1107 ipse
1125 1057 1273 1095 Hieron
1303 1059 1522 1097 Aetnaeum

80 1114 123 1150 in
152 1114 271 1151 sacris
302 1111 573 1152 certaminibus
604 1115 834 1164 proclamari
861 1115 986 1152 iussit.
1032 1113 1162 1151 Schol.
1196 1112 1351 1152 Pindari
1388 1115 1460 1153 Od.
1489 1116 1519 1156 1.

80 1168 262 1219 Pythion.
283 1181 321 1208 v.
324 1171 387 1238 ν.1
427 1167 504 1222 τὴν
534 1170 578 1211 δὲ
597 1165 795 1238 Κατάνην
823 1167 1068 1217 ἀνακτίσας,
1101 1166 1333 1222 optumi-paug·
1358 1174 1416 1210 rai]
1439 1188 1523 1211 πα-

77 1223 302 1293 ρακειμὲνω
323 1240 405 1293 ορει
424 1224 587 1266 Αἴτναν
607 1241 767 1279 προστῃ
762 1222 862 1292 ὀρευ
867 1240 924 1276 σε,
951 1226 1017 1264 καὶ
1040 1223 1391 1266 AIF‘NAION
1373 1226 1522 1268 ἑαυτὸν

78 1278 186 1320 κατὰ
204 1279 301 1328 τοὺς
319 1278 482 1334 ἀγῶνας
507 1286 630 1322 νικῶν
651 1276 826 1351 ἆνξκνρυ
830 1279 908 1329 ξεν.
949 1281 1058 1320 Misit
1076 1289 1201 1320 autem
1220 1285 1260 1320 in
1280 1285 1413 1321 urbem
1433 1299 1454 1322 a
1480 1298 1521 1322 se

75 1338 350 1387 instauratam,
390 1338 628 1378 νεοκτίσταν
663 1336 828 1378 Λιτναν
856 1336 1013 1376 Pindar.
1041 1338 1114 1375 Od.
1144 1336 1215 1375 IX.
1249 1340 1290 1378 3.
1337 1339 1522 1379 Nemeon.

77 1393 192 1441 dicit,
221 1396 378 1431 colonos
404 1390 594 1442 Γελώους
621 1410 689 1434 και
709 1395 918 1447 Μεγαρεῖς
938 1393 1006 1433 καὶ
1034 1392 1367 1446 Συρακουσίους,
1398 1394 1523 1443 ὄντας

76 1451 161 1489 τῶν
179 1448 377 1503 Δωριέων
399 1448 617 1498 ἀποίκους,
650 1453 685 1488 si
703 1463 795 1489 vera
815 1453 1039 1501 perscripsit
1062 1450 1162 1489 idem
1183 1451 1302 1490 schol.
1327 1451 1370 1489 in
1393 1460 1522 1490 extre·

78 1520 178 1545 mam
188 1504 302 1546 Od.1.
316 1506 453 1557 Pyth.;
475 1508 618 1545 Noster
639 1510 740 1545 enim
762 1509 858 1545 alios
878 1515 1074 1547 memorat.
1100 1506 1282 1546 Errorem
1299 1509 1522 1547 festinantis

78 1563 294 1601 Casauboni
323 1564 447 1600 levem
475 1563 521 1600 de
552 1572 720 1613 tempore
754 1562 931 1601 conditae
960 1562 1106 1602 Aetnae
1133 1567 1264 1616 tetigit
1294 1563 1357 1604 vir
1385 1566 1521 1604 doctus

76 1618 291 1658 Miscellan.
311 1619 472 1657 Observ.
505 1619 591 1660 Vol.
615 1620 662 1657 11.
681 1632 716 1670 p.
740 1618 780 1660 3.
811 1618 947 1658 WEss.

187 1675 294 1715 441.
325 1677 399 1715 92.
437 1673 504 1714 Ἐκ
525 1679 599 1727 τῆς
617 1674 835 1728 γενομὲννς
849 1671 1103 1729 μυριάνδρου
1126 1670 1310 1728 πόλεως]
1349 1675 1522 1716 Habebis

80 1734 267 1785 Τραχῖνα
286 1731 541 1784 μυρίανδρον
562 1732 605 1770 L.
625 1732 718 1769 ΧΠ.
743 1732 814 1773 59.
845 1740 883 1769 et
899 1730 1150 1785 Ἐγεσταίων
1169 1732 1425 1786 μυρίανδρον
1448 1731 1522 1775 πό·-

77 1790 141 1827 λιν
162 1788 203 1825 L.
222 1786 316 1824 XX
343 1789 414 1828 72.
444 1795 483 1825 et
501 1787 757 1842 μυριάτὸρον
787 1802 863 1840 την
882 1785 1094 1828 ’Όλυνθον
1124 1789 1308 1839 Excerpt.
1326 1788 1453 1828 Vales.
1484 1806 1520 1842 p.

80 1846 206 1891 341„
237 1844 283 1880 de
303 1856 376 1893 qua
396 1843 527 1882 eadem
552 1845 646 1882 urbe
662 1843 850 1895 Hegesias
869 1845 968 1895 apud
991 1844 1313 1896 Agatharchidem
1337 1846 1382 1884 de
1403 1846 1522 1886 Rubr.

76 1901 177 1939 Mari
197 1915 232 1951 p.
258 1901 328 1941 17.
359 1899 402 1939 ἐκ
422 1896 677 1953 μυριάνδρου
701 1898 858 1947 πολεως
878 1900 1070 1952 ἐξῆλθον,
1098 1900 1362 1953 ἐπιστραφεὶς
1381 1901 1421 1942 δ’
1447 1901 1522 1943 οὐκ

78 1955 130 1996 ἴτ’
156 1953 276 1997 εἶδον.
329 1957 438 2001 Quod
458 1960 640 1995 vertitur:
680 1957 777 1995 Veni
795 1971 844 1995 ea:
865 1958 958 1995 urbe
982 1958 1029 1995 Μ
1037 1957 1353 2008 ΥΚΙΑΝΒΕΟ,
1385 1973 1523 1998 rever-

78 2027 143 2052 sus
164 2027 240 2051 non
260 2014 429 2065 amplius
448 2015 541 2051 vidi.
569 2014 654 2065 Ego
674 2028 766 2052 vero
787 2013 889 2051 haud
909 2028 933 2052 v
938 2014 992 2051 idi
1010 2017 1144 2065 magis.
1172 2015 1222 2052 W
1227 2026 1309 2054 Ess.
1377 2025 1383 2028 ⁴

187 2071 295 2110 441.
327 2071 400 2110 99.
436 2067 547 2117 Ίοὺς
564 2068 846 2120 βοτὶομένους
868 2069 1055 2138 ἐπολιτοὶ
1059 2066 1265 2124 iniquom]
1305 2071 1411 2108 Idem
1437 2083 1521 2109 esse

75 2133 188 2175 atque
217 2124 260 2165 ἐκ
290 2121 495 2178 (J'w'ucatog
526 2129 663 2166 κοινοῖ)
685 2126 891 2172 πολίτειας
920 2124 1129 2178 τυγχάνειι
1157 2125 1297 2164 Pollux
1327 2141 1375 2164 ex
1398 2127 1522 2165 Phili-

76 2192 156 2229 sto,
184 2185 248 2233 qui
277 2185 492 2232 usurparit,
519 2183 630 2219 docet
661 2182 702 2219 L.
726 2182 791 2219 ΠΙ.
819 2184 892 2223 56.
943 2182 1055 2220 Unde
1087 2195 1204 2231 paene
1234 2183 1442 2221 conficeres
1478 2187 1521 2222 in

77 2239 213 2277 Sicilia
231 2241 424 2288 praecipui
447 2252 538 2276 usus
567 2240 699 2277 fuisse.
739 2238 880 2276 Noster
900 2247 1001 2276 certe
1023 2240 1068 2276 de
1091 2240 1242 2277 civibus
1264 2242 1414 2277 allectis
1437 2254 1521 2277 sae-

76 2308 282 2344 penumero
302 2295 502 2342 adhibuit,
529 2303 567 2332 et
590 2297 810 2344 plerumque
832 2296 984 2344 quidem
1013 2297 1055 2332 in
1074 2295 1293 2333 Siculorum
1312 2297 1447 2345 rebus,
1476 2302 1521 2333 ut

76 2352 179 2388 infra
198 2364 230 2388 e.
263 2352 336 2390 72.
367 2358 404 2387 et
438 2353 509 2393 85.
545 2351 656 2388 Xlll.
679 2354 754 2391 20.
793 2351 908 2388 XIX.
931 2354 975 2391 2.
1015 2351 1163 2389 Tamen
1194 2352 1375 2401 Iosephus
1397 2352 1439 2389 L.
1474 2353 1520 2390 ΙΙ.

76 2406 117 2444 ί.
139 2406 276 2454 Apion.
304 2419 342 2455 p.
365 2409 470 2448 49].
499 2412 584 2453 τοῖς
605 2407 649 2446 δὲ
680 2404 849 2459 ῥήτορσι
880 2406 1080 2460 (ἐφῆκαν)
1111 2409 1428 2463 πολιτογραᾳεῖν
1452 2406 1519 2448 διὰ

73 2459 359 2516 ψηᾳισματων
380 2463 504 2509 ’ξειῶν
525 2466 636 2502 θεῶν
659 2462 731 2503 τὸν
761 2459 997 2514 ἐπιτήδειον.
1025 2464 1159 2502 WEss.

189 2516 467 2571 441-27'Ezr1
487 2535 558 2559 715²l
563 2535 738 2570 τηκοντα
761 2535 827 2557 και
850 2516 975 2568 ὀκτώ]
1000 2520 1149 2558 VideL.
1159 2520 1357 2561 X11[.62.
1380 2520 1432 2558 W*
1436 2531 1518 2560 ESS.

188 2575 296 2614 442.
322 2577 361 2614 7.
399 2576 550 2614 Γναῖον
569 2572 793 2625 simmam]
834 2571 1028 2615 Mdvzaov
1050 2584 1152 2614 reete
1182 2580 1344 2628 corrigit
1363 2577 1519 2614 Rhodo-

74 2643 252 2677 mannus,
274 2643 343 2666 nec
363 2632 476 2668 aliter
495 2639 605 2669 vetus
626 2633 828 2681 interpres.
862 2632 966 2675 Quae
990 2646 1082 2670 vero
1102 2633 1147 2671 ad
1171 2633 1272 2670 hunc
1291 2647 1434 2670 annum
1452 2646 1519 2669 re-

73 2688 250 2723 feruntur
271 2686 545 2736 Spartanorum
564 2689 725 2725 consilia
745 2689 790 2724 de
810 2689 1016 2726 asserendo
1036 2690 1110 2726 sibi
1131 2692 1248 2726 maris
1267 2692 1447 2739 imperio,
1475 2701 1520 2725 ea

76 2745 198 2779 serius
228 2747 496 2793 contigerunt,
527 2751 565 2781 et
595 2751 676 2780 tum
702 2745 967 2793 potissimum,
996 2757 1081 2782 cum
1112 2745 1273 2792 Graeci,
1306 2747 1518 2783 Pausaniae

74 2800 281 2835 insolentia
315 2798 474 2845 offensi,
505 2800 553 2837 ad
581 2798 836 2837 Athenienses
864 2813 947 2838 sese
977 2801 1269 2850 adiunxissent,
1298 2815 1372 2852 qua
1402 2801 1448 2838 de
1477 2814 1518 2838 re

73 2861 186 2892 antea
207 2855 333 2892 dicere
351 2858 518 2893 memini.
541 2856 678 2895 VVEss.
