1828 3253
311 11 408 71 480
780 25 1290 65 ANNo'rA‘rloNEs

313 138 580 191 καλουμένης,
602 135 826 192 ἀφικέσθαι
841 137 896 185 εἷς
916 134 1087 190 Κρήτην
1098 135 1202 189 μετὰ
1221 136 1418 189 Δωριέων
1437 153 1480 178 τε
1501 137 1569 178 καὶ
1581 135 1756 190 Ἀχαιῶν

315 196 380 235 καὶ
404 197 647 247 Πελασγῶν.
681 195 735 231 lta
750 196 967 243 scripserat.
1000 193 1244 247 Τὲκσαςεον,
1277 196 1358 232 sive
1386 192 1625 248 Τέκταφον,
1656 195 1757 245 quod

317 254 357 289 in
380 251 539 289 Coislin.
571 249 664 287 Mss.
684 253 833 288 invenit
861 252 1177 300 diligentissimus
1199 249 1528 297 Montfauconius,
1553 252 1756 288 manifesto

313 321 471 358 pravum
486 314 563 344 est:
594 319 664 342 nec
679 308 827 353 melius,
851 307 951 356 quod
972 306 1062 342 inde
1085 306 1316 342 extuderunt
1328 307 1473 343 Pinedo
1494 315 1531 343 et
1541 305 1757 354 Berkelius,

314 362 552 416 Κέρκαφον,
573 362 857 411 quiDorifilius
877 375 955 398 non
975 363 1064 398 fuit.
1095 362 1138 398 ld
1159 369 1354 410 praeterea
1374 364 1494 410 liquet
1505 375 1551 398 ex
1563 362 1759 410 Androne,

316 420 362 456 de
385 419 555 466 colonis,
590 430 752 466 quorum
772 419 851 454 dux
874 417 1101 464 Tectamus‚
1148 419 1267 467 deque
1289 420 1394 464 loco,
1422 418 1523 454 unde
1546 420 1588 455 in
1608 416 1758 456 Cretam

317 477 522 520 solverint,
552 476 627 511 alia
657 481 771 523 atque
790 476 866 512 alia
893 475 1012 511 fuisse
1045 473 1196 512 tradita.
1236 474 1359 525 Iunge
1389 473 1619 512 Strabonem
1648 473 1690 512 L.
1710 474 1756 512 V.

317 545 352 582 [ι.
375 533 478 571 338.
499 530 544 567 A.
573 530 714 569 W'Ess.

429 608 534 647 396
564 607 638 646 99.
673 601 778 644 Υπὸ
801 603 902 656 μίαν
934 601 1096 671 ἀγαγεῖν
1129 603 1385 656 συντέλειαν]
1427 601 1664 654 Frequens’
1648 602 1756 658 clyetv

317 662 374 710 εἷς
401 678 500 713 μιαν
531 660 674 701 cmvi).
679 676 762 700 ειαν
797 668 834 698 et
860 657 1020 700 τάττειν
1041 657 1120 701 υπὸ
1144 662 1243 726 5uim
1276 661 1417 701 συντέ)
1423 677 1506 700 ειαν
1536 662 1623 699 huic
1662 665 1757 700 scri-

317 722 439 770 ptori,
467 732 552 755 cum
573 720 699 768 plures
720 719 897 755 civitates
926 725 963 753 et
984 724 1118 768 gentes
1141 719 1182 753 in
1209 718 1368 755 candem
1389 718 1616 769 rediguntur
1635 721 1758 755 socie-

316 777 409 813 tatis
440 776 744 812 conmunionem.
793 773 876 810 Vid.
907 747 1007 809 XI.e>
1014 775 1086 814 87.
1117 773 1206 810 XV.
1239 775 1312 814 38.
1343 774 1411 811 ubi
1438 775 1603 811 fortasse
1632 776 1754 825 plura.

316 831 392 869 Hic
411 839 537 868 autem
557 827 608 868 τὰ
629 826 736 867 κατὰ
755 827 830 881 τὴν
852 836 921 865 etc.
951 831 1116 869 mallem.
1151 829 1284 868 VVESS.

427 908 534 946 396.
568 906 608 944 3.
639 900 810 956 Νήσους
830 901 993 943 ἔκτισαν
1018 926 1065 932 --
1087 900 1222 950 πόλεις
1244 901 1357 950 τινὰς
1377 901 1561 958 ᾤκισαν]
1593 904 1641 942 Si
1663 906 1760 956 quid

315 965 452 1010 video,
482 961 738 1008 manifestum
759 968 838 1008 est,
866 962 941 999 duo
961 961 1083 998 verba
1104 960 1168 998 llic
1187 968 1439 1008 commutata,
1470 969 1510 998 et
1527 962 1630 999 alter
1633 976 1694 998 um
1716 963 1756 998 in

316 1022 485 1058 alterius
504 1020 628 1056 locum
643 1031 858 1069 perperam
880 1030 962 1055 esse
985 1019 1211 1063 translata,
1243 1015 1406 1056 ἔκτισαν
1425 1019 1580 1055 scilicet
1600 1025 1641 1054 et
1658 1015 1756 1056 ὤκι-

316 1090 407 1116 σαι.
435 1075 656 1125 Legemlum
676 1087 833 1126 nempe,
865 1081 910 1111 ut
927 1074 1023 1111 mihi
1041 1076 1193 1124 quidem
1214 1075 1397 1111 videtur:
1427 1071 1503 1111 ἄλ)
1508 1088 1555 1119 ας
1578 1072 1624 1112 τέ
1641 1087 1756 1119 τινας

315 1128 468 1184 νήσους
497 1128 651 1169 ὠκισα)
664 1158 675 1177 ‚
704 1131 771 1168 καὶ
798 1126 954 1176 ταύτας
974 1127 1048 1176 τὰς
1069 1126 1220 1181 ιγ’-σονς
1254 1126 1333 1178 (C1
1337 1137 1440 1166 etam
1462 1136 1503 1167 et
1530 1143 1631 1180 quae
1658 1129 1756 1166 Cre-

315 1190 482 1226 tensium
502 1201 545 1224 er
548 1187 639 1239 ant)
670 1201 851 1225 κατακτι
857 1182 1037 1237 odaeum,
1064 1182 1143 1224 πό)
1147 1200 1201 1231 εις
1219 1183 1332 1231 τιιάς
1353 1183 1514 1224 ἔκτισαν
1534 1185 1575 1224 ἐν
1597 1183 1756 1232 αἰταΐς,

316 1247 356 1282 in
387 1246 492 1282 (ilias
526 1243 718 1293 quasdam
747 1243 897 1279 insulas
929 1243 1120 1292 deposuer
1122 1248 1195 1278 unt
1222 1242 1400 1288 colonos,
1441 1248 1482 1278 et
1500 1241 1572 1279 has
1604 1242 1755 1279 insulas

316 1303 448 1346 nacti,
476 1300 636 1349 aliquas
656 1301 695 1336 in
725 1300 775 1335 iis
798 1299 1059 1335 condiderant
1077 1299 1204 1335 urbes.
1250 1298 1343 1334 Scio
1376 1299 1472 1348 quid
1499 1299 1538 1334 in
1570 1297 1756 1335 observa-

317 1357 485 1394 tionibus
516 1357 598 1392 suis
629 1355 672 1392 L.
698 1354 787 1392 III.
817 1356 857 1393 9.
889 1355 979 1391 olim
1012 1356 1346 1392 ‹mincadverterit
1376 1356 1440 1390 vir
1469 1353 1752 1405 Amplissimus,

322 1413 427 1451 Gisb.
451 1412 649 1463 Caperus;
680 1412 836 1448 scilicet
863 1411 945 1447 dici
964 1412 1083 1447 etiam
1107 1409 1250 1458 κτίζειν
1270 1406 1422 1461 νήσους
1450 1410 1534 1447 loco
1555 1412 1628 1449 τοῦ
1653 1409 1754 1449 οἰκί-

317 1469 408 1518 ζειν,
444 1470 506 1505 uti
529 1475 568 1504 et
592 1467 754 1504 condere
787 1468 834 1504 (Ie
866 1468 1034 1515 integris
1066 1466 1292 1515 regionibus
1318 1472 1359 1502 et
1379 1467 1553 1517 populis.
1605 1466 1754 1512 Recte,·

315 1526 534 1576 sedpntem
557 1530 686 1560 tumen
715 1522 818 1560 lzunc
839 1524 964 1560 locum
994 1522 1136 1560 Nostri
1169 1519 1261 1572 (qui
1284 1524 1538 1573 caeteroquin
1564 1523 1623 1570 ei,
1652 1523 1757 1573 quod

315 1583 379 1619 vir
407 1581 677 1631 Amplissimus
703 1579 760 1616 ibi
788 1578 992 1624 observat,
1032 1578 1371 1625 admodumforet
1398 1580 1660 1630 opportunus)
1691 1581 1752 1616 ita

313 1638 622 1682 restituendum,
649 1642 695 1672 ut
714 1637 917 1687 proposui.
950 1634 1047 1682 δίνῃ·
1063 1648 1144 1686 pro
1166 1632 1319 1688 ᾤκισαν
1349 1636 1551 1684 legendum
1574 1632 1750 1673 ἔκτισαν.

313 1694 493 1731 Alterum
524 1700 654 1729 tamen
681 1704 763 1728 meo
785 1693 1114 1729 iudiciorectius.
1161 1690 1358 1727 Hactenus
1381 1691 1430 1728 lo.
1463 1691 1611 1727 lensius
1630 1690 1752 1740 Epist.

313 1750 362 1787 ad
384 1749 435 1786 Io.
458 1749 504 1786 G.
527 1748 735 1786 Graevium
762 1760 798 1796 p.
821 1749 945 1794 420..
976 1749 1038 1784 cui
1058 1761 1126 1784 cur
1143 1747 1363 1796 adstipuler‚
1390 1747 1488 1784 nihil
1511 1760 1666 1784 caussae
1685 1759 1752 1783 re-

311 1807 434 1855 perio,
464 1804 626 1853 Κτίζειν
647 1799 798 1855 νήσους
822 1805 987 1852 optimus
1006 1806 1164 1852 quisque
1186 1803 1231 1839 de
1256 1805 1402 1839 colonis
1426 1803 1525 1840 dixit
1542 1805 1583 1839 in
1603 1804 1751 1840 insulas

311 1863 461 1907 missis,
490 1861 721 1909 urbibusque
742 1860 919 1897 conditis.
947 1858 1166 1896 Herodotus
1182 1858 1224 1894 L.
1242 1858 1305 1894 VI.
1324 1860 1397 1898 47.
1420 1856 1459 1897 οἶ
1476 1856 1581 1909 μετὰ
1606 1855 1750 1897 Θάσου

311 1917 461 1958 ΚΤΙΣ
462 1915 668 1955 ANTE}
692 1913 767 1967 τὴν
800 1930 926 1967 νησον
953 1930 1030 1954 ται
1037 1930 1121 1965 Tm
1161 1915 1304 1951 Noster
1327 1917 1500 1963 superius
1533 1928 1563 1951 c.
1585 1915 1657 1954 75.
1687 1911 1750 1954 ὅτι

311 1988 401 2024 πεοι
433 1971 507 2023 τὴν
540 1968 711 2025 Κοῆτην
740 1967 813 2010 ὸὺο
837 1968 988 2022 νήσους
1010 1951 1248 2009 Κ1ΙΣί1Σ.
1279 1970 1376 2006 etL.
1399 1970 1505 2007 XIV
1529 1971 1602 2010 13.
1646 1970 1751 2008 Parii

311 2027 622 2068 EKT'IEAN
606 2043 646 2066 εν
671 2024 782 2066 αὐτῶ
812 2025 921 2079 (sinu
941 2023 1156 2078 Adriatico)
1186 2029 1312 2077 νῆσον
1340 2024 1414 2078 τὴι
1444 2024 1749 2078 ὀιομαζομὲνην

316 2082 471 2137 Φάοον.
503 2084 721 2120 Probarunt
740 2090 778 2120 et
798 2082 938 2120 Latini
970 2083 1002 2120 V
1005 2085 1137 2120 elleius
1156 2082 1234 2122 1.2
1284 2082 1406 2133 Tyria
1426 2083 1566 2119 classes
1585 2083 1750 2120 insulam

310 2141 594 2188 circumficsam
636 2139 816 2186 Oceano,
853 2141 1076 2190 perexiguo
1109 2153 1134 2176 a
1168 2141 1390 2176 continente
1420 2140 1586 2176 divisam
1615 2138 1750 2187 freto,

308 2198 450 2291 grades
470 2197 656 2234 condidit.
694 2196 781 2233 Alia
800 2195 846 2232 de
868 2195 938 2232 hoc
961 2209 1101 2247 genere
1137 2195 1224 2233 dedi
1243 2195 1285 2232 L.
1310 2194 1358 2232 Il.
1390 2194 1592 2233 Observat.
1621 2208 1654 2233 c.
1677 2196 1746 2236 15.

363 2263 429 2289 Ess

422 2329 527 2368 396.
561 2329 631 2367 10.
664 2324 732 2366 A
749 2326 824 2378 μὲν
840 2324 978 2377 'Emtae
967 2326 1079 2393 “'ndpy
1097 2328 1154 2366 τῶ
1179 2328 1280 2366 θεοὶ
1285 2323 1389 2381 ὁμο]
1425 2325 1665 2364 Tribuuntur
1690 2329 1750 2365 illi

308 2399 330 2423 a
348 2384 522 2435 Diogene
554 2383 710 2420 Laertio
743 2383 772 2420 Ι.
800 2386 902 2423 112.
938 2369 1166 2434 Κουοήτων
1195 2399 1262 2422 και
1285 2379 1568 2435 Κορυβάντων
1596 2381 1748 2435 γένεσις

308 2441 375 2480 καὶ
399 2443 500 2492 θεο]
503 2455 592 2478 ονια
616 2446 653 2475 et
678 2454 765 2491 πεοι
785 2442 859 2490 τῆς
882 2438 923 2477 ἐν
947 2436 1092 2492 1501211]
1112 2439 1326 2485 πολιτέιας.
1366 2438 1577 2487 Utrumque
1595 2452 1686 2487 opus
1705 2441 1746 2476 in

309 2498 509 2534 consilium
521 2495 716 2532 Diodorus
736 2495 915 2533 adhibere
926 2498 1062 2544 potuit.
1095 2494 1282 2532 Dosiades
1305 2502 1342 2532 et
1352 2494 1565 2532 Sosicrates
1586 2497 1746 2544 scripse-

307 2559 399 2590 runt
428 2549 615 2603 Κρητικὰ
644 2564 666 2587 a
690 2552 841 2598 Plinio,
872 2551 1068 2588 Athenaeo
1092 2557 1206 2598 atque
1228 2553 1338 2597 aliis,
1364 2553 1423 2588 uti
1442 2550 1494 2588 Io.
1517 2551 1562 2587 G.
1585 2550 1745 2588 Vossius

308 2616 345 2646 et
369 2609 420 2645 10.
445 2608 634 2645 Meursius
653 2615 903 2654 monuerunt,
934 2610 1060 2645 citata.
1101 2606 1410 2654 Laosthenidam,
1438 2610 1504 2656 qui
1520 2608 1683 2646 fortasse
1701 2609 1744 2645 in

309 2665 438 2703 eodem
457 2677 596 2716 genere
628 2676 781 2714 operam
801 2666 950 2715 posuit,
981 2663 1275 2715 adhucssquaem.
1305 2663 1440 2703 Wnss.
