1828 3253
457 225 802 268 1N1.113.X11.
837 225 962 266 CAP.
998 227 1164 268 30-31.
1450 228 1538 270 585

96 351 135 382 et
164 341 335 383 Cortlum
360 340 409 381 ad
437 339 594 379 Sallust.
620 337 774 378 Catilin.
802 353 836 377 o.
859 340 931 380 32.
953 337 1095 378 Noster
1114 336 1431 389 Thucydideml.
1459 343 1535 382 26.

96 403 326 439 aemulatur:
355 393 454 446 τούς
468 411 512 437 τε
534 391 761 463 q321520vwg
781 393 962 435 ἐκέλευον
975 393 1222 464 (Corcyraei)
1242 411 1320 436 κατ
1347 393 1538 450 ἐπήρειαν

97 455 292 507 δέχεσθαι
313 452 465 500 αὐτοὺς
500 474 547 482 --
586 473 634 480 —
674 449 772 499 τούς
802 466 845 491 τε
877 448 1112 521 φρουροὺς,
1152 466 1225 498 ους
1253 449 1293 492 οἱ
1312 453 1536 507 Κορίνθιοι

98 509 312 564 ἔπεμψαν,
339 510 407 550 καὶ
425 507 522 556 τοὺς
542 505 760 560 οῗκήτορας
781 505 1043 559 ἀποπέμπειν.
1080 507 1215 548 WESS.

212 569 321 609 498.
351 568 424 608 66.
464 562 585 617 Πρὸς
619 560 939 615 Οὐολούμνους]
975 563 1237 614 Depravatum
1263 577 1311 602 ex
1350 561 1540 605 Οὐολού-

99 638 247 672 σκους,
274 623 410 661 Latine
437 622 606 660 Volscos.
630 619 766 657 Rnoo.
791 620 926 658 Livius
944 620 1011 657 ΙΙΙ.
1035 622 1107 661 66.
1134 624 1410 659 correctionem
1432 621 1540 659 Rho-

100 681 296 727 (lemanni,
315 691 410 728 quac
427 684 465 715 et
487 677 625 729 Pighio
646 677 695 715 ad
714 689 804 715 ann.
824 686 970 717 cccvu.
990 679 1033 716 in
1048 683 1217 716 mentem
1234 686 1407 725 venerat,
1430 692 1540 731 egre-

100 739 163 789 gie
183 736 370 775 adfirmat.
399 734 541 773 WEss.

210 793 317 833 498.
353 793 425 832 72
465 787 674 843 Γενῖκιον]
717 789 808 828 Non
828 787 1009 830 Γενῖκιον
1038 789 1105 828 sed
1126 786 1343 834 Γενούκιον
1373 792 1537 842 legatur.

99 846 236 885 RHOD.
264 849 305 888 Γ
287 843 479 915 alomenu]
509 846 542 883 Α
561 846 653 885 Cod.
681 845 841 887 Coislin.
867 847 966 885 nihil
999 847 1181 884 dissentit
1199 821 1433 898 Dionysius:
1440 861 1542 885 sem-

99 917 167 955 per
197 899 388 944 Γενύκιον
417 904 588 941 scribens
618 902 660 940 L.
686 902 742 941 X.
773 916 808 952 p.
831 906 937 944 680.
967 910 1005 941 et
1032 903 1105 941 XI.
1133 916 1169 953 p.
1192 905 1296 944 730.
1324 903 1383 941 De
1408 904 1543 941 Curtii

100 963 346 1009 praenomine
369 967 407 997 et
426 962 652 1011 cognomine
671 961 719 998 lis
740 967 807 997 est.
840 954 902 999 Γ
878 974 964 1005 αιος
985 954 1188 1012 Κουρτιος
1198 959 1389 1011 Dionysio
1411 968 1449 997 et
1459 960 1541 997 Zo-

101 1027 241 1065 narae3
268 1016 309 1053 id
330 1015 530 1068 Sigonius,
556 1015 772 1054 Panvinius
793 1023 830 1053 et
847 1015 1009 1067 Pighius
1029 1016 1164 1065 cupide
1185 1019 1388 1065 arripiunt,
1413 1018 1453 1054 in
1474 1016 1543 1054 Li-

101 1075 160 1111 vii
177 1076 292 1110 etiam
310 1072 354 1110 L.
378 1073 442 1110 lv.
465 1075 505 1114 1.
529 1073 781 1111 inculcantes.
809 1071 1044 1123 Cognomine
1063 1073 1191 1120 Philo,
1219 1075 1251 1110 si
1273 1073 1480 1111 Eusebium
1500 1075 1542 1110 in

100 1127 305 1176 Chronico,
335 1128 516 1180 Pighium
535 1130 703 1176 aliosque
723 1128 924 1166 Fastorum
947 1128 1165 1166 conditores
1187 1129 1310 1176 audis,
1329 1130 1422 1166 fuit:
1446 1129 1544 1168 mihi

101 1192 282 1223 neutrum
301 1188 394 1223 satis
416 1188 561 1235 placet3
598 1191 700 1222 certe
718 1198 790 1221 nec
810 1185 1050 1236 Agrippam,
1080 1185 1219 1223 nedum
1247 1186 1445 1223 Chilonem
1465 1187 1544 1222 sol-

101 1242 243 1278 licitari
262 1244 397 1292 patior.
426 1242 569 1295 Auctor
592 1243 694 1278 enim
713 1254 802 1278 suos
829 1242 904 1278 sibi
923 1240 1073 1288 mistos,
1102 1253 1198 1290 quos
1221 1248 1456 1291 sequeretur,
1475 1241 1546 1279 ha-

103 1297 206 1335 buit:
237 1299 280 1335 in
306 1297 366 1335 his
387 1298 578 1350 Agrippae
604 1310 682 1334 non
700 1298 925 1347 infrequens
945 1298 1038 1334 olim
1058 1310 1289 1346 praenomen
1306 1300 1468 1346 reperit:
1499 1303 1546 1335 ut

102 1360 304 1400 mutemus,
318 1355 360 1391 in
379 1353 556 1391 dissensu
576 1354 740 1390 aliorum
763 1355 863 1390 iusta
882 1366 1016 1391 caussa
1039 1366 1119 1390 non
1139 1360 1209 1398 est,
1235 1368 1320 1392 cum
1340 1356 1449 1403 plura
1469 1354 1546 1392 sibi

103 1412 258 1460 propria
277 1416 416 1449 servet.
445 1409 523 1448 Iam
549 1409 723 1447 Chilonis
744 1422 958 1460 cognomen
979 1409 1163 1447 adserunt
1173 1408 1369 1448 Charisius
1390 1409 1434 1450 L.
1457 1410 1485 1446 Ι.
1505 1423 1544 1460 p.

108 1468 182 1507 78.
217 1464 399 1504 chilones
417 1480 503 1504 cum
515 1467 790 1518 adspiratione
811 1479 861 1503 ea:
876 1467 1034 1505 Graeco
1056 1465 1228 1505 alabris
1242 1466 1548 1519 inprobior-ibas,

105 1535 210 1574 quae
240 1523 303 1560 illi
327 1521 457 1574 χείλη.
499 1522 613 1561 Unde
641 1533 856 1561 cmzozvss
880 1522 1082 1574 inprobitas
1102 1522 1266 1561 labi-ati.
1312 1522 1365 1560 Et
1385 1522 1543 1562 Festus:

110 1578 220 1617 Chilo
241 1579 392 1617 dicitur
410 1585 662 1629 cognomento
682 1592 709 1616 a
729 1580 1000 1628 magnitudine
1021 1578 1235 1617 labrorum.
1272 1578 1409 1617 WVESS.

216 1635 325 1676 498.
356 1636 429 1675 74.
470 1632 530 1674 Τὸ
566 1632 690 1680 ἔθνος
719 1637 804 1674 τῶν
830 1636 1076 1685 Καμπανῶν
1111 1633 1313 1687 συνέστη]
1359 1635 1551 1673 Eusebius

107 1689 200 1728 haec
222 1691 271 1728 ad
290 1691 449 1729 verbum
475 1693 666 1741 exscripta
686 1693 821 1729 retulit
847 1691 896 1729 ad
915 1703 1059 1729 annum
1078 1690 1234 1741 Olymp.
1255 1702 1414 1728 Lxxxv.
1435 1703 1552 1740 quar-

109 1753 201 1785 tum.
225 1745 373 1797 Capuae
391 1750 514 1799 origo,
533 1748 576 1784 in
595 1747 693 1785 hanc
711 1749 814 1785 enim
832 1750 972 1795 coiere,
995 1746 1159 1784 diversis
1178 1755 1377 1785 auctorum
1397 1750 1550 1796 opinio-

108 1805 224 1841 nibus
242 1805 391 1841 incerta
408 1811 478 1843 est.
513 1802 606 1841 Cato
626 1817 649 1841 a
670 1803 810 1841 Tuscis
830 1803 1024 1841 conditam
1043 1805 1196 1841 stetisse
1218 1804 1454 1851 adfirmabat,
1479 1816 1551 1840 an-

110 1866 265 1910 tequam
293 1873 317 1896 a
346 1858 530 1897 Romanis
560 1867 757 1910 caperetur
780 1862 892 1897 annis
918 1861 1070 1897 circiter
1099 1870 1202 1897 chx
1231 1862 1273 1897 in
1295 1861 1432 1897 Velleii
1450 1859 1494 1899 L.
1519 1858 1550 1896 Ι.

113 1917 153 1956 7.
183 1915 250 1953 Sic
269 1922 358 1953 ante
377 1915 447 1954 hos
476 1926 579 1952 xxv1
601 1929 722 1953 annos
742 1918 896 1955 initium
915 1917 1068 1964 ceperit.
1094 1915 1179 1966 Ipse
1198 1916 1367 1953 Velleius
1386 1919 1551 1964 primor-

112 1972 187 2009 diis
207 1971 350 2009 Romae
370 1973 476 2010 urbis
494 1973 749 2021 antiquiorem
767 1972 951 2022 perhibet.
989 1969 1132 2009 Contra
1150 1973 1283 2011 Livius
1303 1973 1450 2009 duobus
1469 1973 1552 2009 fere

113 2036 151 2065 et
175 2039 238 2064 xx
259 2028 398 2066 abhinc
420 2031 533 2066 annis
555 2042 577 2065 a
601 2028 840 2066 Samnitibus
860 2035 1008 2077 captam
1028 2029 1170 2076 tradit,
1207 2025 1448 2077 Capuamque
1472 2035 1554 2067 tum

111 2085 263 2123 demum
282 2084 436 2122 dietam.
462 2084 587 2122 Verba
606 2098 655 2122 ex
674 2085 716 2122 L.
735 2084 799 2122 lv.
827 2085 900 2125 37.
921 2085 1149 2131 adscribam,
1180 2093 1270 2122 sunt
1289 2089 1391 2122 enim
1413 2097 1553 2134 oppor-

113 2148 225 2178 tuna:
255 2140 480 2192 Peregrina
501 2154 588 2189 res,
618 2143 689 2180 sed
705 2143 894 2179 memoria
916 2142 1061 2191 digna,
1091 2143 1270 2179 traditur
1291 2154 1334 2178 eo
1358 2140 1554 2188 menofa-

114 2203 205 2235 cta:
252 2197 392 2235 Vultur
383 2212 482 2235 mum
509 2197 767 2236 Etruseorum
789 2212 838 2236 ur
841 2197 945 2245 bem,
981 2210 1082 2250 quae
1101 2211 1203 2235 nunc
1226 2198 1364 2249 Capua
1385 2204 1466 2243 est,
1502 2196 1552 2234 ab

115 2252 357 2292 Samnitibus
376 2261 548 2307 captam,
565 2254 817 2306 Capuamque
837 2254 885 2291 ab
908 2255 1004 2292 duce
1024 2266 1157 2291 eoram
1182 2254 1328 2305 Capye,
1346 2256 1409 2291 vel
1427 2250 1556 2304 (qaod

107 2311 279 2361 propias
306 2323 400 2348 vero
420 2311 509 2364 est)
539 2324 565 2347 a
585 2312 804 2362 campestri
830 2322 932 2360 agro
952 2309 1208 2361 adpellatam.
1242 2312 1317 2354 Qui
1339 2311 1491 2359 quidem
1510 2312 1554 2347 in

116 2368 283 2403 nominis
304 2367 454 2417 origine
474 2380 497 2404 a
514 2366 686 2404 Diodoro
706 2367 804 2404 nihil
821 2366 1026 2404 admodum
1051 2366 1252 2414 dissentit,
1281 2374 1324 2404 ut
1344 2380 1414 2403 nec
1432 2366 1555 2408 Varro

116 2423 157 2458 in
179 2421 310 2459 Servii
329 2423 378 2459 ad
395 2421 552 2460 Aeneid.
571 2423 624 2460 X.
650 2424 753 2464 145.
778 2426 891 2461 notis.
923 2422 974 2460 Et
993 2423 1088 2460 bene
1108 2424 1294 2471 profecto.
1330 2422 1392 2459 Ex
1412 2424 1555 2473 κῆπος,

118 2478 272 2525 κᾶπος,
309 2484 402 2516 nata
442 2479 580 2531 Capua
609 2486 688 2528 est,
724 2479 825 2517 unde
852 2478 1056 2532 Campani.
1098 2479 1184 2518 vid.
1205 2479 1275 2518 Ph.
1296 2478 1448 2518 Cluver.
1471 2478 1555 2516 Ital.

119 2533 250 2582 Antiq.
269 2532 331 2570 lV.
359 2536 396 2575 1.
426 2534 560 2572 WEss.

228 2590 336 2630 498.
368 2592 440 2630 77.
473 2588 802 2642 Ὀνομασθὲντες
834 2589 879 2631 δὲ
901 2587 1290 2645 Ἀρχαιανακτίδαι]
1322 2593 1397 2637 Qui
1421 2603 1558 2643 genus,

118 2645 220 2682 unde
238 2646 348 2685 domo
367 2645 712 2686 Archaeanactidae
730 2650 895 2695 fuerint,
939 2662 1025 2686 cum
1043 2655 1192 2697 praeter
1213 2648 1426 2686 Diodorum
1445 2659 1556 2684 nemo

121 2703 320 2750 quisquam
347 2715 478 2740 eorum
508 2706 821 2752 conmeminerit,
850 2704 1053 2742 difficulter
1081 2707 1347 2744 constituetur.
1379 2703 1423 2740 In
1445 2702 1556 2740 Stra-

123 2759 220 2795 bone
243 2757 286 2794 L.
306 2757 414 2795 Xlll.
436 2772 471 2808 p.
495 2761 598 2800 895.
619 2763 808 2810 reperitur
832 2760 1099 2799 Archaeanax
1117 2761 1388 2812 Mitylenaeus,
1408 2761 1473 2807 qui
1490 2758 1554 2796 Si-

122 2827 233 2865 geum
252 2813 391 2852 Pittaci
421 2822 459 2852 et
478 2815 610 2854 Alcaei
640 2824 762 2854 aetate
793 2818 988 2855 munierit.
1025 2816 1142 2856 Cuius
1161 2818 1326 2867 posteri,
1358 2822 1559 2866 postquam

124 2869 232 2920 Sigei
260 2872 501 2920 possessione
525 2872 769 2920 exciderant,
799 2880 1004 2924 potuerunt
1022 2875 1065 2913 in
1085 2872 1298 2924 Bosporum
1317 2872 1560 2911 Cinuuerium
