1828 3253
299 71 395 114 656
618 101 622 106 .
771 66 1294 110 ANNOTATIONES

416 182 519 223 571.
549 181 622 222 1‘4.
651 179 724 228 Εἷς
747 177 982 232 Ἐλεοῦντα]
1011 181 1158 221 Eodem
1176 186 1288 232 plane
1307 184 1522 233 modocap.
1541 184 1630 233 49„
1661 184 1740 224 De-

298 238 491 278 mosthen.
519 241 562 276 in
590 238 817 276 Aristocrat.
844 252 878 288 p.
902 240 1022 286 428..
1060 239 1278 290 Xenophon
1301 241 1451 278 Hellen.
1482 242 1529 279 11.
1559 254 1592 290 p.
1619 244 1739 290 355.‚

298 296 465 334 Pausan.
490 294 517 331 l.
540 295 631 343 34„
663 295 833 332 Galenus
856 295 937 332 L.1.
961 296 1006 332 de
1025 297 1198 336 Antidot.
1223 299 1389 347 p.426.‚
1422 298 1640 336 Philostrat.
1660 298 1740 335 He-

298 355 393 389 roic.
414 351 588 388 Prooem.
611 364 646 400 p.
669 353 775 392 666.
815 351 893 388 Alii
913 349 1176 401 1Ελαιοῦντα,
1208 361 1249 390 ut
1270 353 1487 404 Thucydid.
1510 354 1611 391 Vlll.
1637 356 1738 395 103.

298 416 340 446 ,et
361 409 427 456 q'ui
451 407 498 444 ad
518 410 778 445 testimonium
799 409 879 444 illic
900 410 1056 445 excitati
1078 417 1167 446 sunt
1186 423 1207 446 a
1229 408 1284 447 Cl.
1312 411 1459 447 wasse.
1489 411 1623 450 XVEss.

414 465 516 503 571.
556 465 625 503 19.
650 461 780 503 ’Όντα
801 466 901 503 νεῶν
923 464 1038 504 δυοῖν
1061 462 1244 518 ἐλάττω]
1285 466 1450 503 Reddidi
1473 466 1645 504 Diodoro
1667 481 1735 505 ve-

295 522 437 557 riorem
458 522 695 568 scripturam.
738 520 781 556 ln
801 523 957 557 navium
979 523 1151 571 catalogo
1178 525 1337 560 multum
1361 524 1520 560 dissidet
1541 522 1738 574 Thucydi-

298 576 388 623 des,
431 575 732 613 Atheniensibus
771 587 954 623 Lxxxvl,
1004 577 1292 626 Peloponnesiis
1320 590 1450 615 vam
1482 581 1652 616 tribuens
1694 579 1736 616 L.

296 632 399 671 Vlll.
440 634 569 679 104,
611 645 684 680 quo
720 640 845 669 tamen
877 635 959 670 loco
986 647 1228 672 numerorum
1262 638 1581 673 conmutationem
1619 636 1738 673 fuisse

293 690 457 734 factam,
486 692 697 726 iustissima
727 696 785 726 est
804 688 860 726 Cl.
888 689 1066 726 Hudsoni
1085 693 1260 740 suspicio.
1301 692 1472 740 Namque
1493 705 1539 728 ex
1567 706 1607 728 re
1630 699 1738 742 gesta

294 752 333 781 et
363 746 505 782 Nostro
537 747 773 794 apertissime
804 753 986 792 constat,v
1014 746 1266 784 Athenienses
1298 752 1454 785 navium
1491 749 1736 786 multitudine

293 813 404 850 pares
426 801 597 838 hostibus
620 814 696 837 non
720 802 850 838 fuisse.
881 802 1014 839 VVESS.

409 858 512 896 571.
542 859 616 897 27.
656 855 751 895 Ἐπὶ
776 856 821 896 τι)
842 857 918 907 μὲν
941 855 1070 904 ()ἐξιόν
1092 854 1249 909 ἐτάχθη
1277 855 1546 911 Θράσυλλος]
1578 859 1736 910 Thucy-

292 912 400 958 dides
423 913 464 949 L.
489 913 589 950 VIII.
618 914 718 953 104.
756 913 1000 963 Thrasybulo
1031 915 1202 952 dextram
1224 917 1364 961 aciem,
1391 917 1587 953 sinistram
1613 915 1738 953 Thra-

292 972 392 1019 syllo
424 970 633 1006 curandam
665 970 742 1006 dat.
782 971 906 1014 Quare
937 978 1001 1007 aut
1032 970 1114 1018 hic,
1143 979 1209 1008 aut
1242 974 1281 1008 in
1311 973 1399 1009 belli
1422 972 1737 1021 Peloponnesiaci

291 1027 478 1075 scriptore
500 1027 660 1063 confusa
680 1025 914 1076 Thrasybuli
939 1034 976 1063 et
1006 1026 1229 1077 Thrasylli,
1259 1029 1356 1076 quod
1378 1035 1415 1065 et
1436 1030 1531 1065 alias
1551 1029 1736 1066 accidisse

289 1082 529 1129 videbimus,
555 1089 646 1119 sunt
668 1084 837 1121 nomina.
876 1083 1076 1120 Praeterea
1095 1085 1140 1120 de
1166 1084 1413 1121 Hermocrate
1435 1085 1532 1132 quod
1555 1088 1628 1131 ait,
1660 1084 1737 1135 Sy-

288 1151 564 1175 racusanorum
589 1152 673 1175 eum
694 1140 857 1177 navibus
875 1142 913 1176 in
934 1139 1069 1176 dextro
1090 1154 1209 1177 cornu
1232 1144 1449 1190 imperasse,
1470 1142 1514 1184 vid
1537 1140 1736 1191 Thucydi-

290 1195 357 1231 des
376 1203 500 1231 ratum
523 1208 599 1231 non
626 1194 752 1241 habet,
778 1196 918 1232 diserte
940 1195 1158 1243 adfirmans,
1189 1199 1297 1235 illum
1315 1211 1336 1233 a
1360 1200 1493 1234 classis
1519 1200 1735 1246 praefectu-

288 1264 332 1288 ra
358 1259 545 1288 remotum
563 1258 651 1288 ante
673 1251 769 1287 hanc
789 1265 953 1302 pugnam
968 1252 1286 1290 Lacedaemonem
1310 1254 1451 1290 abiisse
1475 1254 1516 1292 l..
1543 1254 1644 1291 vlu.
1661 1255 1732 1294 85.

289 1307 386 1344 Vide
408 1316 535 1344 tamen
556 1315 593 1343 et
611 1306 860 1355 Xenophont.
881 1307 968 1344 Rer.
994 1308 1127 1345 Graec.
1150 1310 1190 1345 L.
1215 1309 1242 1348 l.
1269 1323 1302 1357 p.
1324 1311 1428 1349 336.
1460 1310 1591 1346 W'Ess.

405 1365 509 1403 571.
538 1364 612 1402 41.
636 1359 782 1402 ιΟπότε
801 1362 878 1416 γὰρ
901 1362 938 1402 oi
962 1362 1289 1416 Πὸλοποννῆσιοι
1313 1366 1410 1415 em]
1438 1366 1596 1410 Navalis
1620 1365 1733 1403 huius

287 1421 422 1469 praelii
444 1420 616 1456 ordinem
648 1422 679 1456 si
699 1420 797 1469 apud
824 1420 999 1470 Thucyd.
1021 1420 1121 1457 Vlll.
1151 1423 1248 1460 105.
1283 1424 1451 1473 relegas,
1477 1424 1590 1459 facilc
1622 1423 1732 1459 diffe-

286 1479 449 1513 rentiam
480 1476 773 1512 animadvertes.
820 1476 903 1512 Hoc
922 1483 1047 1513 autem
1078 1491 1159 1513 esse
1193 1479 1363 1525 videtur,
1396 1479 1440 1514 de
1475 1492 1548 1528 quo
1568 1478 1667 1515 Mela
1686 1478 1730 1515 L.

286 1531 334 1568 II.
356 1535 396 1571 2.
419 1534 491 1572 62.
527 1531 600 1568 Est
621 1539 660 1568 et
673 1539 818 1582 portus
843 1533 1003 1578 Coelos,
1032 1533 1331 1571 Atheniensibus
1352 1542 1391 1571 et
1409 1535 1734 1573 Lacedaemoniis

285 1589 425 1625 navali
452 1591 540 1625 acie
570 1589 888 1630 decertantibus,
926 1589 1150 1626 Laconicae
1182 1592 1321 1628 classis
1349 1594 1532 1641 signatus
1562 1593 1729 1628 erc-idio.

286 1645 360 1681 vix
383 1647 484 1681 enim
507 1645 608 1681 aliud
635 1648 813 1692 reperias,
829 1645 1105 1693 Spartanorum
1126 1646 1196 1683 hoc
1219 1649 1256 1683 iu
1278 1655 1400 1684 tractu
1421 1649 1571 1685 excidio
1593 1649 1730 1686 nobile.

284 1701 423 1738 Portus
457 1701 595 1738 Coelos·
623 1699 760 1748 Sesto,
796 1702 841 1738 ad
873 1716 985 1751 quam
1021 1702 1111 1738 haec
1143 1717 1290 1753 pugna,
1331 1717 1408 1740 non
1439 1706 1551 1754 longe
1584 1705 1728 1751 aberat,

283 1760 481 1806 proximus
516 1769 664 1806 quoque
691 1759 973 1806 promontorio,
1017 1759 1115 1806 quod
1151 1760 1384 1810 Cynossema
1411 1761 1622 1808 vocabant,
1662 1762 1729 1799 ubi

282 1821 478 1862 tropaeum
509 1816 677 1850 victores
716 1821 952 1851 statuerunt:
1002 1824 1045 1852 ut
1076 1815 1169 1852 adeo
1212 1816 1311 1853 haud
1341 1819 1438 1853 male
1465 1825 1604 1855 cuncta
1636 1830 1729 1854 con-

281 1878 436 1921 gruant.
480 1870 616 1909 WEss,

397 1928 501 1966 572.
528 1928 598 1965 50.
628 1926 834 1979 H).ayt'at.;·
851 1925 1054 1979 ἔνέσειον]
1083 1925 1231 1964 Clarius
1252 1927 1292 1965 L.
1314 1928 1419 1965 XIV.
1445 1931 1515 1968 72.
1547 1927 1590 1967 αἱ
1609 1926 1727 1968 πολί-

280 1998 370 2032 μιαι
404 1985 504 2028 ναῦς
533 1982 623 2028 ταῖς
654 1983 842 2035 eipefft'atg
873 1980 1139 2033 ἓλαιψόμεναι
1172 1983 1360 2035 πλαγίαις
1392 1983 1575 2023 ἐνέσειον.
1614 1985 1726 2035 Inpe-

281 2045 362 2076 tum
385 2039 550 2086 indicat,
581 2051 654 2087 quo
674 2042 715 2076 in
737 2039 903 2077 hostium
924 2053 1042 2076 naves
1071 2047 1184 2088 atque
1205 2041 1323 2077 aciem
1344 2042 1585 2078 incurrimus.
1621 2042 1726 2079 Plut.

280 2095 390 2131 Alex·
418 2108 452 2143 p-
475 2098 579 2135 668.
600 2095 641 2132 F.
669 2096 735 2133 καὶ
758 2094 911 2147 λέγεται
933 2092 1098 2146 ’πρῶτος
1120 2096 1292 2134 ἐνσεῖσαι
1314 2099 1369 2150 τῷ
1393 2094 1485 2150 ἱερῷ
1508 2093 1616 2151 λόχῳ
1641 2100 1725 2136 τῶν

284 2150 497 2201 Θιιράίιιιν.
528 2151 662 2188 Paullo
683 2153 874 2189 diversum
896 2160 953 2188 est
971 2152 1132 2189 Luciaui
1163 2153 1208 2188 de
1231 2152 1346 2189 Merc.
1371 2152 1489 2190 Cond.
1510 2168 1541 2190 c.
1565 2156 1636 2193 30.
1668 2154 1722 2201 εἷς

280 2203 366 2245 οἷον
379 2203 603 2261 βάραθρον
626 2207 762 2260 ᾳέρων
784 2206 962 2259 ἐματτὸν
987 2208 1202 2247 ἐνσέσεικα.
1225 2216 1262 2245 et
1273 2208 1371 2245 Plut.
1394 2210 1439 2245 de
1453 2209 1720 2258 Cupid.Divit.

278 2277 313 2313 p.
338 2264 440 2302 524.
471 2263 514 2299 A.
553 2263 824 2302 ἐνσεσείκασιν
854 2264 908 2311 εἷς
948 2260 1150 2316 βάραθρα
1181 2265 1445 2315 σνμβόλαίων
1478 2267 1544 2305 καὶ
1575 2263 1720 2306 τόκων.

279 2319 394 2356 Aliud
417 2331 587 2367 quoque,
615 2320 678 2355 sed
712 2333 759 2356 ex
786 2321 916 2357 eodem
936 2322 1041 2357 fonte
1070 2334 1250 2367 mananS,
1280 2323 1319 2358 in
1348 2322 1515 2359 eiusdem
1546 2323 1646 2360 Plut.
1673 2323 1719 2360 de

280 2376 428 2413 socrat.
450 2375 546 2412 Gen.
579 2389 614 2424 p.
638 2378 739 2416 588.
762 2376 803 2413 Β.
836 2377 902 2415 καὶ
928 2374 998 2415 τὸν
1016 2375 1183 2428 Ἀρχίαν
1205 2375 1330 2423 εὐθὺς
1361 2377 1550 2417 ἐνσείσων
1571 2378 1626 2424 εἷς
1646 2376 1719 2418 τὸν

279 2428 419 2470 πότον.
466 2431 517 2468 Et
548 2434 588 2468 in
627 2431 810 2469 Phocion.
840 2447 875 2483 p.
913 2435 1016 2472 751.
1043 2433 1084 2472 F.
1129 2428 1184 2479 ὡς
1219 2433 1263 2472 δὲ
1303 2432 1440 2486 (Γέρων
1470 2433 1661 2474 ἐνέσεισεν
1695 2430 1715 2474 ὅ

276 2486 537 2539 Aemo-9517&
561 2485 636 2539 τὴν
666 2485 785 2527 πόλιί
807 2489 861 2535 εἷς
883 2487 954 2528 τὸν
980 2485 1213 2540 ιΕλλψίκόν
1244 2486 1432 2541 πόλεμον.
1466 2490 1541 2528 Sed
1563 2492 1716 2528 desino:

277 2544 369 2581 haec
388 2539 509 2591 verbi,
532 2557 649 2593 paene
670 2558 693 2582 a
715 2545 943 2583 Lexicorum
961 2546 1224 2583 conditoribus
1243 2549 1422 2597 neglecti,
1437 2560 1547 2584 usum
1566 2548 1716 2585 abunde

276 2601 484 2638 illustrant.
514 2601 646 2637 VVESS.

391 2658 495 2696 572.
528 2658 600 2697 64.
639 2656 934 2709 Συρακουσίων
954 2656 998 2697 δὲ
1022 2657 1089 2697 καὶ
1108 2657 1412 2710 Παλληναίων]
1445 2658 1600 2696 Omittit
1619 2659 1712 2696 duas

273 2710 503 2753 Boeotorum
523 2719 560 2751 et
579 2712 855 2762 Spartanorum
875 2727 1010 2761 unam,
1046 2714 1179 2753 itidem
1197 2715 1244 2753 ab
1263 2714 1562 2753 Atheniensibus
1583 2722 1712 2766 captas
