1828 3253
471 125 532 162 1N
566 122 674 162 mu.
705 123 760 162 ει.
796 123 920 161 ow.
952 126 1027 165 29.
1062 127 1135 166 30.
1431 130 1518 168 1:95

71 234 238 292 Κρόνον
259 232 586 288 ὀνομαζόμενον,
609 233 937 288 ἐπιφανέστατόν
969 250 1010 275 τε
1036 236 1104 274 καὶ
1137 239 1308 277 πλεῖστα
1338 237 1406 278 καὶ
1438 239 1514 289 μέ-

70 307 190 347 γιστα
215 292 553 346 προσημαίνοντα
573 293 770 331 καλοῦσιν
800 292 955 343 Βῆλον.
1006 292 1183 330 Praeter*
1206 303 1358 332 ceteros
1381 302 1513 334 autem

71 363 171 397 eum,
198 353 268 402 qui
291 350 461 388 Graecis
483 349 648 395 Crenas,
670 350 836 385 omnium
859 349 1122 386 clarissimum
1144 351 1511 403 etplu1·z'map1·ae-

70 409 266 459 cipuaque
286 407 612 458 portendentem,
659 405 868 456 appellant
894 404 1047 442 Belum.
1096 405 1153 443 Ita
1182 408 1336 454 privum
1363 409 1510 457 aliquid

68 462 269 501 Chaldaeis
299 468 338 498 et
365 475 388 499 a
418 460 654 499 Graecorum
681 461 926 511 opinionibus
960 461 1193 499 dissentiens
1230 461 1437 512 habemus,
1472 472 1511 501 et

68 521 209 567 optime
229 524 525 566 consequuntur,
550 514 648 563 τοὺς
667 515 712 555 δὲ
731 513 881 562 ἄλλους
899 514 1105 569 τέσσαρας
1127 513 1281 568 ὁμοίιος
1304 524 1390 564 τοῖς
1412 518 1507 571 παρ’

67 571 167 627 ἡμῖν
181 582 253 612 etc.
288 573 368 611 Iam
385 587 478 612 vero
502 573 712 611 Saturnum
732 572 968 621 Saturnique
997 576 1145 611 stellam
1168 587 1325 611 vocasse
1349 589 1413 612 eos
1436 576 1510 613 Be-

67 633 169 678 lum,
198 637 333 668 testem
352 630 401 666 do
431 627 688 677 Theophilum
707 628 772 665 Ill.
801 629 848 665 ad
878 629 1056 679 Autolye.
1087 644 1118 667 c.
1141 631 1214 670 30.
1254 638 1293 667 et
1328 630 1508 669 Servium

67 689 109 725 in
131 686 289 724 Aeneid.
320 685 350 725 1.
386 687 491 726 646.
516 685 622 725 734.
675 684 766 722 Scio
793 683 1006 722 Diodorum
1036 699 1150 736 supra
1181 700 1213 723 e.
1239 690 1279 726 8.
1298 693 1337 724 et
1358 689 1399 727 9.
1429 695 1508 725 tra-

68 742 236 790 didisse,
276 741 408 781 Iovem
438 741 674 792 Babylonios
709 753 949 790 nuncupasse
975 740 1143 789 Belzch
1187 744 1294 780 cuius
1328 744 1508 781 vocabuli

65 806 233 849 potestas
262 798 338 835 late
367 811 453 836 cum
478 804 646 846 pateret,
673 800 798 846 potuit
826 797 926 834 idem
952 811 1091 835 nomen
1122 801 1162 835 in
1190 812 1232 835 re
1262 798 1507 850 Astrologiea

64 858 197 904 utique
216 861 255 891 et
277 853 447 891 Saturno
467 854 573 901 indi3
597 853 696 901 quod
722 860 759 889 et
784 860 886 890 recte
910 855 1182 892 animadvertit
1200 854 1272 892 Th.
1295 855 1507 903 Stanleius,

65 913 154 949 vitii
179 910 282 948 hunc
310 912 457 958 locum,
487 916 626 961 negata
647 915 774 946 tamen
799 910 968 956 medela,
999 922 1184 948 accusans
1207 911 1250 948 P.
1270 911 1380 948 XIII.
1401 911 1504 951 Hist.

64 963 209 1004 Philos.
237 965 281 1005 S.
314 965 363 1003 Il.
392 967 465 1006 37.
512 966 622 1010 Quod
654 967 686 1002 si
713 972 841 1002 tamen
863 967 982 1003 nimia
1007 967 1184 1004 videatur
1211 969 1369 1004 ultimae
1398 969 1506 1006 vocis

63 1026 245 1069 mutatio,
274 1022 363 1061 vide
391 1035 441 1060 an
454 1021 581 1061 ‘fssov
600 1023 725 1058 lenius
746 1023 815 1058 sit:
867 1025 923 1058 sie
946 1024 1049 1060 enim
1074 1030 1112 1059 et
1134 1022 1345 1060 Saturnum
1363 1025 1505 1073 apella-

64 1079 169 1116 bant.
208 1078 433 1116 Damascius
462 1081 504 1116 in
532 1077 633 1115 Bibl.
658 1076 786 1114 Photii
815 1089 853 1125 p
882 1078 1248 1125 1050.(1)οίιικες
1276 1079 1345 1118 καὶ
1377 1076 1505 1133 Σύροι

61 1131 136 1176 τὸν
161 1131 328 1189 Κρόνον
341 1126 421 1173 ἴΗλ
441 1133 509 1173 καὶ
541 1132 634 1186 Βὴλ
658 1132 726 1172 καὶ
746 1129 951 1185 Βολάθην
980 1129 1292 1185 ἐπονομάζουσι.
1311 1134 1389 1173 ἊῙΕ
1393 1147 1448 1175 ss.

180 1202 284 1243 144.
320 1202 396 1241 92.
441 1198 508 1240 Τὰ
526 1198 628 1252 μέλ)
633 1216 733 1241 οντα
761 1200 950 1253 γίνεσθαι
973 1197 1228 1252 δεικνύουσι]
1265 1202 1389 1240 Multo
1412 1203 1505 1241 haec

59 1260 211 1310 plenius
232 1257 341 1297 Sext.
364 1257 549 1307 Empiric.
568 1257 613 1294 V.
632 1257 731 1296 Adv.
752 1257 947 1309 Astrolog.
973 1269 1009 1306 p.
1029 1258 1134 1299 338.
1158 1265 1230 1295 ete.
1259 1259 1394 1296 WVEss.

175 1325 279 1367 144.
308 1325 350 1365 4.
407 1322 493 1372 Οὓς
525 1321 877 1378 προσαγορεύουσι
904 1324 1128 1376 βουλαίους
1150 1322 1306 1378 θεοὺς]
1351 1326 1452 1364 Erat
1467 1335 1506 1364 et

60 1381 134 1419 hoc
161 1395 304 1420 nomen
332 1384 374 1419 in
397 1381 675 1433 Aegyptiorum
707 1381 933 1430 disciplina,
963 1382 1029 1418 sed
1049 1385 1198 1419 ratione
1226 1383 1393 1420 diversa.
1442 1383 1505 1421 Illi

59 1448 124 1475 ΧΠ
152 1438 315 1476 Zodiaci
349 1440 462 1489 signa
484 1451 528 1475 eo
558 1439 673 1474 titulo
706 1439 906 1477 ornabant.
987 1435 1053 1476 Τὰ
1080 1436 1156 1505 μὲν
1187 1434 1347 1478 δώδεκα
1379 1435 1505 1487 ζώὸια

60 1491 188 1540 θεοὺς
214 1493 438 1544 βουλαίους
458 1508 807 1545 npoomopevoav.
833 1491 931 1540 τοὺς
952 1492 996 1533 δὲ
1016 1489 1251 1546 πλανήτας,
1286 1492 1505 1549 ῥαβδοφό-

61 1564 160 1604 ρους
192 1548 322 1587 Schol.
344 1549 523 1598 Apollon.
544 1548 668 1587 Rhod.
688 1549 751 1588 IV.
774 1553 880 1591 262.
911 1550 1044 1588 WEss.

178 1617 278 1658 144.
303 1616 341 1656 5.
363 1612 464 1656 εΥπέ
466 1632 488 1670 ρ
509 1619 585 1669 γῆν
604 1612 776 1667 τόπους]
797 1613 1058 1667 Reponatur
1037 1611 1133 1667 υπὸ,
1160 1623 1204 1655 ut
1223 1631 1371 1665 sensus,
1402 1632 1422 1656 e
1444 1631 1504 1656 se-

60 1673 265 1723 quentibus
299 1674 474 1720 elucens,
513 1674 692 1721 postulat.
741 1672 875 1710 Ruon.
938 1674 1008 1710 Iul.
1044 1672 1150 1710 Caes.
1187 1673 1427 1725 Bulengerus
1466 1682 1505 1712 et

58 1729 153 1767 haec
188 1730 320 1780 attigit
357 1730 399 1765 in
443 1728 578 1779 Eclog
624 1728 672 1765 ad
710 1729 853 1767 Arnob.
889 1744 924 1779 p.
953 1730 1058 1770 383
1071 1757 1082 1776 ,
1130 1745 1210 1769 vno
1259 1733 1336 1782 γῆν
1386 1731 1503 1768 refin-

61 1799 170 1837 gens.
219 1785 442 1823 Maluissem
489 1783 769 1822 Rhodomanno
828 1787 1156 1834 transcripsisset,
1218 1789 1281 1822 cui
1334 1785 1502 1824 debetur.

57 1842 192 1880 WEss.
221 1844 264 1878 in
296 1840 396 1880 Add.

172 1908 276 1953 144.
314 1909 356 1948 6.
408 1904 519 1955 Τοὺς
550 1906 596 1947 δὲ
633 1903 793 1960 ἡμίσεις
821 1902 900 1949 ὑπὸ
940 1905 1016 1961 τὴν
1044 1908 1147 1961 γῆν]
1194 1905 1279 1946 Hoc
1305 1908 1425 1947 malui
1456 1910 1502 1948 ob

58 1967 221 2015 scriptos
239 1965 381 2012 libros3
407 1977 502 2014 quae
533 1972 764 2013 sequuntur,
793 1972 975 2015 utrosque
1011 1970 1206 2015 spectant,
1235 1973 1272 2002 et
1291 1968 1355 2014 qui
1388 1979 1503 2014 supra

56 2028 218 2068 terram,
246 2022 386 2071 quique
418 2022 522 2058 infra
552 2033 635 2058 eam
666 2023 749 2057 loca
776 2023 962 2059 lustrant:
996 2028 1085 2058 sunt
1114 2024 1215 2058 enim
1249 2021 1429 2068 Περσηί,
1459 2029 1503 2059 ut

56 2084 268 2124 vocantur,
292 2072 474 2130 ᾳυλακες
495 2076 563 2116 καὶ
583 2076 793 2116 ἐπίσκοποι
816 2074 996 2130 ἀκριβεῖς
1016 2080 1089 2117 τοῦ
1110 2073 1279 2124 παντός.
1313 2077 1409 2115 Vide
1429 2076 1502 2116 'lh.

58 2132 241 2173 Galacum
263 2135 306 2170 in
324 2129 520 2170 lamblich.
548 2145 585 2181 p.
601 2133 708 2173 304.
756 2133 806 2170 W
810 2143 890 2170 uss.

175 2201 380 2240 144.11.
429 2201 527 2240 Τῶν
549 2202 663 2240 θεῶν
696 2198 740 2238 ὁὲ
771 2200 936 2253 κυρίους
967 2203 1068 2239 εἶναι
1098 2197 1230 2253 φασὶ]
1273 2197 1502 2238 lamblichus

60 2254 106 2292 (le
137 2253 510 2306 Myster.p·16().
555 2253 653 2302 τοὺς
681 2253 922 2308 7εγομέιηοις
954 2254 1175 2309 κραταιοὺς
1202 2255 1270 2294 καὶ
1300 2252 1502 2308 ἦμμόιας

0 2324 1 2330 ’
58 2313 243 2361 appellat,
268 2312 335 2349 ubi
365 2319 578 2360 opportune
602 2311 676 2349 Th.
699 2311 886 2359 Galaeus,
917 2311 1121 2350 Diodorus
1152 2313 1333 2359 Siculus,
1364 2315 1502 2362 iuquit..

0 2374 1 2397 ἐ
58 2369 169 2418 apud
185 2367 406 2406 Chaldaeos
418 2376 518 2419 post
534 2365 725 2408 Aezenoi
720 2382 748 2414 ς
770 2372 821 2406 :le
826 2382 898 2414 ους
919 2382 1002 2406 esse
1021 2372 1085 2406 ait
1102 2371 1185 2407 τῶν
1205 2370 1317 2407 θειῦι
1338 2369 1478 2419 κυρίοι
1483 2383 1502 2414 ς

58 2419 218 2462 ὁώὸεκα
237 2421 310 2463 τὸν
330 2420 526 2490 ἀριθμόν.
567 2425 632 2462 Ihi
649 2427 806 2475 intetpl·
809 2437 850 2461 es
879 2427 1033 2476 inepte,
1062 2424 1166 2461 Deos
1188 2425 1402 2489 principes,
1421 2437 1500 2474 pro

57 2475 229 2516 Deorum
259 2482 450 2529 principes
489 2482 623 2518 vertit.
688 2481 812 2518 A'ddzt
847 2479 1074 2527 Diodoms,
1110 2478 1248 2517 lem-nm.
1269 2482 1501 2531 principum

57 2530 216 2589 ἑκάστῳ
235 2537 347 2586 μῆνα
367 2534 437 2574 ἵνα
460 2551 526 2574 και
555 2538 639 2576 τῶν
662 2533 823 2575 dodum
846 2533 1042 2584 ζιι)δ”’“ιων
1023 2552 1065 2575 (ν
1088 2533 1320 2586 ἇπονέμοι
1301 2550 1350 2573 σι.
1386 2536 1451 2573 Har
1444 2550 1500 2570 'ee

58 2593 187 2628 omnia
210 2590 410 2642 descrzpta
440 2591 560 2629 habes
588 2594 627 2629 in
658 2588 912 2629 kalendario
936 2592 1189 2629 Fames-iano
1220 2593 1330 2641 apud
1354 2593 1437 2628 (lt-:1
1444 2600 1499 2626 [ι-

53 2660 142 2685 rum
169 2659 214 2698 p.
243 2657 479 2694 CXXXV11.,·
535 2648 590 2685 ibi
620 2651 720 2685 enim
750 2650 956 2686 duodecim
987 2650 1105 2698 signa
1137 2661 1221 2685 cnm
1250 2650 1332 2683 suis
1367 2649 1501 2683 tatem

53 2710 292 2755 comparent.
322 2702 518 2741 Hactenus
537 2705 626 2752 ille;
647 2718 717 2756 ego
737 2717 832 2743 vcro
852 2707 1094 2753 versionem,
1125 2710 1168 2741 ut
1190 2704 1283 2740 alias
1298 2730 1309 2750 ,
1336 2706 1499 2740 correxi.

53 2758 188 2797 Wuss.
1172 2812 1175 2813 γ

1128 2815 1184 2856 13
1203 2814 1224 2836 ³*
