1828 3253
447 198 512 239 1N
544 197 657 239 LIB.
686 196 816 238 xlv.
847 195 979 239 CAP.
1004 198 1048 241 ³.
1068 219 1117 229 --
1142 200 1183 242 5.
1440 201 1536 243 719

87 315 327 354 censentium
348 319 429 360 est,
460 325 546 350 cum
570 324 706 350 munus
725 318 764 350 et
779 310 956 350 baculum
972 314 1190 361 intentant,
1219 308 1537 362 ἀνατείνασθαι,

89 372 221 409 nnde'
211 384 250 408 ιιι
274 369 623 407 conminationibus
647 371 729 406 eius
749 376 787 406 et
805 366 1154 408 ἐπανατείνασθαι
1175 378 1390 420 opportuna
1408 372 1533 439 sedes.

89 427 237 478 loseph.
261 426 359 464 Belli
379 426 420 464 L.
442 425 471 463 l.
492 426 569 466 10
590 427 630 465 9.
656 427 990 478 παρακαλοῦντες
1010 422 1138 465 αὐτοι
1161 424 1307 481 ἀπειλῇ
1337 426 1405 467 καὶ
1433 425 1536 466 ἀναι-

90 479 203 523 τὰσει
221 479 330 536 μόνῃ
350 484 480 549 μετρῗ
485 494 554 520 σαι
576 479 653 534 τὴν
677 479 853 532 ἄμιναν.
886 481 997 520 Philo
1019 482 1100 520 lud.
1127 483 1173 520 de
1192 483 1339 532 loseph.
1366 496 1402 533 p.
1427 485 1532 525 558.

87 539 136 579 E.
164 538 341 592 μηδενος
363 534 481 590 ἡμῶν
502 539 741 589 τολμῶντος
768 537 832 576 ἐπὶ
863 537 1055 578 σιτωνίαν
1077 536 1186 590 ἥκειν
1209 539 1304 591 ὸίχα
1334 543 1409 580 τοῦ
1436 556 1536 581 νεω·

89 592 217 636 τάτου
239 593 307 635 διὰ
328 592 402 642 τὰς
422 592 499 641 σὰς
518 593 620 633 ἔπαν
622 591 799 641 ατάσεις·
836 597 860 633 i.
882 609 913 633 e.
925 603 1099 648 propter
1119 595 1250 634 minas
1277 603 1380 634 tuas.
1415 597 1466 634 Et
1489 610 1534 635 eo

87 653 209 699 libro,
241 665 316 702 quo
345 650 470 689 Deum
498 653 637 689 mutari
663 665 740 688 non
771 664 880 700 posse
911 653 1043 699 docet,
1075 665 1111 701 p.
1135 653 1239 693 30⁰.
1257 653 1302 691 E.
1334 654 1380 691 de
1406 654 1534 692 servis

90 709 217 758 asperi
236 708 319 746 heri
339 709 499 757 imperia
514 709 798 756 metuentibus,
825 705 901 756 τὰς
927 706 1006 761 γὰρ
1035 706 1304 756 &amad-cmg
1333 725 1399 749 και
1424 709 1537 749 ἀπει-

78 763 169 811 λὰς
189 762 317 805 αὐτοῦ
340 759 528 812 δεὸιᾶτες.
574 766 639 803 ubi
660 778 776 816 prave
795 778 898 803 nnnc
918 764 1046 802 editur
1070 762 1389 813 ἐπαιαστάσεις,
1421 768 1537 804 sicuti

90 828 130 860 et
149 821 190 859 L.
208 820 237 858 Ι
257 821 303 858 de
323 821 400 859 Vit.
421 820 519 859 Mos.
541 833 576 870 p.
595 824 702 863 617.
717 821 761 859 A.
790 823 874 866 Quo
896 823 1009 860 modo
1033 830 1071 859 et
1088 823 1180 860 alibi
1203 825 1242 860 in
1265 823 1426 860 Philone
1449 837 1538 873 pec-

90 885 217 916 eatum
235 878 355 916 fuisse
377 878 424 915 ad
446 877 583 915 Athen.
605 878 647 916 L.
670 878 731 916 lV.
755 880 825 919 14.
848 892 1010 930 mugnus
1033 879 1331 917 Animadversor
1353 880 1538 927 ostendit,

89 935 297 975 verborum
314 948 424 972 usum
444 936 600 987 egregie
626 938 838 973 illustrans
868 936 1006 973 WEss.

204 992 312 1032 641.
343 992 385 1031 3.
426 988 661 1045 Τριάκοντα
681 989 854 1042 ἄνδρες]
887 992 1069 1030 Omnium
1088 1004 1218 1029 eorum
1236 994 1393 1030 nomina
1414 992 1449 1030 si
1472 992 1540 1030 de-

91 1047 250 1096 sideres,
277 1050 450 1099 accipere
469 1061 519 1086 ex
537 1048 796 1099 Xenophonte
816 1051 960 1098 poteris
979 1048 1070 1089 Rer.
1092 1049 1228 1086 Graec.
1248 1048 1289 1087 L.
1309 1048 1356 1086 ll.
1379 1061 1414 1099 p.
1430 1050 1537 1090 359.

87 1104 224 1143 Wssss.

205 1161 310 1202 641.
337 1162 407 1202 16.
435 1156 751 1214 Παραὸιὸόντες
769 1160 897 1214 κρίσει
919 1158 1017 1209 τοὺς
1038 1176 1130 1202 πον.
1158 1163 1242 1201 τῶν
1261 1159 1304 1201 ἓν
1322 1162 1374 1216 τῇ
1397 1158 1539 1213 πόλει]

88 1216 121 1258 F
124 1220 239 1257 ictam
267 1224 521 1269 tyrannorum
549 1219 853 1256 moderationem
882 1221 922 1256 in
953 1218 1094 1257 civium
1123 1218 1392 1268 perditissimis
1410 1222 1541 1268 oppri-

90 1275 240 1313 mendis
262 1287 340 1311 non
362 1277 641 1324 praeterierunt
652 1274 788 1326 Lysias
804 1275 894 1313 adv.
918 1274 1115 1312 Eratosth.
1134 1289 1166 1311 c.
1187 1277 1245 1322 2.,
1267 1282 1317 1322 et,
1344 1286 1456 1324 quem
1475 1289 1540 1313 ae-

89 1333 232 1370 mulari
262 1330 322 1368 his
355 1333 396 1368 in
427 1331 541 1368 rebus
575 1330 769 1369 Diodorus
797 1332 975 1380 videtur,
1013 1330 1234 1380 Xenophon
1252 1330 1403 1369 Hellen.
1430 1331 1478 1369 ll.
1500 1345 1538 1382 p.

92 1389 199 1430 360.
234 1386 341 1424 Inter
366 1389 511 1436 primos
534 1395 660 1425 autem
689 1400 799 1437 quem
822 1388 996 1426 carnifici
1016 1387 1266 1441 iugulandum
1292 1388 1539 1438 tradiderint,

77 1444 196 1484 mut.
217 1442 268 1481 T.
289 1443 335 1481 11.
357 1455 394 1492 p.
415 1445 522 1485 998.
543 1443 586 1481 B.
609 1444 734 1482 docet.
766 1443 901 1482 Wnss.

203 1501 309 1542 642.
331 1502 406 1541 28.
438 1502 536 1540 Τῶν
560 1499 605 1540 δὲ
629 1501 839 1541 πλουσίων
861 1497 1112 1553 ἐπιλέγοντες
1135 1497 1235 1547 τοὺς
1256 1498 1540 1555 ἐπιτηδείους]

91 1557 270 1608 Lysiam,
297 1558 408 1594 cuius
428 1557 524 1595 mihi
544 1557 662 1595 verba
684 1557 754 1595 ler.
769 1557 826 1595 Cl.
850 1556 1107 1595 Marklandus
1128 1560 1270 1607 optime
1291 1559 1541 1595 constituisse

91 1615 268 1661 videtur,
305 1613 371 1651 Or.
394 1616 435 1651 in
457 1613 652 1651 Eratosth.
674 1627 707 1654 c.
729 1616 771 1655 2.
802 1622 839 1651 et
869 1627 965 1664 qnae
993 1613 1253 1651 Theramenes
1278 1615 1378 1664 apud
1403 1615 1542 1653 Xeno-

90 1670 271 1722 phontem
291 1677 444 1719 perorat
462 1669 613 1708 Hellen.
636 1670 682 1707 ll.
700 1684 736 1720 p.
761 1671 867 1712 364.
892 1671 1061 1708 consule
1093 1671 1230 1710 Wnss.

205 1729 312 1768 642
331 1727 407 1767 43·
434 1724 556 1779 Πρὸς
575 1724 650 1779 τὴν
670 1727 783 1766 Βου)
789 1727 884 1782 αιάν
897 1723 1095 1780 Εστιάν]
1124 1726 1155 1764 V
1160 1735 1263 1765 estne
1280 1727 1487 1779 imaginem
1503 1734 1543 1765 et

78 1796 197 1822 >aram
224 1785 266 1821 in
284 1786 390 1821 curia
412 1785 650 1830 collocatam,
670 1781 747 1835 τὴν
770 1782 812 1822 ἓν
832 1786 882 1838 τῇ
900 1785 1034 1837 βοιλῇ
1057 1781 1300 1835 ἶὸρυμέιην,
1329 1792 1371 1821 ut
1389 1783 1542 1833 Harpo-

91 1843 243 1878 cration
262 1841 452 1890 explicat,
463 1853 529 1890 per
549 1852 660 1889 quam
681 1843 926 1878 senatorium
947 1842 1103 1879 Vestam
1126 1841 1337 1878 sollemne‘
1326 1854 1368 1877 m
1384 1841 1541 1878 iudiciis

92 1896 357 1935 iusiurandum
377 1898 511 1943 fuisse,
538 1904 772 1935 monuerunt
790 1898 869 1935 viri
886 1899 1088 1935 clarissimi
1100 1896 1240 1934 Mauss
1232 1911 1322 1934 icus
1340 1904 1379 1934 et
1397 1896 1541 1935 Ezech.

94 1951 349 2002 Spanhemius
378 1952 544 1993 Diatrib.
577 1953 624 1991 de
654 1954 758 1991 vest.
787 1961 827 1991 et
852 1954 1011 2008 Prytan.
1040 1967 1121 2004 cap.
1145 1956 1186 1994 6.
1218 1952 1276 1990 De
1300 1952 1542 1991 Theramene

91 2008 351 2047 Plutarchus
342 2023 382 2047 ιιι
406 2010 560 2047 [socrat.
581 2024 616 2061 p.
644 2011 748 2052 836
770 2009 817 2050 Ε.
857 2025 907 2050 ου
929 2009 1327 2061 συλλαμβανομένου
1350 2005 1432 2049 υπὸ
1457 2012 1542 2050 τῶν

89 2061 311 2118 τριάκοντα
342 2066 409 2105 καὶ
438 2063 643 2119 φυγόντος
672 2066 736 2106 ἐπὶ
765 2064 841 2120 τῆν
859 2066 1063 2118 βουλαίαν
1087 2063 1266 2106 Ἐστιαν.
1305 2066 1415 2104 Adde
1446 2065 1543 2104 Sui-

91 2121 207 2160 dam
197 2135 237 2160 m
258 2119 582 2170 Ae}1‹5g.w2ss

207 2180 312 2219 642.
335 2180 407 2219 53
436 2179 522 2220 Καὶ
547 2175 621 2219 δύο
643 2181 727 2219 τῶν
750 2178 934 2230 οικείιυν]
972 2178 1055 2216 Hos
1074 2181 1176 2216 inter
1198 2177 1407 2226 Isocrates,
1438 2176 1545 2216 The-

93 2237 260 2272 ramenis
291 2236 522 2286 discipulus,
559 2238 621 2275 vel
652 2240 876 2286 praecipuus
906 2237 992 2274 fuit.
1030 2231 1180 2281 ,Μόνος
1200 2233 1349 2287 ἀνέστη
1378 2231 1544 2287 βοηθή-

95 2305 203 2337 σων,
230 2290 458 2330 Plutarchus
485 2293 589 2331 dicto
620 2295 705 2332 loco
738 2297 814 2340 ait,
849 2295 958 2344 quasi
978 2305 1074 2342 quae
1094 2292 1237 2329 Noster
1259 2292 1304 2329 de
1323 2292 1483 2329 Socrate
1502 2294 1543 2329 in

93 2359 214 2384 unum
244 2346 448 2387 Isocratem
478 2356 748 2401 congruerent.
789 2351 875 2388 vid.
900 2349 1009 2389 Hier.
1039 2348 1225 2387 WVolfium
1254 2349 1302 2387 ad
1323 2348 1481 2386 lsocrat.
1502 2362 1539 2399 p.

95 2404 200 2444 750.
230 2403 369 2443 Wssss.

207 2461 312 2501 642.
345 2462 416 2501 59.
471 2463 568 2502 Τιιν
596 2457 879 2514 ὑπερεχόντων
908 2457 1135 2501 ἀνάστασιν
1163 2456 1367 2512 ορῶντες]
1415 2457 1540 2499 Ἐπα-

94 2510 295 2555 νάστασιν
323 2517 487 2555 dixisset
509 2520 630 2568 alius,
670 2528 737 2558 aut
754 2527 857 2557 certe
877 2515 1098 2565 ἀνατασιν,
1133 2529 1208 2566 quo
1228 2518 1273 2554 de
1293 2519 1421 2567 paullo
1441 2524 1540 2553 ante.

94 2571 272 2610 Fortasse
295 2575 458 2624 simplex
475 2578 599 2614 vicem
617 2577 688 2613 hoc
711 2578 796 2614 loco
815 2578 1005 2624 conpositi
1023 2575 1182 2612 obtinet.
1210 2573 1268 2611 De
1287 2573 1541 2610 'lheramenis

94 2635 223 2666 autem
251 2631 350 2667 elato
380 2632 538 2668 animo·
564 2640 603 2670 et
631 2636 672 2671 in
703 2633 880 2670 obeunda
910 2640 1031 2669 morte
1069 2631 1287 2668 admirabili
1323 2631 1541 2668 constantia

93 2687 287 2735 praeclare
298 2684 431 2724 Cicero
446 2686 604 2728 Tuscul.
625 2691 782 2735 Quaest.
798 2689 841 2726 L.
853 2689 881 2727 1.
892 2690 966 2730 40.
986 2696 1024 2726 et
1041 2687 1223 2736 Xenoph.
1241 2687 1287 2724 de
1298 2686 1392 2724 Reb.
1405 2686 1539 2723 Graec.

94 2740 142 2779 11.
161 2754 198 2791 p.
222 2743 327 2783 367.
356 2743 494 2782 W.1·:ss

207 2799 312 2840 642.
342 2802 414 2842 68-
467 2799 615 2842 Οὗὸενι
646 2798 755 2858 λόγῳ
795 2797 1238 2870 παραναλωθῆσεσθαι
1279 2793 1437 2851 διειληι]
1444 2795 1538 2846 ασι]

94 2851 278 2906 Iosephus
296 2855 392 2895 Bell.
413 2856 493 2896 Iud.
511 2858 554 2897 Ι..
575 2859 640 2898 lV.
665 2862 708 2900 2.
731 2860 770 2901 5.
802 2855 1066 2914 ἀδιόρθωτον
1095 2856 1140 2898 δὲ
1169 2854 1245 2910 τὴν
1273 2853 1335 2894 ἐπὶ
1358 2860 1444 2901 τοῖς
1463 2869 1540 2893 πα-
