1828 3253
260 117 352 159 184
713 115 1240 158 ANNOTATIONES

266 230 474 275 Abramus,
509 229 574 278 qui
592 227 656 266 Vl.
676 228 789 269 Phar.
813 229 860 268 V.
883 230 931 268 T.
956 233 976 272 1
989 231 1026 271 5.
1063 232 1169 280 turpi
1190 244 1319 268 errore
1340 228 1579 267 Athenaeum
1597 229 1705 267 Nau-

266 287 466 331 cratitem,
497 287 605 321 euius
632 284 1040 336 Deipnosophistarum
1070 288 1190 324 libros
1218 289 1457 333 lectitamus,
1499 285 1602 322 hunc
1622 299 1705 323 esse

270 349 307 378 et
326 341 496 377 Diodoro
517 348 715 390 propterea
735 346 865 380 multis
897 346 1009 380 annis
1041 346 1206 392 priorem
1244 349 1449 380 asseverat.
1510 341 1615 378 Inter
1645 356 1707 378 ce-

268 406 370 434 teros
390 403 538 444 autem,
574 401 639 447 qui
657 398 702 435 de
725 398 976 436 Semiramide
998 414 1041 437 ea
1060 400 1331 447 prodiderunt,
1375 398 1474 435 haud
1495 405 1710 447 postremus

268 460 326 489 est
355 452 509 500 Dinon,
545 453 789 495 Persicorum
806 458 977 506 locuples
998 463 1153 503 auctor,
1181 458 1224 493 in
1244 455 1393 492 Aelian.
1417 453 1501 491 Vll.
1524 454 1569 491 V.
1590 453 1641 491 H.
1670 455 1710 493 1.

269 509 408 546 wEss.

385 566 487 606 134-
515 566 586 606 85.
615 564 749 606 He'vff
771 562 928 621 ἡμέρας
953 565 1285 621 παραχωρῆσαι]
1316 566 1382 604 Sic
1402 573 1440 603 et
1457 566 1642 603 Aelianus
1664 578 1714 602 ex

267 619 434 659 Dinone.
475 621 703 661 Plutarchus
734 622 779 660 T.
802 624 849 661 ll.
871 638 906 673 p.
932 626 1035 664 753.
1058 624 1106 661 D.
1139 627 1252 661 unius
1282 624 1360 660 diei
1379 624 1583 671 imperium
1604 623 1715 669 inpe-

267 684 413 725 trasse,
442 681 571 715 nescio
593 691 667 727 quo
687 688 863 728 auctore,
895 681 1078 728 tradidit3
1115 693 1210 728 quae
1231 679 1423 716 discordia
1443 681 1484 716 in
1502 679 1617 715 rebus
1642 677 1715 714 Se-

267 734 493 781 mii-amidis,
524 737 644 772 multo
667 739 836 773 omnium
857 738 1145 784 incertissimis,
1178 735 1279 774 haud
1299 738 1482 772 insolens.
1515 735 1655 772 wass.

388 791 490 832 134.
511 792 583 830 93.
617 792 960 844 Μεγαλεπίβολον
980 786 1130 845 οὖσαν]
1161 792 1246 829 Hoc
1267 799 1460 842 praestare
1480 798 1568 828 ante
1585 797 1715 828 osten-

270 845 394 884 dimus
419 861 450 883 c.
475 849 514 886 7.
545 847 684 884 Wssss.

387 904 489 943 134.
516 905 553 943 l.
587 901 788 952 Οὐδαμοῦ
810 900 1025 956 ζηλώσας]
1057 904 1333 952 Recipiendum
1353 916 1372 940 e
1391 905 1564 953 margine
1585 899 1716 942 οὖδα-

269 959 371 1010 μῶς.
431 961 552 1005 Quem
571 962 674 997 enim
692 961 819 997 locum
846 961 906 998 hic
928 963 1047 998 locale
1069 961 1207 997 habeat
1226 960 1323 1009 apud
1346 973 1454 1005 eum,
1485 961 1550 1008 qui
1570 972 1716 1009 gynae-

271 1027 381 1053 ceum
402 1018 470 1053 vix
491 1027 659 1063 unquam
682 1030 859 1067 egressus
883 1024 1136 1064 memoratur,
1165 1015 1302 1052 Athen.
1328 1015 1370 1052 L.
1392 1015 1482 1052 ΧΠ.
1506 1017 1545 1054 7.
1580 1014 1716 1050 RHOD.

389 1073 489 1111 135.
513 1073 553 1110 3·
589 1073 685 1111 Τῶν
708 1071 799 1125 πὲρὶ
822 1070 948 1112 αὐτὸν
972 1069 1193 1123 εὐνούχων]
1225 1072 1463 1109 Postremum
1479 1084 1614 1109 vocem
1632 1084 1718 1120 per-

270 1137 402 1175 peram
425 1134 464 1164 et
490 1129 575 1164 sine
593 1141 727 1166 caussa
750 1131 922 1180 neglexit
944 1128 1106 1166 Claram.
1133 1132 1170 1169 1.
1193 1126 1363 1174 Ctesias,
1392 1142 1503 1177 quem
1523 1126 1718 1165 Diodorus

271 1186 510 1229 apertissime
528 1187 761 1232 aemulatur,
787 1188 828 1223 in
850 1186 986 1222 Athen.
1009 1185 1097 1222 X11.
1123 1187 1163 1225 7.
1199 1191 1236 1221 et
1258 1183 1468 1233 Cephalion
1490 1184 1590 1233 apud
1612 1182 1718 1232 Syn-

273 1241 357 1275 cell.
378 1253 414 1289 p.
441 1242 542 1280 167.
565 1242 793 1279 servandam
813 1243 1034 1279 ostendunt.
1092 1241 1172 1279 Iam
1202 1241 1303 1289 quod
1324 1242 1450 1288 paullo
1476 1246 1562 1289 post
1591 1241 1718 1286 sequi-

271 1301 334 1331 tur
369 1298 559 1347 χρῆσθαι
585 1302 676 1343 ταῖς
709 1294 879 1349 ἡδοναῖς
900 1294 1258 1344 ἀνεπικαλύπτιι)ς,
1297 1296 1397 1333 haud
1427 1298 1509 1332 scio
1550 1309 1599 1332 an
1631 1308 1719 1343 pra-

270 1363 364 1388 vum
395 1354 456 1388 sit.
514 1352 674 1390 illumne
694 1354 795 1392 haud
815 1361 912 1391 tecte
933 1354 1194 1402 voluptatibus
1216 1354 1360 1403 perfrui
1391 1353 1559 1399 dixeris,
1588 1354 1654 1400 qui
1676 1352 1719 1388 in

269 1410 379 1457 regia
407 1408 559 1447 abditus
590 1412 732 1447 nullius
754 1413 794 1448 in
815 1417 1060 1461 conspectum
1081 1408 1233 1459 prodit?
1274 1411 1332 1445 uti
1354 1409 1399 1445 de
1421 1409 1552 1458 Ninyu
1571 1407 1719 1445 Diodo-

269 1475 348 1501 rus,
380 1463 580 1512 Equidem,
609 1466 741 1503 sedulo
762 1473 803 1504 ut
823 1468 959 1513 dicam,
991 1481 1010 1503 e
1029 1467 1211 1516 vestigiis
1229 1464 1387 1503 Coislin.
1407 1466 1497 1501 libri
1517 1462 1720 1502 ἀνεπικω-

269 1515 425 1567 λύτως,
471 1524 557 1559 siae
587 1523 664 1560 ullo
701 1525 985 1574 inpedimenta,
1032 1525 1219 1572 scriptum
1256 1523 1351 1559 olim
1382 1522 1502 1558 fuisse
1539 1521 1718 1558 coniieio.

264 1575 404 1614 wass.

388 1633 489 1673 135.
516 1634 586 1674 14.
610 1631 801 1673 {quamv
822 1634 877 1681 εἷς
900 1632 974 1681 τὰς
994 1631 1226 1687 πατρίδας]
1258 1633 1476 1671 Violentius
1499 1640 1557 1669 est
1579 1632 1719 1670 Mutin.

272 1683 527 1740 ἀπήλαυνεν,
560 1697 597 1726 et
616 1689 685 1727 hoe
706 1694 837 1728 multis
858 1693 1029 1741 partibus
1050 1694 1259 1741 posterius:
1311 1691 1367 1727 sie
1389 1702 1490 1737 supr.
1518 1703 1549 1726 e.
1575 1690 1615 1728 3.
1646 1686 1720 1728 τὸν

263 1740 455 1795 Ῐ4ράβιω]
473 1744 648 1795 βασιλέα
675 1769 722 1774 —
745 1746 944 1786 ἀπέλυσεν
966 1748 1021 1794 εἷς
1041 1745 1116 1799 τὴν
1139 1746 1303 1786 οῗκειάν.
1346 1752 1384 1783 et
1412 1745 1522 1782 XIII.
1546 1747 1619 1785 96.
1652 1744 1721 1784 καὶ

270 1799 481 1847 Δέξιππον
502 1799 701 1841 ἀπέλυσεν
724 1803 778 1848 εἷς
798 1800 1088 1855 τι)ν(Ελλάδα.
1130 1802 1237 1841 XVI.
1263 1804 1333 1842 52.
1356 1799 1453 1847 τοὺς
1474 1800 1518 1839 δὲ
1543 1816 1723 1853 συστρα-

271 1856 547 1908 τευσαμένους
572 1880 619 1886 ——-
642 1856 840 1898 ἀπέλυσεν
861 1860 916 1905 εἷς
937 1858 1010 1906 τὰς
1031 1860 1246 1910 πατρίδας.
1297 1858 1414 1896 Cuius
1434 1860 1587 1909 generis
1610 1860 1721 1905 plura

274 1915 306 1949 si
330 1913 535 1962 desideres,
565 1913 638 1951 Th.
664 1913 847 1953 Gataker.
872 1918 913 1953 in
931 1916 1072 1953 Anton.
1096 1916 1168 1953 XI.
1192 1917 1232 1954 3.
1260 1922 1303 1953 ut
1322 1915 1436 1953 adeas
1465 1920 1600 1951 auctor
1625 1927 1720 1950 sum.

271 1969 410 2008 Wnss.

391 2027 494 2068 135.
516 2029 590 2066 22.
626 2026 698 2072 Εἷς
717 2023 793 2078 τὴν
814 2025 921 2065 ῗδίαν
944 2024 1115 2072 ἕκαστος
1134 2025 1358 2079 χωρίζηται
1380 2024 1591 2077 πατρίδα]
1623 2026 1727 2075 Pru-r

274 2082 540 2120 dentissimum
570 2082 641 2119 hoc
675 2090 712 2119 et
745 2085 855 2131 quale
882 2097 904 2120 a
924 2084 1183 2131 principibus,
1212 2085 1325 2133 gulae
1347 2096 1391 2118 ac
1413 2083 1542 2119 ventri
1568 2081 1721 2127 deditis,

272 2141 342 2175 vix
371 2146 645 2186 exspectasses.
702 2139 849 2189 Longis
877 2141 981 2177 enim
1008 2142 1152 2190 spatiis
1182 2140 1348 2176 discreti
1366 2140 1589 2183 exereitus,
1619 2139 1725 2187 quod

272 2195 572 2233 saluberrimum
594 2197 649 2233 ml
667 2198 940 2234 commendam
961 2197 1325 2242 militm-emfidem,
1348 2209 1419 2231 nec
1440 2196 1549 2231 vitiis
1569 2208 1639 2230 nec
1662 2196 1721 2230 vi-

273 2252 382 2289 ribus
402 2254 628 2298 miscentur,
650 2258 692 2287 ut
711 2253 791 2288 fere
813 2251 973 2289 Tacitus
998 2252 1026 2288 l.
1053 2252 1153 2288 Hist.
1177 2254 1217 2291 9.
1258 2250 1400 2287 Contra
1421 2264 1463 2286 ea
1486 2252 1611 2299 plures
1632 2251 1721 2286 unis

274 2310 434 2345 aestivis
459 2310 492 2343 si
515 2310 810 2355 contineantur,
858 2312 938 2357 ipse
968 2321 1148 2346 numerus
1172 2308 1351 2345 fiduciam
1372 2307 1418 2343 ad
1439 2320 1500 2342 res
1522 2306 1721 2343 novandas

276 2364 405 2410 addit,
435 2372 477 2400 ut
504 2365 672 2401 eiusdem
699 2365 791 2400 libri
823 2379 853 2401 c.
882 2367 952 2404 51.
976 2372 1013 2401 et
1033 2365 1172 2400 Annal.
1197 2363 1224 2400 I.
1251 2365 1349 2410 3l.;
1390 2364 1454 2399 cui
1473 2365 1530 2399 rei
1554 2364 1587 2398 si
1610 2375 1720 2411 prae-

272 2422 386 2466 fecti,
418 2415 620 2468 impeiium
639 2432 770 2467 rapere
790 2422 1001 2469 cupientis,
1038 2421 1198 2457 ambitio
1220 2422 1446 2465 accesserit,
1485 2420 1595 2455 civili
1619 2419 1719 2454 bello

275 2477 512 2512 decernenda
531 2489 591 2512 res
613 2484 689 2513 est:
729 2477 830 2524 quod
848 2484 936 2526 post
957 2477 1121 2527 Augusti
1142 2489 1340 2512 excessum
1360 2475 1554 2511 Romanos
1575 2476 1723 2522 princi-

274 2546 339 2582 pes
371 2545 439 2569 suo
473 2544 583 2579 saepe
616 2535 716 2569 malo
745 2541 924 2583 expertos
953 2547 1058 2580 esse,
1098 2535 1182 2582 quis
1204 2533 1358 2569 tandem
1379 2538 1436 2567 est
1457 2535 1522 2581 qui
1543 2528 1716 2567 nesciat?
1761 2528 1765 2533 '

271 2589 411 2626 lVEss.

385 2644 488 2684 135.
518 2644 590 2682 34.
623 2645 734 2690 Παῖς
756 2641 867 2696 παρὰ
889 2642 1047 2698 πατρὸς
1069 2640 1384 2695 διαδεχόιιιενος]
1416 2643 1483 2681 Sic
1515 2649 1551 2678 ct
1572 2640 1718 2690 Cepha-

273 2703 353 2738 lion
384 2703 426 2737 in
457 2699 633 2749 Syncelli
659 2700 946 2750 Chronograph.
981 2715 1016 2750 p.
1045 2703 1170 2747 ]67.;
1213 2714 1236 2737 a
1258 2712 1332 2748 quo
1360 2707 1397 2736 et
1421 2699 1549 2736 Ctesia
1569 2698 1719 2734 dissen—

272 2759 377 2795 tiunt
399 2756 498 2793 Bion
519 2763 557 2792 et
577 2756 795 2793 Alexander
817 2756 1021 2807 l'olyhist.,
1043 2756 1306 2794 Semiramidis
1333 2763 1507 2804 posteros
1527 2765 1646 2801 usque
1673 2753 1721 2790 ad
