1828 3253
314 167 316 169 >
365 201 427 242 IN
456 200 567 242 LIB.
592 200 735 241 XIII.
771 199 898 240 CAP.
932 201 1005 245 74.
1036 203 1110 244 75.
1375 207 1469 248 683

25 328 104 353 nax
122 316 284 366 quippe,
309 315 381 353 etsi
398 314 599 358 admodum
616 326 732 364 puer,
760 315 837 353 iam
853 326 924 353 rex
943 320 1026 352 erat
1044 327 1146 352 anno
1165 314 1318 367 Olymp.
1339 327 1470 356 Lxxx.

24 375 151 409 tertio.
184 368 294 416 Quod
317 384 402 408 cum
425 383 474 407 ex
494 370 537 410 L.
561 370 635 409 XI.
659 372 732 410 79.
765 370 966 420 Interpreti
986 370 1087 408 haud
1106 373 1262 420 lateret,
1291 386 1360 412 cur
1387 387 1468 413 non

27 428 246 465 admitteret
274 428 562 464 verisimiliores
589 439 776 464 annorum
809 425 1011 464 numeros?
1051 425 1128 464 Sed
1148 441 1270 466 annos
1290 433 1471 480 regnavit

26 494 126 521 Lvm
148 484 385 522 Plistoanax.
422 482 464 519 Id
481 495 574 519 vero
598 484 736 530 quibus
756 484 1014 534 argumentiS,
1042 494 1116 532 quo
1143 490 1238 521 teste
1256 485 1466 534 probatur?

25 539 184 577 Fatetur
206 540 268 576 vir
285 540 568 589 sagacissimus,
597 539 861 576 difficillimum
880 552 962 576 esse
979 538 1026 576 ad
1045 540 1301 587 statuendum,
1330 554 1468 591 quam..

26 596 89 633 diu
120 594 358 632 Plistarchus
386 594 598 631 Pausaniae
635 596 752 632 fuerit
780 603 990 646 superstes:
1040 608 1162 646 neque
1197 597 1352 645 expedit
1382 611 1467 636 sese

26 654 103 689 nisi
137 652 366 688 coniecturis
395 662 444 686 ex
474 652 693 688 coniectura
721 654 819 700 aptis
853 658 890 687 et
919 652 1116 691 connexis.
1158 651 1211 688 Et
1240 659 1368 692 tamen
1391 668 1466 705 quo

24 708 293 745 brevissimum
308 705 523 743 Plistarcho
544 709 594 743 sit
612 707 801 757 regnandi
818 709 992 756 spatium,
1011 721 1174 759 regnum
1194 708 1468 749 Plistoanactis

25 764 179 802 iubetur
204 775 286 799 esse
315 761 536 811 productius
567 765 678 799 annis
701 765 987 814 quinquaginta.
1031 763 1129 801 Mihi
1149 774 1173 800 1.
1191 764 1468 805 Plistoanactis

25 822 117 856 anni
138 817 281 856 tamdiu
311 818 538 868 placebunt,
568 818 688 856 donec
716 819 966 857 validioribus
987 822 1190 858 tormentis
1217 820 1263 858 de
1283 822 1372 860 sede
1402 823 1470 861 de-

24 877 215 914 iicientur.
242 873 378 914 WESS.

139 932 244 971 600.
269 931 344 971 35.
371 929 456 970 Καὶ
473 928 677 978 Ἠὶυσόν]
717 927 924 983 Ἰηλυσὸν,
949 945 1015 970 seu
1041 928 1279 984 Ἰηλυσσόν,
1302 933 1466 986 legatur,

24 993 69 1025 ut
88 986 277 1024 Homerus
297 989 469 1024 nominat
489 987 534 1026 Il.
558 988 608 1034 B,
633 989 738 1028 656.
762 987 898 1026 RHoD.
933 987 1019 1028 Καὶ
1035 985 1251 1040 Ἰηλυσὸν]
1289 990 1385 1027 Vide
1404 991 1469 1029 Io-

27 1043 130 1094 seph.
147 1043 284 1080 wasse
306 1046 348 1080 in
371 1042 587 1094 'lhucydid.
607 1044 650 1084 L.
674 1043 773 1083 VIII.
795 1046 870 1084 44.
912 1051 951 1081 et
972 1057 1085 1092 supra
1103 1052 1183 1082 not.
1203 1047 1243 1082 in
1267 1045 1311 1084 L.
1333 1046 1379 1084 V.
1395 1048 1467 1088 57.

28 1099 125 1136 Tres
155 1106 281 1136 autem
313 1101 462 1136 insulae
487 1101 685 1146 civitates,
713 1100 904 1150 Ialysum,
933 1099 1124 1138 Catnirum
1144 1108 1182 1138 et
1207 1100 1398 1150 Lindum,
1425 1106 1470 1142 in

26 1169 143 1194 unam
164 1155 297 1193 urbem
325 1154 502 1192 Rhodum
531 1158 718 1193 coaluisse
747 1163 897 1194 constat
914 1157 1102 1195 omnibus.
1139 1156 1278 1196 Strabo
1296 1155 1345 1196 L.'
1361 1159 1469 1198 XIV.

27 1224 63 1261 p.
84 1213 189 1252 966.
221 1209 398 1249 Rhodum
428 1211 619 1249 conditam
649 1213 766 1249 refert
791 1210 896 1252 κατὰ
916 1211 1310 1264 Πελοποννησιακὰ,
1338 1215 1472 1254 admo-

27 1269 116 1305 dum
143 1269 312 1318 generali
343 1269 522 1337 temporis
541 1271 737 1305 notatione
768 1269 982 1306 defunctus.
1017 1267 1250 1306 Distinctius
1278 1270 1469 1310 Aristides

25 1322 210 1361 Rhodiae.
232 1335 266 1371 Ρ.
285 1324 389 1364 365.
417 1323 480 1362 ἐπὶ
500 1338 583 1362 των
603 1321 681 1376 πρὸ
705 1320 987 1377 Λυσάιᾞὸρου
978 1320 1143 1377 χρόνων
1161 1327 1235 1364 τοῦ
1255 1326 1472 1366 Λακεδαι-

26 1394 181 1433 μονιων
203 1375 411 1431 ναυάρχου
431 1379 608 1416 Rhodum
630 1380 800 1416 nondum
820 1386 1051 1417 exstructam
1072 1381 1204 1427 fuisse,
1232 1384 1273 1419 in
1293 1384 1471 1423 confesso

28 1449 110 1472 esse
140 1436 206 1473 ait.
254 1434 452 1485 Lysander
482 1435 555 1473 hoc
577 1439 661 1484 ipso
691 1442 858 1485 tempore
887 1435 1274 1475 Lacedaemoniorum
1306 1441 1471 1478 navibus

29 1505 116 1530 cum
136 1495 186 1529 sit
209 1492 470 1541 praepositus,
497 1492 761 1541 adpuleritque
783 1492 831 1529 ad
865 1494 1030 1529 insulam
1067 1493 1230 1530 necdum
1251 1496 1401 1532 coalitis
1429 1498 1473 1534 in

26 1561 142 1585 unam
173 1548 416 1595 civitatibus,
443 1549 557 1586 sicuti
584 1548 727 1586 dictum
757 1555 870 1586 antea
895 1549 990 1595 fuit,
1018 1549 1115 1584 bene
1142 1551 1275 1597 utique
1306 1550 1474 1590 Aristidi

28 1617 114 1640 cum
140 1602 312 1640 Diodoro
345 1605 539 1641 convenit.
588 1604 696 1641 Adde
732 1611 770 1641 et
797 1603 850 1641 Io.
882 1603 1091 1642 Meursium
1116 1603 1243 1646 Rhod.
1275 1605 1318 1646 L.
1343 1607 1373 1645 I.
1401 1610 1472 1650 10.

26 1659 161 1698 IVESS·
194 1656 380 1698 Ἰαλυσὸν
406 1659 704 1697 Rhodomannus
727 1662 767 1697 in
788 1660 886 1697 Add.

142 1717 246 1756 600.
271 1716 346 1756 46.
381 1714 468 1754 Ἐπὶ
489 1718 571 1755 τῶν
595 1713 703 1768 ὅρων
733 1714 965 1766 κατέμεινε]
1006 1715 1063 1753 Ita
1091 1717 1266 1764 correxi,
1292 1718 1475 1767 quodam—

27 1771 141 1812 modo
163 1772 314 1809 adiutus
335 1785 358 1809 a
379 1770 473 1822 Reg.
499 1774 537 1812 1.
571 1771 725 1809 Mallem
744 1779 941 1821 praeterea
960 1770 1121 1811 εἰσιέναι
1140 1774 1342 1823 legeretur.
1371 1775 1472 1827 Lege

29 1831 132 1866 enim
161 1828 358 1865 exsulibus
378 1829 478 1877 apud
501 1827 767 1878 Syracusanos
795 1828 1038 1865 interdictum
1063 1835 1145 1865 erat
1176 1832 1347 1880 regionis
1376 1832 1473 1870 fines

29 1884 205 1936 ingredi,
224 1896 390 1979 {zi-orsus
410 1891 453 1922 ut
474 1883 658 1932 Athenis,
687 1883 946 1922 Demosthene
965 1890 1060 1921 teste
1082 1884 1190 1922 Orat.
1211 1888 1254 1923 in
1275 1885 1475 1938 Polyclem

30 1954 69 1992 p.
94 1941 198 1980 673.
278 1950 345 1976 Ess

143 1998 248 2037 601-
282 1998 354 2036 51.
393 1993 541 2043 Αἴτιος
562 1991 661 2036 εἶναι
680 1998 754 2036 τοῦ
776 1993 1086 2050 περιεωρακὲναι
1109 2004 1178 2035 etc.
1188 1996 1206 2049 ]
1248 1997 1346 2036 Vide
1364 2013 1477 2050 supe-

29 2054 111 2090 rius
131 2066 163 2089 c
190 2054 264 2093 61-
316 2053 438 2096 Quam
458 2066 550 2091 vero
576 2054 744 2090 studiose
770 2052 908 2090 Graeci
937 2066 1132 2091 caesorum
1155 2056 1196 2090 in
1219 2056 1373 2101 praeliis
1391 2069 1478 2094 cor-

30 2120 124 2156 pora
153 2109 423 2158 sepeliverint,
449 2117 581 2146 notum
611 2112 704 2146 satis
726 2116 803 2155 est,
834 2109 1036 2157 docuitque
1058 2110 1256 2147 conductis
1286 2113 1327 2148 in
1355 2125 1476 2152 unum.

30 2166 215 2213 exemplis
241 2164 293 2202 Io.
322 2163 608 2202 Kirchmannus
628 2165 800 2214 Append.
823 2165 869 2202 de
889 2165 1028 2202 Funer.
1049 2179 1080 2202 c.
1102 2166 1142 2205 3.
1171 2166 1306 2203 Wssss.

143 2222 249 2260 601.
277 2222 348 2260 70.
385 2218 492 2260 Dffev'
517 2219 689 2273 ὀλίγων]
720 2221 887 2268 Vitium,
912 2221 1012 2270 quod
1033 2223 1227 2259 invaserat
1249 2222 1382 2261 harum
1403 2238 1477 2262 vo-

32 2289 118 2313 cum
146 2277 341 2323 ultimam,
367 2289 446 2314 non
474 2279 590 2314 latuit
619 2276 910 2317 Rhodomanno.
959 2277 1044 2328 Ego
1080 2290 1150 2328 ope
1170 2279 1476 2320 membranarum

31 2334 184 2370 refinxi.
213 2332 350 2369 WEss.

148 2389 254 2429 601.
296 2389 367 2429 80.
412 2383 487 2435 ζΩς
514 2390 640 2429 τετελ.
665 2381 754 2429 ὑπὸ
793 2391 877 2428 τῶν
908 2391 1110 2442 συγγενῶν
1146 2386 1476 2444 παρεδόθνσαν]

32 2443 151 2481 Venit
181 2443 401 2481 doctissimo
432 2443 709 2483 Rhodomanno
746 2448 787 2482 in
820 2447 1038 2495 opinionem
1076 2447 1259 2495 scriptum
1293 2449 1384 2485 olim
1412 2447 1477 2485 hic

33 2501 154 2538 fuisse
176 2496 495 2552 παρεσώθησαν·
524 2502 624 2550 quod
645 2502 832 2549 equidem,
863 2503 896 2538 si
915 2515 1021 2552 opem
1041 2510 1191 2540 veteres
1211 2503 1370 2540 schedae
1397 2505 1477 2542 fer-

33 2563 143 2602 rent,
177 2569 246 2605 pro
266 2557 426 2593 reiiculo
448 2570 527 2594 non
560 2557 747 2595 haberem.
787 2557 838 2594 At
859 2557 928 2595 hae
961 2560 1148 2596 auxilium
1177 2567 1378 2605 recusant,
1408 2574 1477 2610 po-

34 2618 184 2659 testque
209 2607 506 2663 παρεδόθησαν
535 2615 717 2660 innuere,
746 2627 813 2663 pro
837 2616 998 2652 mortuis
1020 2615 1181 2651 traditos
1207 2616 1477 2663 sandapilariis

35 2669 79 2705 in
98 2681 234 2718 rogum
254 2667 495 2715 inferendos,
521 2682 653 2718 reapse
682 2670 949 2707 occultandos:
978 2670 1191 2708 cuiusmodi
1213 2672 1358 2708 artibus
1383 2683 1477 2718 pro-

37 2725 260 2772 scriptionis
279 2730 446 2772 tempore
467 2733 639 2763 servatos
660 2727 861 2775 conplures
879 2732 1062 2764 memorat
1079 2726 1275 2775 Appianus
1298 2727 1343 2763 de
1363 2726 1478 2764 Civil.

36 2778 118 2819 Bel.
149 2779 191 2815 L.
213 2779 276 2816 IV.
303 2791 338 2827 p.
361 2779 466 2820 985.
486 2787 556 2818 etc.
606 2781 736 2830 Itaque
763 2782 803 2818 in
824 2783 981 2832 vulgato
1009 2784 1197 2834 tantisper
1225 2785 1478 2833 acquiescam,

39 2836 160 2873 donec
179 2837 313 2886 scripti
333 2834 450 2873 codd.
470 2837 575 2874 aliud
599 2837 804 2875 edixerint.
832 2837 965 2875 WESS.
