1828 3253
461 187 524 227 ΙΝ
556 185 665 227 LlB.
693 186 723 225 1.
756 185 880 224 CAP.
910 187 983 227 37.
1006 208 1051 215 —
1075 187 1147 228 39.
1462 191 1519 232 67

90 305 204 344 Verte
225 317 316 356 ergo
334 304 499 349 mecum,
525 314 648 352 neque
665 302 765 339 em’m
784 305 939 339 aestate
958 301 1104 351 augeri
1112 328 1124 349 ‚
1161 302 1231 341 secl
1246 300 1369 340 hiemo
1392 302 1436 341 ob
1457 305 1517 342 di-

90 369 196 399 ctam
216 369 308 399 ante
327 372 506 398 caussam
527 360 659 396 minui.
685 358 818 395 ἶνΕεε.

201 419 274 457 47.
297 417 369 457 38.
403 417 498 455 Τῶν
527 429 569 466 γε
554 430 667 465 νοιιε
663 412 751 453 ’νων
772 411 958 479 ἶὶιιβρων]
995 411 1251 460 scholiastes,
1284 416 1324 452 in
1346 419 1518 468 margine

89 469 252 512 ὑδάτων
281 484 494 521 apponens,
526 473 640 508 etiam
668 473 746 518 ipse
777 465 994 520 σχεδιάζει,
1032 476 1070 506 et
1096 476 1139 506 ut
1166 471 1261 506 solet
1280 472 1518 520 impudenter

90 537 264 580 nugatur.
319 530 401 572 Quo
432 541 589 565 numero
631 529 745 564 etiam
779 528 974 576 sequentia
1016 528 1096 563 eius
1135 525 1209 563 duo
1251 525 1395 566 scholia
1427 543 1517 567 cen-

91 585 218 622 senda.
249 583 383 623 RHoD,

200 641 274 680 47.
295 641 370 680 42.
404 636 463 679 Τὸ
488 637 532 678 δὲ
553 639 716 690 πλῆθος
733 639 807 690 τῆς
826 635 1107 691 σωρευομένης
1122 633 1280 689 χιόνος]
1308 637 1520 681 Democriti

89 699 305 746 opinionem
336 697 520 746 pervertit
550 695 677 732 Schol.
709 695 885 743 Apollon.
908 693 1032 733 Rhod.
1052 694 1114 731 IV.
1141 695 1246 734 269.
1301 694 1450 733 Etesias
1469 711 1518 735 ex

87 753 202 790 ubere
231 753 333 790 nivis
365 753 433 789 sul»
461 754 766 802 septemtrionem
806 752 1030 799 liquefactae
1059 752 1167 800 copia
1206 753 1336 798 nasci,
1371 753 1518 790 indicat

87 809 318 846 Aristoteles·
340 808 387 845 ΙΙ.
417 808 614 846 Meteorol.
638 809 676 847 5.
707 815 744 844 et
762 808 886 844 firmat
906 806 1060 854 Ulpian.
1084 808 1125 843 in
1146 805 1342 844 Demosth.
1375 807 1515 858 Philip.

87 865 116 902 l.
136 879 170 915 p.
192 866 265 904 35.
290 867 331 901 in
350 863 561 902 Democriti
579 866 805 901 sententiam
827 864 872 900 de
890 863 972 899 Nili
991 865 1139 913 origine
1157 869 1284 911 aperte
1303 870 1519 916 transgres-

88 935 164 958 sus.
202 920 260 957 De
274 921 413 957 Etesiis
439 934 517 958 non
537 922 650 971 longe
672 921 812 957 abeunt
825 926 977 957 nostrae
996 922 1129 956 aetatis
1148 918 1376 968 philosophi.
1407 920 1517 960 Conf.

89 976 146 1017 Cl.
169 978 249 1016 Pet.
268 975 621 1014 Mussehenbroekii
640 976 843 1026 Physicam
860 989 976 1027 segni.
1004 976 1133 1015 1752.
1164 975 1297 1013 WEss.

199 1034 274 1073 47.
305 1035 376 1073 57.
422 1030 549 1073 Οὔπω
578 1035 661 1071 τῶν
692 1031 862 1082 ἐτησίων
891 1027 1115 1083 πνεόντων]
1150 1031 1368 1069 Herodotus
1387 1046 1517 1084 saepe-

88 1102 246 1127 numero
267 1089 435 1126 nondum
455 1090 687 1139 spirantibus
714 1087 854 1125 Etesiis
886 1091 927 1125 in
955 1101 1047 1125 arva
1064 1088 1194 1125 Nilum
1215 1088 1445 1126 adscendere
1464 1093 1519 1127 ait

88 1146 137 1185 Π.
161 1147 248 1193 2Ο.,
274 1146 374 1182 unde
398 1148 499 1182 iusta
517 1147 760 1182 conclusione
781 1144 981 1190 conficias,
1009 1157 1072 1180 eos
1092 1155 1363 1192 nonnunquam
1380 1158 1519 1194 aequa—

87 1203 143 1240 les
166 1215 247 1238 esse
263 1201 375 1238 fluvii
390 1204 646 1239 incrementis.
700 1199 901 1237 Prodromi
931 1202 1064 1236 saltem
1092 1199 1201 1237 fluvii
1220 1201 1391 1238 auctibus
1409 1210 1519 1239 erant

87 1260 256 1306 priores,
295 1257 444 1295 Plinius
464 1257 512 1294 11.
544 1257 595 1297 N.
625 1256 675 1293 H.
694 1257 784 1304 47.,
808 1258 870 1293 cui
889 1255 944 1293 Cl.
965 1255 1124 1293 Salmas.
1145 1258 1186 1293 in
1204 1254 1327 1293 Solin.
1351 1270 1387 1306 p.
1409 1259 1517 1299 304,

87 1316 215 1366 iunge.
242 1313 377 1351 wass.

198 1371 274 1410 47.
307 1370 380 1410 65.
424 1366 660 1424 Ἀργέσται]
708 1367 816 1408 Nihil
851 1369 931 1406 fere
973 1367 1150 1406 dissentit
1188 1367 1439 1418 Philosophus
1472 1369 1520 1406 Π.

88 1426 285 1465 Meteorol.
314 1429 355 1467 6.
390 1439 512 1477 neque
531 1427 577 1466 A.
619 1426 766 1463 Gellius
799 1425 846 1463 ΙΙ.
867 1425 917 1464 N.
940 1425 984 1463 A.
1007 1428 1081 1465 22.
1118 1437 1166 1461 ex
1201 1427 1277 1462 alia
1306 1432 1419 1474 atque
1442 1428 1519 1463 alia

88 1485 185 1521 coeli
216 1489 321 1531 parte
349 1482 501 1522 Etesias
533 1485 675 1533 spirare
706 1483 949 1521 adseverans,
1012 1483 1136 1526 Quare
1172 1482 1268 1519 bene
1287 1480 1519 1532 Hesychius,

82 1536 314 1594 Ἀργέσται,
345 1537 383 1578 οἱ
399 1535 590 1608 ΞΕτῆσιοι.
616 1539 749 1577 Wssss.

199 1596 276 1636 47.
299 1597 373 1636 6-.8
398 1592 512 1635 Ἀλλ’
541 1593 636 1636 οὐδὲ
662 1611 737 1647 την
761 1592 895 1635 πῖστιν
925 1589 1019 1645 ἔχει]
1050 1591 1164 1631 Νιιηο
1183 1594 1280 1630 citra
1299 1592 1456 1632 dubium
1475 1607 1519 1632 ea

89 1664 152 1690 res
175 1658 242 1689 est.
299 1651 501 1700 Aethiopia
521 1655 622 1690 enim
639 1653 909 1689 excelsissimis
930 1651 1120 1688 montibus
1142 1657 1199 1687 est
1216 1650 1416 1698 distincta,
1444 1653 1519 1688 sic-

89 1709 147 1744 uti
175 1708 343 1745 ostendit
369 1707 448 1747 lob.
488 1708 638 1746 Ludolf.
671 1707 701 1745 I.
729 1707 779 1747 H.
823 1707 933 1745 Aeth.
956 1710 996 1747 6.
1052 1705 1186 1743 Restat
1215 1713 1341 1744 autem
1359 1708 1520 1754 multum

90 1764 196 1802 dubii
218 1766 259 1801 in
279 1766 466 1813 scriptura
484 1763 596 1802 huius
616 1766 713 1812 loci3
740 1765 803 1801 eui
821 1766 922 1801 enim
943 1764 1043 1799 bono
1066 1760 1241 1815 ἐνέργεια
1261 1762 1354 1799 illa?
1382 1763 1439 1800 Ne
1460 1764 1518 1800 di-

89 1833 172 1857 cam
200 1820 310 1868 dolo,
343 1822 464 1857 fuisse
495 1821 681 1867 arbitror,
729 1817 796 1859 διὰ
824 1821 899 1871 τῆς
933 1817 1138 1870 ἐναργείας
1166 1817 1518 1870 συγχωρουμένην,

87 1878 177 1929 ipsa
197 1848 396 1914 evide’ntia
415 1877 726 1944 conprobatam,
751 1877 792 1914 id
812 1876 912 1925 quod
932 1888 993 1912 res
1013 1878 1094 1923 ipsa
1112 1876 1338 1922 expostulat.
1398 1874 1517 1912 Video

88 1933 240 1981 quidem
267 1945 348 1981 cap,
368 1934 443 1974 40.
474 1949 542 1973 και
575 1931 652 1987 γὰρ
685 1928 753 1972 ἐάν
785 1946 846 1979 τις
871 1927 1058 1982 βιάζηται
1086 1928 1160 1983 τὴν
1188 1928 1398 1984 ἐνμργειαν
1432 1938 1469 1968 et
1484 1947 1515 1983 7]

87 2003 163 2040 την
213 1987 410 2043 ἐνέργειαν
460 2005 542 2043 παο
548 1988 713 2041 ἔχεσθαι
763 1990 1073 2042 μαρτυροῦσαν.
1141 1993 1334 2055 praeterea
1370 2000 1402 2024 c.
1432 1988 1514 2034 41.

88 2042 223 2091 ἄλλως
248 2060 291 2085 τε
324 2045 391 2085 καὶ
417 2048 532 2097 τῆς
518 2045 715 2099 ἐνεργειας
734 2043 862 2097 αὐτῆς
887 2041 1225 2110 μαρτυρουμένης
1242 2037 1320 2082 ὑπὸ
1345 2045 1427 2083 τῶν
1448 2050 1519 2083 etc.

89 2101 156 2138 sed
188 2115 232 2138 ea
259 2103 384 2140 omnia
415 2103 510 2140 mihi
539 2109 713 2152 suspecta
743 2109 854 2149 sunt,
901 2108 938 2138 et
965 2103 1006 2137 in
1033 2101 1222 2149 plerisque
1239 2112 1352 2136 manu
1372 2102 1518 2143 exarati

88 2157 238 2195 codices
277 2157 483 2211 ἐναργείας
512 2172 647 2197 vocem
673 2160 843 2205 malunt,
877 2169 988 2208 quam
1017 2158 1108 2193 satis
1139 2162 1288 2193 constat
1312 2155 1412 2192 haud
1429 2169 1516 2193 raro

89 2214 136 2251 ab
164 2215 283 2251 altera
312 2215 397 2252 loco
432 2222 470 2252 et
497 2216 584 2252 sede
614 2228 682 2253 sua
709 2215 891 2251 deiectam
908 2214 1049 2259 fuisse,
1087 2214 1200 2249 sicuti
1218 2213 1259 2249 in
1280 2210 1467 2249 Strabone
1486 2212 1514 2249 Ι.

89 2282 126 2318 Ι).
146 2271 220 2310 45.
240 2270 285 2308 Α.
311 2277 350 2308 et
379 2270 529 2309 Philon.
555 2272 636 2310 lud.
660 2272 706 2308 de
726 2269 888 2309 Cherub.
909 2283 957 2319 p.
972 2271 1072 2309 117
1095 2267 1141 2306 D.
1170 2276 1208 2305 et
1226 2266 1416 2318 Dionysio
1435 2268 1516 2306 Ha·-

87 2327 263 2369 licarnas,
290 2325 336 2363 Τ.
358 2327 406 2364 11.
426 2340 464 2376 p.
492 2329 576 2375 83„
604 2329 669 2365 ubi
689 2330 797 2376 plura
818 2326 1058 2363 doctissimus
1079 2324 1259 2375 Sylburg.
1290 2324 1339 2361 W
1343 2335 1423 2361 Ess.

199 2383 273 2423 48.
296 2384 368 2423 69.
397 2381 577 2438 ’Ἔφορος
613 2383 657 2423 δὲ
687 2378 948 2434 καινοτάτην]
990 2381 1188 2432 Ingressus
1217 2386 1299 2418 erat
1326 2380 1516 2430 Ephorus,

90 2439 403 2487 quemadmodum
421 2439 493 2478 hoc
515 2442 598 2478 loco
616 2439 830 2485 Diodorus,
859 2440 1013 2488 longam
1035 2438 1079 2473 de
1100 2436 1213 2484 Nilo,
1241 2438 1321 2473 eius
1344 2437 1516 2474 fontibus

92 2501 130 2531 et
150 2496 374 2534 inerementi
392 2499 549 2543 caussis,
572 2497 866 2546 disputationem
876 2493 1035 2531 Lib.Xl.
1048 2492 1210 2540 Histor.,
1232 2493 1515 2530 confutaverat-

91 2551 353 2600 quealiorum
379 2566 423 2589 ea
454 2553 500 2589 de
531 2566 573 2590 re
605 2555 823 2603 opiniones,
863 2557 1017 2588 auctore
1051 2548 1208 2586 Theone
1225 2548 1513 2599 Progymnasm.

91 2619 122 2642 c.
146 2607 187 2645 2.
209 2620 243 2656 p.
267 2609 335 2647 16.
388 2607 608 2646 Cuiusmodi
638 2609 916 2646 dissertationis
945 2619 1030 2643 cum
1050 2606 1133 2642 sine
1159 2605 1272 2650 dubio
1291 2617 1377 2653 pars
1400 2607 1449 2646 sit
1467 2606 1515 2642 il-

90 2662 156 2699 lud
177 2662 222 2698 de
246 2661 336 2700 Nilo
362 2664 638 2715 fragmentum,
676 2664 775 2713 quod
796 2676 844 2700 ex
863 2662 1065 2712 Anonymo
1092 2662 1275 2709 scriptore
1296 2668 1515 2710 excerptum

90 2720 232 2768 primus
262 2717 311 2755 H.
344 2717 560 2768 Stephanus
590 2722 787 2772 vulgavit,
826 2725 863 2756 et
892 2718 1087 2756 Herodoto
1131 2724 1217 2765 post
1251 2718 1458 2767 praebitum
1491 2729 1516 2753 a

89 2774 369 2825 lungerlnanno
396 2778 629 2824 exemplum,
670 2777 779 2827 iungi
810 2776 926 2821 solet,
964 2773 1064 2811 haud
1090 2774 1233 2810 iniusta
1261 2774 1423 2809 fortasse
1451 2785 1514 2809 su-

88 2831 206 2878 spicio
227 2833 319 2876 erit,
349 2831 502 2882 Ephoro
521 2833 671 2879 deberi,
699 2840 737 2870 et
755 2846 777 2870 a
800 2830 1064 2868 Grammaticis
1083 2835 1236 2879 propter
1262 2830 1342 2869 eius
1362 2831 1514 2878 elegan-

1168 2886 1191 2923 5
1221 2887 1240 2906 4
