1828 3253
376 229 441 270 IN
473 229 585 270 LIB.
613 230 753 270 XIII.
785 228 912 271 CAP.
940 232 1015 272 27.
1037 251 1086 260 -
1107 231 1183 274 29.
1414 228 1508 272 649

183 343 286 384 562.
315 343 359 384 4.
399 340 490 383 Καί
512 357 588 382 τινι
615 338 820 396 προσόψει
850 345 926 395 τῆς
951 344 1036 383 τῶν
1066 341 1154 394 etc.]
1184 342 1261 380 Aut
1279 341 1426 391 aliquid
1445 341 1510 378 hic

68 398 187 446 deest,
213 407 279 438 aut
298 398 365 439 καὶ
386 399 588 437 delendum
609 403 696 438 erit.
747 400 798 438 Et
818 403 946 438 statim
965 401 1048 440 τῶν
1068 406 1325 450 praeponatur
1345 399 1508 436 articulo

67 457 278 493 foeminino
306 457 392 506 τῆς.
421 453 558 492 Rflon.

179 512 282 553 563.
311 513 386 551 21.
428 511 484 549 Τί
503 508 585 563 χρὴ
618 514 691 550 νῦν
721 506 832 563 ἡμᾶς
860 509 1164 560 διατείνεσθαι]
1195 509 1400 548 Rationem
1428 521 1508 548 non

69 567 204 614 video,
244 580 311 605 cur
343 574 559 615 suspectum
589 567 661 604 hoc
691 569 809 605 fuerit
829 570 913 605 siro
935 567 1106 614 erudito,
1128 569 1190 604 cui
1211 574 1389 616 excerpta
1409 564 1505 616 Reg.

69 621 187 660 codd.
216 623 346 661 debeo.
389 622 548 672 losepho
577 630 672 661 teste
704 624 914 689 defungar,
943 626 1008 672 qui
1029 623 1072 663 L.
1094 595 1122 660 Ι.
1153 622 1234 662 Bel.
1269 623 1348 659 lud.
1376 635 1407 658 c.
1430 624 1506 662 27.

70 680 110 718 3.
133 676 342 725 καταστὰς
364 674 446 718 ὁὲζ
429 695 449 718 0
470 677 678 729 βασιὶει)ς,
707 675 764 726 ὡς
783 677 887 732 πρὸς
908 675 1119 747 παρόντας
1139 678 1260 718 δείετ
1244 694 1280 717 ιι
1284 693 1363 717 ero.
1392 677 1445 715 Et
1464 677 1509 715 L.

69 734 132 771 lV·
160 737 229 775 10.
252 735 294 774 4.
327 733 461 773 πολὶὰ
487 734 531 774 δὲ
551 734 653 785 πρὸς
681 733 831 782 αὐτοῖς
859 732 1174 786 ὸιατειννάμειος.
1204 734 1415 782 Utrobique
1434 747 1508 772 ve-

67 790 280 828 hementem
300 791 492 839 quandam
512 795 795 829 contentionem
815 795 854 829 in
876 792 1020 829 orando
1043 792 1229 843 designat.
1258 791 1394 830 IVEss.

181 848 285 888 563.
306 848 379 886 37.
405 847 490 886 Καὶ
512 849 650 887 πολλα)
672 848 834 894 πλείους
853 844 1179 901 ἔπεσημῂναιτο]
1200 847 1511 897 indignationem

67 902 191 953 signis
213 910 250 940 et
270 916 462 940 murmure
483 906 745 952 testabantur,
772 907 884 941 sicuti
904 904 1005 952 apud
1025 904 1184 954 Appian.
1208 902 1250 940 L.
1271 903 1316 940 V
1337 901 1417 939 Bel.
1444 901 1511 939 Ci-

64 961 132 996 vil·
155 961 358 1008 p.1084.‚
385 973 472 997 cum
491 962 600 997 miles
620 963 660 997 in
680 961 966 1009 quatuordecim
986 960 1140 997 ordines
1160 959 1357 1010 spectandi
1374 971 1510 996 caussa

65 1017 303 1063 transiisset,
336 1011 356 1055 ὃ
378 1015 454 1066 μὲν
478 1015 645 1068 δῆμος
628 1013 925 1069 ἐπεσημήνατο.
965 1016 1119 1065 Alioqui
1142 1019 1183 1053 in
1204 1016 1401 1052 meliorem
1421 1028 1510 1064 par-

65 1076 140 1108 tem
161 1071 208 1108 ad
229 1073 402 1121 plausum
419 1072 666 1110 indicandum
685 1073 899 1119 adhibetur,
924 1080 966 1110 ut
979 1072 1021 1110 L.
1037 1073 1097 1109 IV.
1123 1076 1162 1113 8.
1182 1079 1315 1108 notare
1336 1073 1506 1110 memini.

64 1126 172 1164 Adde
197 1126 270 1165 Th.
293 1126 474 1165 Gataker.
501 1131 541 1166 in
563 1128 655 1178 lmp.
675 1129 864 1167 Antonini
886 1129 927 1166 L.
946 1129 1010 1166 VL
1031 1131 1106 1169 20.
1127 1141 1163 1177 Ρ
1191 1130 1293 1168 182.
1316 1127 1451 1164 WESS·

181 1185 285 1224 563.
308 1184 383 1224 41.
418 1184 502 1223 Καὶ
523 1187 697 1225 τοσοῦτο
717 1189 851 1236 μισεῖν
874 1207 922 1212 -
946 1181 1046 1224 ὅσον
1066 1192 1138 1221 etc.
1149 1184 1162 1235 ]
1200 1183 1327 1232 Supra
1347 1183 1390 1220 L.
1411 1182 1440 1221 1
1465 1184 1506 1223 1.

65 1253 115 1290 ης
138 1243 338 1279 τοσοῦτον
357 1235 562 1294 ὖπεοέγειν
585 1262 633 1269 —
657 1238 769 1281 ὅσον.
806 1241 953 1279 Aelian.
972 1241 1017 1278 V.
1037 1240 1088 1280 H.
1113 1241 1155 1278 L.
1174 1240 1241 1277 111.
1267 1242 1310 1280 9.
1339 1238 1407 1278 καὶ
1440 1254 1510 1278 το-

68 1297 218 1334 σοῦτον
238 1275 449 1348 ἀιδρεῒος,
478 1294 577 1335 ὅσον
598 1304 668 1334 etc.
710 1298 854 1337 Verum
874 1297 945 1335 hoc
968 1298 1052 1334 leve
1073 1304 1132 1333 est
1148 1303 1186 1333 et
1205 1309 1353 1346 paene.
1343 1296 1511 1332 albitra-

65 1353 176 1388 rium.
205 1350 322 1388 Conf..
337 1358 466 1389 tamen
485 1351 557 1389 Ios.
578 1352 734 1390 Barnes.
754 1356 794 1390 in
819 1353 992 1402 Euripid.
1014 1352 1156 1389 Troad.
1176 1366 1214 1392 v.
1238 1354 1344 1391 972.
1374 1351 1510 1388 wass.

179 1408 282 1448 563.
305 1409 379 1448 48.
414 1405 524 1454 Τοὺς
543 1408 672 1455 ἰδίους
693 1408 782 1462 περὶ
804 1409 966 1454 πλείους
987 1404 1197 1459 drama]
1226 1407 1402 1444 Turbant
1420 1420 1510 1444 sen-

65 1466 225 1501 tentiam
254 1464 344 1501 bina
372 1465 441 1501 illa
469 1464 556 1517 περὶ
587 1464 770 1511 πλείους,
809 1478 905 1514 quae
933 1467 1070 1502 merito
1096 1464 1329 1502 eliminanda
1359 1465 1511 1500 censuit

65 1517 252 1557 Rhodom.
271 1523 409 1569 quippe
430 1533 479 1558 ex
498 1522 746 1571 sequentibus
771 1520 846 1559 huc
867 1524 1030 1572 ingesta.
1059 1520 1145 1572 Ego
1166 1521 1322 1558 uncinis
1346 1521 1511 1557 circum-

65 1575 164 1613 dedi.
191 1576 329 1614 WESS.

180 1633 284 1672 564.
304 1634 375 1673 54.
403 1634 655 1673 Καταλιπεΐν
679 1629 848 1684 ἔμψυχα
870 1628 1049 1682 τρόπαια
1069 1634 1154 1672 τῶν
1173 1633 1302 1683 μετῇ)
1306 1627 1510 1683 λαχοτων]

67 1685 170 1724 Satis
203 1687 275 1726 hoc
307 1690 457 1737 quidem
484 1689 755 1740 sophisticum,
793 1696 831 1726 et
858 1702 976 1739 paene
1005 1691 1128 1726 simile
1153 1688 1352 1739 Gorgiano
1373 1684 1510 1740 γύπες,

67 1739 243 1794 ἒζιιψυχοι
265 1760 402 1797 ταφοι,
425 1747 525 1795 quod
544 1748 664 1782 risum
683 1746 730 1783 ob
750 1746 1041 1795 frigidissimum
1063 1747 1229 1781 colorem
1250 1744 1512 1792 prudentiori-

67 1798 138 1836 bus
158 1802 331 1838 movisse
342 1800 457 1839 Dion.
480 1803 678 1853 Longinus
701 1802 747 1838 de
768 1800 876 1839 Subl.
898 1800 1003 1838 Diet.
1023 1815 1055 1837 c.
1078 1801 1118 1840 3.
1137 1814 1172 1850 p
1194 1802 1264 1840 18.
1289 1807 1327 1836 et
1344 1799 1511 1838 Hermo-

66 1868 184 1906 genes
209 1857 255 1894 de
277 1856 403 1895 Form.
425 1858 530 1896 Orat.
552 1858 594 1895 L.
618 1857 644 1894 1.
668 1860 708 1898 6.
728 1872 763 1908 p.
786 1858 892 1897 285.
910 1863 1152 1894 monuerunt.
1180 1856 1317 1894 Wssss.

181 1914 238 1953 56
244 1914 285 1952 1.
308 1915 381 1954 65.
413 1916 500 1966 Τῆς
520 1910 597 1966 ἡμς
582 1929 641 1953 eet
626 1912 720 1964 ’ρας
739 1910 922 1963 πόλεως]
953 1908 1068 1950 Pro
1047 1911 1248 1964 ημετὲρας
1269 1905 1432 1948 scribe
1411 1924 1512 1963 υμε-

67 1964 198 2021 τέρας.
225 1968 438 2017 Spartanus
459 1973 561 2008 enim
579 1971 697 2008 ierba
716 1971 821 2017 facit,
847 1983 926 2006 non
949 1968 1230 2019 Syracusanus.
1257 1967 1394 2004 RHOD.

183 2026 286 2066 564.
316 2027 389 2067 69.
436 2028 747 2080 Παοαιτεῖσθαι
782 2023 858 2077 τὴν
900 2024 1125 2076 τιμωρίαν]
1162 2024 1277 2062 Novi
1306 2022 1511 2073 inperandi

67 2086 292 2128 potestatem
311 2083 524 2120 adsciscere
547 2096 656 2131 posse
677 2082 914 2128 infinitivus,
952 2081 1018 2118 sed
1046 2083 1121 2118 alia
1149 2080 1262 2118 huius
1292 2082 1367 2118 loci
1395 2081 1510 2116 ratio.

67 2135 263 2186 Scriptum
289 2139 411 2176 fuisse
437 2140 604 2177 arbitror
636 2137 947 2203 παραιτείσθων
974 2137 1188 2174 Atticorum
1223 2150 1350 2184 more,
1398 2147 1511 2185 quem

68 2193 220 2240 quidem
240 2194 311 2232 hac
330 2197 505 2233 oratione
524 2196 777 2245 amplectitur,
805 2189 1110 2244 υπομενόντων,
1140 2188 1331 2243 ἐχόντων,
1351 2188 1456 2244 ἆγαι
1459 2206 1511 2229 α-

69 2245 276 2289 κτοῦντων
303 2263 516 2301 usurpans,
540 2254 665 2289 rarius
694 2252 801 2289 alibi.
843 2250 914 2286 Est
934 2263 1024 2287 sane
1047 2248 1118 2286 hoc
1137 2250 1184 2286 ab
1204 2250 1282 2286 illis
1301 2249 1510 2294 diversum,

67 2312 262 2354 receptum
291 2313 430 2344 tamen.
473 2308 644 2358 Namque
678 2314 715 2343 et
739 2302 945 2358 χοιῑσθων
975 2304 1171 2354 Aristoph.
1209 2305 1309 2342 Nub.
1339 2318 1377 2342 v.
1399 2304 1508 2344 438.

70 2355 348 2410 εὖοισκέσθιιιη
367 2363 547 2402 Aristidis
567 2364 613 2401 Τ
634 2363 679 2400 11.
700 2375 734 2411 p.
760 2363 860 2403 196.
883 2357 1186 2413 &maniacam
1199 2359 1508 2411 SynesiusOrat.

71 2416 117 2452 de
137 2415 260 2468 Regn-
282 2431 315 2467 p·
330 2421 402 2459 23.
424 2419 466 2456 Β.
487 2428 525 2457 et
546 2433 642 2469 quae
661 2421 736 2456 alia
757 2418 828 2456 hoc
848 2419 892 2454 cle
916 2431 1055 2468 genere
1078 2419 1233 2468 collegit
1254 2415 1370 2453 Mich.
1392 2415 1511 2452 Mait-

70 2473 168 2510 taire
197 2474 243 2510 de
272 2473 434 2515 Dialect.
466 2489 499 2526 p.
523 2479 624 2517 167.
656 2475 831 2512 Potuisse
861 2487 953 2512 vero
982 2486 1031 2511 ex
1059 2471 1369 2527 παραιτείσθων
1401 2473 1512 2510 nasci

70 2530 290 2580 vulgatum,
317 2534 440 2569 cuivis
460 2535 500 2569 in
521 2541 651 2582 aperto
674 2539 742 2568 est.
770 2531 906 2570 IVEss

187 2587 289 2626 564-
322 2589 393 2627 73.
446 2590 624 2628 Τοῖτο
613 2586 690 2640 γὰο
729 2602 812 2638 παρ
862 2580 1101 2637 ἀνθοῶποις
1127 2579 1306 2639 φυὶάττε
1311 2599 1376 2623 ται
1406 2580 1509 2635 etc.]

72 2641 330 2680 Aufer-endum
357 2656 404 2680 ex
429 2643 500 2681 hoc
521 2646 604 2682 loco
628 2645 751 2682 videri
776 2640 901 2694 nam),
930 2649 1107 2690 tanquam
1129 2654 1177 2677 ex
1199 2642 1264 2678 illo
1286 2638 1377 2692 2120,
1409 2639 1511 2687 quod

71 2698 285 2747 praecedit,
314 2701 538 2738 inconmode
566 2703 791 2749 repetitum,
823 2698 1094 2736 animadvertit
1116 2698 1157 2735 P.
1179 2697 1302 2733 haber
1325 2694 1509 2732 Semestr.

14 2796 24 2805 ,
73 2754 115 2792 L·
138 2754 183 2790 Π-
204 2767 239 2803 p.
262 2756 368 2795 342.
411 2756 500 2793 Non
518 2759 619 2793 enim
639 2756 736 2806 apud
757 2755 942 2801 homines,
979 2754 1042 2791 sed
1067 2755 1160 2801 ipsis
1180 2750 1414 2797 hominibus,
1442 2751 1510 2799 qui

72 2813 193 2848 vitam
225 2813 455 2860 inculpatam
493 2826 576 2849 cum
606 2813 808 2863 degerent,
852 2813 1108 2848 calamitatum
1141 2809 1322 2845 fluctibus
1352 2808 1511 2844 inmersi

71 2867 230 2916 fuerint,
265 2880 404 2905 nomen
424 2875 647 2918 portumque
667 2869 958 2917 supplicationis
979 2865 1130 2904 ostendi
1147 2878 1190 2902 ac
1209 2871 1336 2914 patere
1359 2862 1511 2915 signifi-
