1828 3253
296 157 390 199 794
763 154 1291 197 ANNo'rA'rnmus

406 269 512 309 718.
542 268 618 310 61.
654 265 729 314 Εἷς
750 263 798 307 τὸ
821 265 1030 308 Κνιδίνιον
1051 264 1273 322 φρούριον]
1322 268 1437 308 Haud
1455 271 1569 321 longe
1593 269 1745 322 Epheso

289 325 434 364 afuisse
454 323 632 371 videtur,
660 331 788 361 cetera
810 325 1010 389 ignotum,
1039 324 1133 362 mihi
1154 325 1306 373 quidem
1322 334 1437 364 certe.
1496 327 1632 366 Wnss.

410 382 516 421 718.
546 380 620 420 69.
662 379 746 419 Καὶ
771 375 842 418 τόν
868 394 911 419 τε
942 376 1246 434 Θρασύβουλον
1276 379 1369 435 etc.]
1418 381 1531 423 Conf.
1563 383 1746 436 Xenoph.

289 436 445 476 Hellen.
463 436 527 475 lV.
549 449 585 485 p.
597 435 706 475 423.
765 435 903 473 lvssss.

406 486 512 533 718.
550 494 622 532 76.
668 487 872 545 Ἀγύριον
905 489 1138 545 στρατηγὸν
1172 490 1430 545 ἐξέπεμψαν]
1491 492 1747 544 Frequentius

287 545 517 602 Ἀγύρριος
544 548 706 596 dicitur,
743 548 844 597 apud
867 547 1048 598 Xenoph.
1077 556 1204 589 tamen
1229 546 1478 602 Ἀργὺριος,
1516 552 1582 588 sed
1613 565 1744 600 prave.

286 604 377 642 Vid.
400 604 455 642 Io.
480 604 692 641 Meursium
712 604 817 642 Lect.
835 604 918 642 Att.
943 604 986 643 L
1002 604 1067 644 VI.
1088 605 1130 645 4.
1160 605 1212 645 H.
1237 605 1430 644 Valesium
1449 607 1499 645 ad
1518 607 1745 656 Harpocrat.

288 663 332 700 in
355 656 570 713 Ἀγύῤῥιος
599 667 636 697 et
657 660 700 698 L.
719 660 877 699 Kuster.
898 663 941 698 in
960 659 1276 730 Aristoph.Plut.
1295 665 1454 704 v.176.
1512 663 1652 702 1171333.

405 718 511 758 718.
550 718 622 758 80.
667 711 866 756 Σπεύὸων
892 731 969 769 την
998 715 1105 756 κατὰ
1131 732 1208 769 την
1235 720 1363 771 νῆσον
1392 719 1638 759 δυναστείαν
1669 727 1744 760 etc.

286 770 635 837 προσλαβέσθαι]
676 773 860 823 Opineris
891 773 1022 810 deesse
1052 773 1111 810 his
1136 776 1481 824 praepositionem,
1519 777 1744 825 dedisseque

285 836 480 867 auctorem
504 824 691 868 σπευὸων
710 826 815 882 πρὸς
836 844 913 880 την
936 826 1042 868 κατὰ
1062 826 1139 882 τὴν
1159 845 1287 882 νησον
1308 830 1554 871 δυναστείαν
1578 840 1616 870 et
1633 835 1743 881 reliq.

284 884 318 921 V
322 887 465 922 oluisse
485 885 670 923 videlicet
701 884 937 936 Dionysium
959 885 1234 935 dominationi,
1259 898 1333 935 qua
1355 889 1505 925 insulae
1528 901 1648 938 paene
1671 890 1745 927 toti

285 941 521 991 imperabat,
552 940 745 989 Graecos,
767 942 907 980 ltaliae
927 943 1100 990 incolas,
1125 942 1313 980 adiicere:
1352 955 1449 992 quae
1476 944 1630 992 quidem
1654 958 1744 981 sen-

284 999 410 1034 tentia
428 1000 485 1035 uti
504 1010 624 1045 prava
641 1011 721 1036 non
742 1005 812 1046 est,
840 1001 896 1037 ita
915 1001 1110 1037 neminem
1127 1001 1338 1036 necessitas
1349 999 1494 1051 adivit,
1522 1007 1566 1037 ut
1583 1001 1744 1041 alteram

286 1053 452 1091 damnet.
512 1053 563 1091 W
566 1064 650 1094 Ess.

398 1111 504 1150 718
539 1112 612 1151 82.
645 1106 735 1161 Τὴν
753 1107 829 1161 μὲν
850 1106 938 1151 κατ’
963 1108 1047 1150 ἒκε’
1013 1125 1066 1149 ιν
1070 1124 1140 1157 ους
1162 1109 1255 1164 etc.]
1286 1110 1364 1149 Aut
1384 1106 1442 1151 ἐπ’
1464 1109 1654 1159 ἐκείνους,
1677 1119 1745 1150 aut

282 1162 370 1205 κατ’
393 1164 557 1206 ἐκείνων
574 1166 779 1218 legendum
803 1180 954 1206 censeo.
1013 1166 1170 1206 STEPH.

309 1260 312 1262 .
396 1224 503 1263 718.
531 1223 604 1263 84.
611 1198 728 1264 DAula
753 1219 801 1263 τὸ
835 1220 1222 1277 προπολεμητήριον
1248 1219 1380 1275 αὐτὴν
1413 1219 1514 1263 ειναι
1540 1226 1616 1278 τῆς
1632 1197 1743 1265 Ἰτα-

278 1274 391 1330 λιάς]
424 1276 529 1317 Bene
547 1282 698 1317 monuit
722 1277 996 1328 casaubonus,
1023 1293 1104 1322 non
1121 1281 1330 1330 praeterito
1352 1279 1425 1317 hoc
1443 1282 1551 1327 loco,
1579 1296 1749 1333 προΐει--

272 1333 464 1385 χι’,σματα
485 1342 524 1372 et
542 1331 909 1389 προπολεμητήρια
929 1338 1015 1374 loca
1035 1349 1080 1374 ea
1099 1336 1201 1384 dici,
1240 1349 1336 1385 quae
1357 1343 1477 1374 tutam
1497 1339 1694 1386 regionem
1716 1351 1740 1376 a

278 1392 496 1438 repentinis
516 1390 686 1429 hostium
715 1392 1004 1430 incursionibus
1026 1398 1224 1442 praestant
1252 1392 1300 1428 ad
1320 1391 1456 1442 Polyb.
1470 1391 1495 1430 l.
1521 1366 1590 1433 ίόῖ.
1634 1392 1738 1432 Rhe-

277 1448 385 1497 gium
408 1448 477 1485 tali
495 1449 574 1484 situ
595 1455 699 1498 erat,
730 1454 775 1484 ut
792 1450 990 1486 invasuris
1012 1447 1165 1486 ltaliam
1183 1460 1236 1485 ex
1253 1446 1390 1486 Sicilia
1408 1451 1576 1486 maxime
1598 1449 1738 1490 adver-

277 1516 363 1540 sum
385 1510 508 1550 esset,
536 1478 788 1553 poterantque
810 1504 906 1541 adeo
927 1503 1098 1555 Rhegini
1130 1504 1404 1556 προπολειιεῖν
1431 1506 1509 1556 τῆς
1533 1502 1734 1552 Ἰταλιας·

276 1566 321 1596 ut
341 1558 486 1609 Cypria
509 1561 669 1607 classis,
702 1557 730 1611 ἡ
755 1556 976 1611 δυνήσεται
998 1561 1275 1611 προπολεμεῖν
1303 1562 1379 1611 τῆς
1400 1556 1542 1606 ,Ασίας
1569 1574 1671 1610 supr.
1702 1575 1735 1599 c.

277 1616 352 1656 98.
364 1643 376 1662 ‚
422 1623 461 1652 et
485 1614 744 1653 Athenienses
773 1616 1133 1667 προπολεμοῦντες
1163 1617 1248 1654 τῶν
1278 1612 1510 1667 συμμάχων
1539 1615 1608 1656 καὶ
1638 1632 1737 1665 τους

272 1667 519 1725 βαρβάρους
538 1668 793 1738 ἀνείρᾳοντες
809 1673 851 1708 in
874 1671 978 1710 Plut.
1001 1670 1151 1709 Pericle
1175 1684 1212 1721 p·
1228 1671 1329 1712 158
1346 1671 1390 1712 F.
1449 1672 1590 1713 Wnss.

389 1728 496 1768 719.
526 1728 570 1766 4.
605 1724 830 1774 Διονύσιος
860 1723 902 1767 δ’
938 1726 1119 1781 ἰσχυρῶς
1135 1725 1393 1780 μαχεσθεις]
1442 1730 1547 1773 Quae
1577 1741 1735 1778 praece-

275 1782 394 1831 dunt,
423 1786 622 1835 postulant
640 1783 902 1835 χειμασθειᾝς
938 1790 1163 1833 tempestate
1193 1786 1297 1839 enim
1316 1783 1535 1824 vehementi
1564 1787 1732 1825 iactatus

271 1852 393 1877 naves
422 1853 486 1877 eas
515 1842 669 1889 amisit,
711 1853 791 1877 non
818 1841 975 1890 praelio.
1033 1839 1156 1877 Porro
1177 1854 1256 1878 non
1273 1841 1458 1879 videntur
1477 1856 1584 1880 suam
1602 1842 1731 1881 sedem

271 1908 457 1946 occupare
478 1909 595 1934 voces
616 1895 679 1935 ἔπι
701 1911 778 1948 την
791 1892 994 1948 εΡηγίνην,
1026 1897 1273 1935 collocandae
1295 1896 1367 1934 hoc
1388 1898 1544 1936 ordine:
1571 1914 1731 1939 τουτων

271 1949 315 1990 δ’
338 1950 425 2004 ἅμα
447 1957 538 1999 ταῖς
557 1967 703 1991 ναυσιν
725 1950 1086 2003 εκβρασθέντων
1069 1952 1133 1991 επὶ
1156 1950 1233 2005 τὴν
1251 1947 1439 2006 ‘NJPrjy'cmyz
1454 1981 1465 2000 ‚
1497 1970 1535 1994 οι
1553 1950 1729 2008 Ριῃῖιοι

271 2015 345 2047 etc.
404 2007 596 2046 Decurret
613 2016 714 2046 certe
737 2011 884 2047 leniore
904 2011 1058 2046 tramite
1077 2012 1212 2047 oratio.
1256 2009 1518 2061 Χειμασθεὶς
1539 2025 1621 2048 esse
1645 2025 1732 2050 cor-

268 2065 495 2115 riffendum,
528 2066 710 2102 animadv
714 2068 804 2103 ertit
827 2077 977 2116 quoque
997 2067 1350 2117 praestantissimus
1374 2066 1554 2105 Kuhnius
1573 2068 1621 2104 ad
1643 2067 1728 2105 Ael.

269 2120 316 2158 V.
335 2120 606 2162 11.X11.61.
664 2122 806 2159 lVEss.

384 2178 489 2218 719.
521 2179 592 2218 10.
635 2176 722 2218 Καὶ
756 2173 954 2223 πολλάκις
981 2174 1078 2229 παρ’
1113 2173 1251 2231 ὀλίγον
1284 2175 1423 2218 ἕλθων
1452 2172 1727 2232 ὗποβρῦχιος]

269 2232 407 2271 Solent
423 2233 528 2271 hoc
517 2248 557 2272 in
578 2248 720 2285 genere
740 2235 960 2302 plerumque
988 2234 1150 2272 verbum
1179 2234 1332 2274 addere.
1391 2229 1604 2272 Pausanias
1635 2235 1678 2272 L.
1696 2236 1729 2274 1.

270 2291 342 2330 10.
381 2287 477 2343 παρ’
513 2288 650 2343 0719012
675 2305 751 2341 μεν
780 2284 911 2342 ἦλθεν
935 2288 1115 2330 ἐκπεσεῖν
1139 2286 1320 2346 Θράκης.
1358 2290 1409 2328 Et
1429 2305 1460 2328 c.
1481 2293 1552 2331 13.
1585 2289 1674 2344 ὀλί)
1677 2307 1724 2332 ου

263 2345 340 2396 μὲν
360 2322 492 2398 ἦλθεν
510 2342 613 2386 ἑλεῖν
634 2345 826 2397 αἰτοβοεὶ
846 2362 950 2398 την.
941 2342 1072 2386 πόλ.ιν
1114 2333 1226 2384 Philo
1247 2347 1328 2384 lud.
1350 2347 1442 2399 Leg.
1461 2347 1541 2387 Cai.
1566 2360 1602 2396 p.
1615 2349 1722 2389 998.

264 2402 311 2439 Α.
348 2399 468 2448 εἷὸως
494 2402 567 2442 οὐν
597 2399 660 2442 ὅτι
694 2400 808 2455 παρὰ
835 2400 983 2454 μικρὸν
1013 2401 1055 2442 «27
1059 2398 1195 2442 θόντα
1213 2399 1404 2456 μυριάκις
1423 2401 1551 2443 αὐτὸν
1575 2401 1707 2444 ἀπολέ
1705 2426 1724 2433 -

266 2460 371 2497 σθαι
404 2456 610 2498 διέσωσεν
662 2459 868 2507 Euripides
898 2459 1093 2497 Heraclid.
1123 2473 1160 2497 v.
1180 2461 1291 2500 296.
1332 2459 1400 2499 καὶ
1431 2457 1545 2512 παρὰ
1574 2458 1723 2528 μιξκρόν

263 2510 406 2566 ’ψυχὴν
434 2508 566 2565 ἦλθεν
594 2515 842 2555 ammarum.
880 2516 1015 2566 P0.1yb
1032 2515 1060 2552 Ι.
1082 2516 1157 2555 45
1192 2531 1230 2555 οι
1255 2514 1299 2555 δὲ
1313 2511 1508 2567 Ρωμαῖοι
1529 2514 1623 2568 παρ’
1648 2514 1722 2555 οὗ-

264 2569 333 2609 ὁεν
362 2567 557 2617 ἐλθόντες
586 2574 660 2611 τοῦ
690 2567 828 2618 πάσας
857 2568 1083 2623 ἀποβαλεῖν
1102 2569 1177 2619 τὰς
1197 2569 1474 2622 παρασκειάς.
1532 2573 1590 2610 Ad
1611 2585 1723 2620 quem

263 2626 419 2664 modum
461 2640 573 2675 saepe
610 2629 689 2667 alii.
746 2627 888 2666 Noster
927 2624 982 2667 εἶν
987 2644 1028 2667 αι
1069 2634 1138 2666 aut
1164 2625 1355 2668 ἆπολεσθ
1358 2644 1398 2667 αι
1428 2630 1723 2680 subintelligen-

266 2682 356 2721 dum
377 2683 533 2720 videtur
552 2686 769 2733 reliquisse.
827 2683 966 2722 VVESS.

380 2740 486 2779 719.
520 2741 591 2781 16.
630 2739 866 2780 Λευκανῶν
899 2737 975 2792 τὴν
1009 2735 1194 2793 Θουρίαν
1225 2734 1599 2793 καταδραμόντων]
1642 2741 1721 2779 Lu-

264 2796 352 2833 cani
381 2799 555 2847 perpetui
578 2797 736 2835 fuerunt
757 2795 992 2835 Thuriorum
1011 2796 1164 2845 hostes,
1199 2807 1296 2846 quos
1313 2804 1351 2835 et
1373 2797 1527 2836 tandem
1541 2798 1719 2835 subactos
