1828 3253
294 93 383 133 578
698 134 700 137 v
741 84 1277 136 ,ANNOTATIONES

298 209 389 240 tur:
423 199 522 236 alibi
543 197 707 237 Italica.
757 199 935 237 Tertium
963 200 1089 237 locum
1114 199 1298 238 Milesiae
1326 213 1418 239 oves
1438 200 1624 240 obtinent.
1665 200 1744 239 Ubi

304 261 501 297 Graecum
527 268 649 307 pecus
678 268 756 293 non
786 257 890 293 aliud
922 270 965 293 ac
1000 256 1258 294 Tarentinum
1290 258 1415 295 videri
1454 255 1743 294 diserteColu-

298 316 413 353 mella
435 313 475 349 l..
497 312 578 349 vil.
604 310 648 348 R.
672 309 719 350 R.
744 325 777 352 c.
801 313 844 352 4.
875 313 1087 363 siguificat3
1116 315 1224 351 cuius
1246 315 1334 350 lana
1364 315 1532 351 omnium
1562 313 1743 350 censeba-

299 379 363 409 tur
383 371 545 418 optima,
573 368 705 404 eodem
726 383 758 406 c.
778 371 819 408 2.
848 375 956 405 teste.
994 367 1096 405 Hinc
1122 376 1159 405 et
1183 368 1478 422 Ταραντίιαον,
1507 371 1610 418 sive,
1642 371 1743 406 utin

301 427 456 473 scriptis
476 425 609 471 libris,
639 425 898 478 Ταραντῖνον
930 426 1049 462 vestis
1067 427 1311 463 mollissimae
1340 439 1462 477 genus
1484 424 1680 462 Athenaeo
1700 424 1743 462 L.

302 483 409 521 le.
441 494 476 530 p.
498 482 602 520 622.
621 479 663 516 Β.
695 483 871 518 vocitari.
907 480 1037 531 Itaque
1056 481 1279 529 Zaleucum,
1309 482 1395 519 dum
1419 483 1568 533 legibus
1589 482 1744 519 modum

300 540 411 576 luxui
439 537 687 574 Locrensium
718 539 847 588 ponit,
875 537 1152 584 prohibiturum
1185 541 1310 586 potius
1340 534 1501 589 ἱμάτιον
1534 539 1745 591 Ταραντῖ-

301 610 374 634 γον
409 600 474 630 aut
503 593 814 645 ἷσοταραντΐνον
843 594 984 641 fuisse,
1024 597 1132 631 cuius
1152 597 1260 645 copia
1286 594 1416 631 haberi
1437 607 1485 632 ex
1505 595 1651 632 vicinia
1676 608 1744 643 po-

303 657 426 696 terat,
455 662 567 698 quam
588 647 866 700 ἷσομιλήσιον,
893 650 1093 699 viderique
1115 651 1209 688 adeo
1236 650 1495 702 ἲσομιληοίου
1516 651 1746 688 vocabulum

303 708 473 744 Zaleuco
503 719 585 743 esse
618 708 832 754 posterius,
860 713 897 742 et
928 720 950 743 a
977 706 1147 756 sophista
1175 707 1338 755 quodam
1369 710 1650 758 excogitatum,
1681 708 1747 755 qui

301 763 477 801 Diodoro
509 770 546 798 et
572 764 658 798 aliis
688 763 924 812 inposuerit,
963 761 1127 800 Dissert.
1156 763 1201 799 de
1230 763 1380 800 Phalar.
1415 763 1538 812 Epist.
1568 777 1604 813 p.
1636 764 1743 803 351.

302 821 336 857 A
359 833 434 868 qua
453 832 523 869 ego
547 819 726 867 opinione
755 832 832 855 non
853 819 1056 856 admodum
1083 820 1292 866 dissentio,
1321 833 1456 857 verum
1483 828 1608 856 tamen
1628 827 1747 865 ratus,

300 874 564 914 huiuscemodi
584 876 707 925 legem
727 874 860 911 Locris
891 876 1080 922 valuisse,
1109 889 1204 925 quae
1226 877 1359 912 luxum
1388 878 1429 912 in
1449 877 1553 912 omni
1580 876 1747 913 vestium

300 946 442 984 genere
474 931 734 979 praecideret.
761 933 902 982 colligo
935 945 983 969 ex
1012 933 1096 982 lege
1128 932 1396 982 Syracusana,
1422 928 1495 971 τὸν
1527 928 1659 984 ἄνδρα
1686 946 1745 982 μη

302 987 658 1035 καλλωπίζεσθαι,
695 985 800 1038 μηδ’
834 987 992 1054 ἐσθῆτι
1012 986 1207 1054 περιέργῳ
1235 990 1425 1058 χρῆσθαι
1457 986 1524 1026 καὶ
1555 987 1670 1025 diam
1676 1002 1748 1025 ατ-

302 1041 376 1084 τοίπ
382 1059 432 1097 σῃ
445 1072 456 1089 .
478 1041 547 1082 ἐὰν
567 1060 624 1095 μη
651 1040 754 1094 ὁμο)
746 1046 831 1097 ογῆ
851 1059 1053 1095 μοιχευειν
1086 1041 1112 1096 ἢ
1133 1044 1314 1090 κίναιδος
1335 1059 1435 1083 ειναι
1461 1056 1510 1080 ex
1530 1043 1746 1094 Phylarcho

301 1102 401 1149 apud
426 1100 565 1136 Athen.
594 1099 639 1139 L.
670 1099 759 1136 ΧΠ.
784 1102 826 1140 4.
878 1100 923 1137 In
952 1114 996 1137 ea
1026 1103 1129 1137 enim
1151 1097 1281 1152 ἐσθης
1310 1099 1516 1153 περίεργος
1544 1099 1751 1148 respondet

300 1156 451 1210 ἱματίῳ
484 1155 729 1210 ἷσομιληοίςι)
758 1159 927 1194 auctoris
956 1159 1102 1203 nostri,
1130 1157 1377 1206 firmaturque
1408 1159 1554 1207 magis,
1582 1155 1682 1205 quod
1703 1155 1749 1192 de

299 1213 436 1250 Diocle
455 1215 632 1261 opinatus
651 1225 765 1262 supra
784 1226 880 1250 sum.
897 1213 1032 1253 W'ESS.
1063 1213 1159 1251 Vide
1180 1213 1342 1250 eundem
1361 1213 1409 1250 ad
1427 1212 1572 1250 Herod.
1592 1212 1659 1249 VI.
1672 1213 1748 1252 21.

300 1277 339 1307 et
357 1269 486 1318 Heyn.
509 1269 649 1318 Opusc.
670 1269 788 1308 Acad.
816 1269 863 1305 11.
888 1283 923 1319 p.
948 1271 1021 1309 34.

411 1327 518 1365 492.
538 1326 580 1364 4
614 1323 737 1363 Κατὰ
758 1340 829 1364 τον
847 1325 940 1374 βίον
960 1320 1352 1378 ἁιιφισβητοὺντων]
1381 1323 1635 1362 Scribendum
1655 1330 1746 1375 puto

299 1378 719 1435 dpccptossrjzozfflcevsov.
758 1380 913 1418 Smpfl.
936 1389 972 1418 et
992 1381 1126 1419 Rnon.

413 1439 520 1477 492,
553 1437 622 1476 13
652 1436 758 1489 Περὶ
780 1453 852 1476 τον
876 1433 1064 1490 Τράεντα
1085 1433 1303 1487 ποταμὸν]
1336 1436 1401 1475 Ad
1432 1436 1647 1474 Truentum
1662 1437 1748 1486 flu-

299 1496 406 1531 viam
426 1495 669 1530 doctissimus
688 1495 898 1542 interpres,
925 1494 1234 1542 perinconmode.
1274 1494 1316 1531 Id
1336 1493 1478 1530 flumen
1497 1494 1631 1531 Piceni
1652 1499 1748 1539 erat,

298 1549 391 1587 hinc
412 1553 513 1587 ultra
533 1560 577 1585 cc
598 1563 776 1598 passuum
795 1552 916 1587 millia
937 1558 1138 1597 remotum,
1165 1557 1208 1587 ut
1228 1551 1324 1587 bene
1346 1549 1415 1586 Ph.
1439 1549 1644 1587 Cluverius
1663 1549 1746 1586 Ital.

298 1607 430 1657 Antiq.
453 1606 493 1643 L.
515 1605 578 1642 IV.
597 1619 632 1655 p.
666 1607 800 1646 ]313.
831 1605 990 1654 Traeis,
1021 1620 1124 1644 nunc
1146 1608 1288 1644 accolis
1313 1606 1492 1653 Triunti‚
1527 1606 1689 1656 Sybaris
1708 1611 1747 1641 et

297 1662 476 1700 Crotonis
498 1675 632 1713 agrum
652 1663 832 1702 alluebat.
870 1663 930 1699 Ad
951 1675 1062 1711 quem
1085 1664 1178 1700 olim
1200 1676 1349 1700 amnem
1372 1664 1481 1700 fatali
1503 1664 1645 1711 praelio
1669 1660 1748 1712 Sy-

298 1720 446 1756 baritae
465 1733 487 1756 a
508 1718 744 1756 Crotoniatis
763 1720 916 1756 fuerant
946 1722 1059 1757 caesi.
1100 1719 1331 1757 lamblichus
1361 1719 1438 1756 Vit.
1463 1718 1628 1770 Pythag.
1657 1724 1748 1755 sect.

298 1778 406 1816 260.
435 1772 608 1827 αἰσχρὸν
629 1771 754 1823 εἶναι,
782 1774 1093 1814 crotoniatarum
1112 1776 1230 1814 verba
1252 1782 1365 1822 sunt,
1402 1790 1500 1822 τους
1522 1771 1745 1827 τριάκοντα

297 1828 511 1884 μυριάδων
548 1831 637 1885 περὶ
668 1829 741 1871 τὸν
774 1828 963 1881 Τράεντα
994 1830 1182 1884 ποταμὸν
1212 1830 1544 1884 περιγενομένους
1563 1838 1634 1868 etc.
1677 1829 1746 1867 Sic

297 1890 403 1925 enim
423 1891 609 1926 vitiosum
634 1883 867 1940 Τετράεντα
892 1889 1119 1926 vocabulum
1138 1889 1342 1939 plaudente
1368 1889 1603 1925 eruditorum
1628 1898 1746 1924 cavea

296 1945 456 1981 refinxit
483 1947 624 1994 optime
645 1943 754 1981 Rich.
786 1943 982 1982 Bentleius
1011 1944 1174 1982 Disseimt
1209 1945 1254 1981 de
1273 1944 1398 1993 Epist.
1434 1943 1588 1982 Phalar.
1612 1956 1647 1992 p.
1672 1944 1745 1983 72.

295 2000 522 2050 Loquuntur
542 2001 643 2037 enim
663 1999 905 2038 Crotoniatae
926 2002 972 2037 de
993 2002 1115 2038 nobili
1136 2002 1323 2047 victoria,
1351 2013 1463 2049 quam
1483 2006 1634 2036 centum
1656 2012 1746 2035 suo-

294 2071 380 2094 rum
401 2059 522 2094 millia
545 2057 590 2093 de
610 2067 679 2092 ccc
702 2056 974 2107 Sybaritarum
992 2057 1186 2105 millibus,
1213 2064 1256 2094 ut
1274 2057 1416 2095 Noster
1437 2070 1469 2093 c.
1490 2058 1531 2096 9.
1559 2055 1745 2106 prodidit,

295 2120 603 2163 reportaverant.
640 2113 774 2150 YVESS.

407 2171 516 2209 492.
551 2170 619 2209 14.
644 2165 747 2209 εΥγτὸ
772 2166 1010 2222 Βρεττίων]
1041 2169 1078 2207 Α
1102 2167 1306 2206 Bruttiis?
1336 2168 1378 2205 Id
1398 2170 1538 2205 mirum
1557 2168 1743 2218 profecto,

295 2238 383 2262 cum
403 2228 534 2262 multis
553 2226 704 2262 demum
722 2234 808 2275 post
827 2228 939 2262 annis
968 2228 1070 2264 circa
1091 2225 1242 2275 Olymp.
1266 2236 1347 2264 (ῪΙ.
1376 2238 1492 2261 unam
1522 2226 1563 2261 in
1589 2233 1744 2275 gentem

295 2283 511 2319 coaluerint
539 2280 702 2329 Bruttii,
731 2283 771 2319 id
801 2295 961 2328 nomen,
994 2283 1095 2330 quod
1126 2296 1149 2318 a
1172 2282 1359 2328 Lucanis,
1387 2282 1522 2330 quibus
1555 2279 1743 2331 Βρέττιοι

290 2337 409 2375 iidem
441 2345 556 2387 atque
587 2333 841 2385 ἀποστάται,
889 2338 1169 2384 descivissent,
1224 2340 1373 2383 sortiti,
1431 2337 1547 2374 sicuti
1577 2338 1740 2374 inferius

291 2392 337 2433 L,
359 2393 466 2431 XVI.
503 2394 572 2434 15.
606 2395 813 2431 videbitur.
856 2393 1012 2445 Ergone
1042 2396 1189 2441 voluit,
1224 2393 1428 2444 Sybaritas
1457 2393 1504 2430 ad
1534 2392 1742 2430 Traentem

291 2463 442 2487 amnem
460 2461 579 2498 usque
600 2451 641 2486 in
665 2450 819 2500 Olymp.
842 2461 923 2487 cvr.
948 2452 1100 2499 quietos
1132 2448 1377 2487 consedisse?
1418 2449 1461 2486 Id
1485 2462 1576 2486 sane
1604 2460 1741 2498 oppor-

289 2513 426 2543 tunum
444 2507 569 2553 foret,
602 2508 643 2543 ni
662 2507 780 2544 verba
802 2502 957 2558 χρόνον
986 2505 1062 2557 μέν
1094 2521 1185 2546 τινα
1217 2504 1420 2556 διέμειναν
1446 2506 1601 2543 brevius
1620 2507 1741 2541 inter-

287 2564 459 2609 vallum,
490 2574 601 2611 quam
622 2572 783 2599 Lxxxvl
807 2565 919 2599 annis
942 2564 1130 2612 amplius,
1171 2566 1423 2612 requirerent.
1466 2561 1527 2597 An
1548 2563 1676 2609 itaque
1698 2563 1739 2598 in

282 2618 494 2671 Βρεττίων
522 2619 709 2656 vocabulo
731 2621 869 2656 vitium
897 2617 980 2656 est'.²
1032 2618 1092 2655 An
1113 2626 1246 2656 auctor
1272 2619 1346 2655 sibi
1381 2619 1602 2666 obloquitur
1632 2615 1738 2664 ipse?

284 2674 346 2710 An
379 2687 518 2712 nomen
546 2674 755 2726 Βρεττίων
788 2675 941 2724 Olymp.
972 2685 1052 2711 cvl.
1084 2678 1189 2724 prius
1213 2673 1295 2711 est?
1341 2675 1538 2711 Posterius
1569 2673 1740 2709 firmaret

279 2730 550 2780 Aristophanis
577 2731 676 2778 apud
708 2729 942 2780 Stephanum
972 2732 1015 2768 in
1045 2729 1228 2782 Βρέττος
1255 2743 1415 2777 versus,
1445 2731 1487 2766 ni
1516 2729 1597 2766 eius
1626 2741 1736 2766 eraso

1820 2786 1822 2797 v

1819 2819 1821 2827 A
