1828 3253
261 137 319 177 62
720 130 1233 172 ANNOTATIONES

368 249 443 288 42.
477 246 548 288 58.
587 247 768 300 Μικροῖς
793 242 990 300 χώμασι]
1035 246 1218 285 Straboni
1246 246 1373 286 XVII.
1409 259 1442 295 p.
1481 244 1616 289 1136.
1648 247 1690 285 Β.

258 300 560 355 παραχώλιιατα.
612 316 706 352 quos
742 318 900 355 aggeres
952 316 1087 353 aquam
1135 305 1344 342 Niloticam
1390 305 1690 342 connnodissime

257 360 520 408 dispensantes
558 362 623 409 qui
653 367 829 410 proterve
867 368 1058 410 rumperet
1095 367 1204 398 extra
1243 361 1415 398 ordinem
1444 361 1690 409 plectebatur.

256 413 411 465 Ulpian.
442 415 484 453 L.
520 418 588 457 10.
621 415 668 454 D.
694 416 899 456 Extraord.
932 417 1089 454 Crimin.
1124 417 1174 455 In
1202 418 1389 467 Aegypto
1422 419 1490 466 qui
1507 416 1690 453 clmmam

255 475 407 523 rumpit
435 473 499 510 vel
531 475 712 511 dissolvit
740 470 806 523 (ltz'
824 481 915 510 sunt
932 486 1122 523 aggeres,
1150 475 1386 524 quiquidem
1405 475 1530 511 solent
1546 487 1691 523 aquam

255 528 476 566 Niloticam
507 529 729 582 continere)
752 544 875 581 aeque·
887 532 1083 582 plectitur
1109 537 1226 566 extra
1250 532 1424 567 ordinem
1446 538 1574 582 etpro
1599 542 1691 566 con-

257 585 405 622 ditione
437 599 509 623 sua
539 593 609 624 etc.
666 586 773 623 Adde
807 587 848 624 L.
867 589 969 624 unic.
990 586 1029 623 C.
1052 586 1241 623 Theodos.
1272 587 1317 622 de
1346 585 1487 636 Agger.
1512 586 1593 622 Nili
1612 599 1690 621 non

256 639 452 690 Corrump.
482 649 520 679 et
545 654 640 691 quae
667 644 715 680 ad
749 657 831 680 eam
861 643 1006 680 erudite
1039 642 1317 680 Gothofredus:
1346 643 1386 679 id
1416 649 1541 679 tamen
1572 655 1689 691 prave

255 698 356 746 qnod
389 698 632 737 Cretan-actas
662 706 701 736 et
737 700 961 751 Catadupos
988 698 1183 736 Ciceronis
1219 705 1257 736 et
1296 698 1500 736 Strabonis
1539 698 1691 735 eosdem

256 761 368 803 atque
389 753 458 792 hos
481 769 640 807 aggeres
663 759 864 793 censuerit.
893 756 941 793 W
945 767 1025 793 Ess.

365 811 436 850 43·
458 785 553 879 63.
572 808 754 865 Ἐπάγειν
784 828 836 851 τα
863 809 1138 863 βοσκιματα]
1186 810 1370 849 Herodot.
1408 810 1457 848 ΙΙ.
1490 811 1560 851 14.
1596 805 1690 849 τότε

255 865 468 933 σπείρας
456 866 626 915 ἕκαστος
660 866 735 921 τὴν
765 864 917 908 <mii-cof)
953 866 1157 923 ἄρουραν,
1196 865 1382 920 ἐσβάλλει
1404 866 1444 914 ἒς
1466 864 1595 919 αὐτὴν
1627 865 1688 913 ῖς,

255 931 349 961 tanc
379 927 416 961 in
457 938 566 963 sunm
596 927 756 976 quisque
785 938 853 962 rus
883 928 988 962 iacto
1026 928 1170 963 semine
1209 938 1298 962 sues
1333 926 1508 963 inmittit.
1568 924 1690 967 Quam

252 983 470 1019 versionem
496 988 533 1018 et
552 981 745 1019 Plutarch.
766 981 830 1018 IV.
852 981 1027 1031 Sympos.
1050 983 1089 1021 5.
1112 994 1147 1029 p.
1169 983 1273 1021 670.
1296 981 1364 1028 Α.,
1391 981 1521 1018 eadem
1550 979 1690 1016 docen-

252 1043 350 1083 tem,
378 1038 557 1086 inprobat
586 1037 660 1077 Th.
694 1038 802 1077 Gale.
863 1037 960 1074 Sues
979 1040 1081 1074 enim
1100 1040 1278 1074 inmissas
1299 1040 1340 1074 in
1361 1043 1567 1074 sementem
1588 1034 1690 1071 haud

254 1093 367 1130 dubie
397 1107 506 1131 omne
534 1095 769 1131 frumentum
799 1097 840 1131 in
866 1101 1020 1132 ventres
1051 1097 1178 1142 potius
1213 1106 1324 1142 quam
1351 1095 1485 1130 limum
1513 1092 1691 1129 recondi-

251 1155 371 1186 turas.
427 1149 553 1188 Aliam
583 1157 784 1200 propterea
811 1153 1139 1200 interpretationis
1168 1152 1271 1188 viam
1295 1149 1502 1187 ineundam
1528 1161 1576 1184 ex
1604 1147 1689 1184 He-

252 1204 398 1256 sychii
409 1207 482 1254 Υς,
527 1204 725 1260 ἄλειφαρ,
768 1208 882 1257 [foig-
940 1206 1042 1244 Hinc
1071 1214 1199 1256 patere
1223 1206 1460 1243 Herodotum
1487 1218 1622 1242 vaccas
1653 1210 1690 1240 et

252 1264 319 1300 iuv
323 1276 435 1299 encas
455 1265 716 1311 intellexisse,
738 1275 833 1312 quae
862 1264 1020 1313 pedibus
1045 1277 1172 1300 semen
1191 1265 1299 1300 molli
1317 1261 1430 1300 humo
1450 1263 1690 1299 inculcarent

252 1326 365 1367 atque
391 1320 606 1356 obruerent.
663 1319 728 1357 Sic
756 1321 842 1367 ille3
869 1322 935 1369 qui
965 1322 997 1357 si
1023 1319 1246 1357 recordatus
1274 1325 1374 1356 esset
1413 1331 1563 1365 eorum,
1593 1329 1688 1366 quae

251 1374 400 1413 Aelian.
417 1374 470 1415 X.
483 1375 589 1415 H.A.
607 1379 676 1417 16.
689 1377 733 1412 de
750 1379 875 1426 porcis
895 1380 935 1413 in
955 1383 1161 1413 sementem
1180 1375 1474 1412 conculcandam
1494 1376 1540 1411 ab
1562 1373 1689 1424 Aegy-

241 1434 344 1481 ptiis
364 1434 556 1481 conpulsis
569 1445 616 1470 ex
636 1433 798 1469 Eudoxo
817 1434 947 1479 refert,
957 1432 1058 1469 haud
1079 1433 1190 1469 dubie
1213 1446 1289 1469 nna
1309 1434 1426 1469 litura
1446 1438 1483 1468 et
1493 1430 1688 1468 Herodoto

252 1495 291 1524 et
318 1488 525 1526 Plutarcho
558 1490 824 1526 satisfecisset:
863 1492 904 1526 in
932 1488 1128 1539 Hesyehio
1172 1489 1270 1525 nihil
1297 1499 1444 1541 quoque
1482 1487 1688 1537 praesidii,-

251 1551 431 1592 corrupta
452 1547 554 1582 enim
573 1548 655 1583 eius
676 1546 815 1592 verba,
848 1548 925 1583 nisi
944 1559 1027 1583 erro
1041 1573 1052 1592 ‚
1089 1546 1206 1582 scribi
1225 1545 1385 1591 debent„
1414 1543 1484 1591 ὗς,
1513 1541 1687 1595 ἄλειφαρ

249 1596 324 1647 ὖὸς
337 1629 347 1648 ‚
376 1614 450 1649 quo
472 1600 637 1652 Scythas
662 1604 799 1653 inungi
818 1604 950 1639 solitos
970 1602 1096 1648 addit,
1123 1609 1161 1637 et
1181 1603 1242 1638 usi
1262 1603 1351 1638 olim
1373 1600 1513 1637 Graeci
1532 1606 1622 1635 sunt
1641 1612 1688 1636 ex

249 1656 405 1695 Perside
426 1658 584 1694 reduces
606 1661 647 1695 in
666 1658 937 1706 Xenophontis
956 1658 1020 1695 IV.
1041 1658 1140 1706 Exp.
1163 1657 1252 1706 Cyr.
1274 1670 1309 1706 p.
1331 1658 1437 1696 257.
1476 1656 1609 1693 Wnss.

362 1715 436 1754 43.
458 1716 531 1755 66.
560 1710 743 1768 Κούςίοις
777 1710 967 1767 ἀρότροις
997 1709 1300 1766 ἐπαγαγόντας]
1337 1712 1546 1764 Eleganter
1575 1711 1688 1749 Colu-

249 1771 364 1807 mella
392 1770 440 1807 ΙΙ.
461 1769 507 1807 R.
529 1769 574 1807 R.
594 1773 636 1810 2.
659 1772 734 1810 25.
759 1770 804 1807 In
834 1770 1009 1822 Aegypto
1029 1772 1263 1822 plerumque
1293 1769 1500 1806 arboribus
1531 1770 1688 1806 viduam

249 1827 372 1864 solnm
391 1826 616 1873 frumentis
640 1829 883 1864 seminatur:
922 1835 1041 1878 atque
1073 1828 1262 1864 eius-modi
1283 1833 1455 1871 terram,
1472 1826 1688 1876 pinguibus

250 1885 385 1920 arenis
396 1891 579 1934 patrem,
608 1885 733 1921 veluti
749 1886 919 1922 cinerem
937 1885 1127 1930 solutam,
1155 1884 1333 1934 quamvis
1359 1883 1551 1920 levissimo
1574 1884 1689 1920 dente

250 1942 402 1977 moveri
420 1942 521 1977 satis
540 1947 609 1977 est.
643 1940 778 1978 WVESS.

361 1997 436 2036 ό13.
456 1997 528 2036 69.
547 1993 683 2042 (Ὀλως
703 1994 780 2049 γὰρ
803 1997 916 2035 πᾶσα
936 1995 1134 2050 γεωργία]
1164 1995 1251 2032 Huc
1280 2001 1453 2045 spectant
1472 2007 1565 2044 quae
1585 1994 1686 2045 apud

249 2051 385 2089 Athen.
409 2053 453 2090 V.
478 2056 516 2092 8.
541 2067 575 2103 p.
594 2055 701 2092 203.
723 2052 762 2090 C.
784 2060 821 2089 et
839 2052 1021 2089 Herodot.
1046 2053 1096 2092 H.
1126 2054 1195 2093 14.
1223 2052 1356 2090 WEss.
1719 2072 1722 2074 ,

361 2109 436 2148 43.
472 2111 545 2149 72.
576 2105 640 2148 ‘H
662 2124 704 2148 τε
736 2105 1051 2163 ἀμπελόφυτος]
1095 2109 1192 2147 Vide
1216 2122 1312 2159 quae
1342 2109 1508 2146 diximus
1541 2119 1572 2144 c.
1611 2106 1681 2147 15.

249 2163 382 2201 wass.

359 2222 433 2261 43.
467 2222 538 2262 75.
585 2219 767 2269 Ὰνὲντες
813 2217 1076 2274 μηλόβοτον]
1136 2222 1350 2261 Pecoribus
1390 2221 1685 2274 depascendam.

249 2275 390 2315 Strabo
409 2278 454 2315 V.
482 2292 517 2327 p.
539 2280 643 2320 326.
660 2278 704 2317 A.
730 2276 806 2330 τὴν
838 2278 883 2318 δὲ
906 2275 1051 2332 χώραν
1078 2281 1161 2331 μη)
1165 2275 1313 2330 όβοτον
1333 2283 1420 2325 τοῖς
1439 2279 1687 2330 περιοικοῦσι

248 2332 477 2373 κατεᾝκὶιποτ
507 2342 544 2372 et
573 2335 656 2373 VH.
684 2350 720 2385 p.
753 2336 843 2376 485
851 2336 926 2374 .Α.
957 2350 1108 2388 μικοαν
1137 2333 1178 2374 δ’
1215 2334 1376 2387 ἐποίησε
1406 2335 1595 2379 Νασικᾶς
1616 2348 1686 2371 και

248 2386 295 2428 τὸ
335 2389 474 2429 πεδιον
501 2388 751 2443 μηλόβοτον.
787 2393 922 2441 quibus
959 2395 1002 2429 in
1041 2394 1136 2429 locis
1163 2405 1306 2442 poenae
1342 2403 1463 2442 genus
1493 2396 1573 2436 est,
1608 2402 1682 2438 quo

249 2444 417 2483 hostium
437 2450 521 2497 agri
547 2451 727 2486 vastitate
757 2450 915 2486 inducta
944 2451 1111 2498 pastioni
1137 2449 1322 2498 pecudum
1352 2448 1537 2484 duntaxat
1563 2447 1684 2481 relin-

251 2502 483 2550 (luebantur,
510 2506 568 2541 uti
599 2511 636 2541 et
668 2506 771 2542 infra
799 2505 885 2542 XV.
917 2506 991 2545 63.
1021 2505 1108 2542 Non
1141 2508 1233 2542 item
1256 2504 1430 2540 hocloco
1463 2509 1501 2539 et
1528 2503 1569 2539 in
1589 2501 1682 2539 Plu-

250 2558 374 2595 tarchi
397 2558 443 2595 T·
464 2558 512 2595 Π·
535 2572 570 2608 Ρ
595 2562 698 2601 831.
717 2560 763 2597 Ε.
779 2558 1058 2613 Ἀναξαψοας
1078 2559 1122 2600 δὲ
1145 2556 1377 2612 τὴνχωραι
1398 2556 1581 2598 κατέλιπε
1598 2572 1682 2609 μη-

250 2611 438 2665 λόβοτον.
466 2615 551 2652 vid.
573 2616 723 2667 Menag.
744 2624 782 2653 et
798 2617 893 2655 Mer.
917 2617 1076 2655 Casaub.
1095 2620 1136 2655 in
1158 2617 1281 2654 Laert.
1300 2616 1347 2653 ΙΙ.
1368 2617 1409 2656 6.
1436 2614 1570 2651 VVESS.

361 2672 437 2711 43.
463 2673 536 2711 77.
568 2670 633 2710 Τὰ
653 2668 872 2724 ποοβατα]
899 2674 1093 2711 Articulus
1112 2673 1310 2710 redundat.
1350 2670 1487 2709 RHOD

364 2728 438 2767 All-3
461 2729 532 2768 86.
573 2725 658 2767 Τὸν
690 2727 779 2768 ἴσον
804 2726 955 2782 χρόπον
991 2730 1275 2779 ταπεηοῗῖαι]
1324 2729 1505 2765 Omnium
1542 2725 1680 2774 optime

252 2783 345 2821 haec
370 2784 578 2822 illustlabit
606 2784 847 2832 Herodotus,
883 2799 930 2822 ex
958 2786 1108 2826 schedis
1135 2785 1237 2824 Medi
1227 2788 1315 2824 =ceis
1344 2785 1391 2822 ab
1424 2781 1680 2820 eruditissimo
