1828 3253
319 156 412 196 730
779 153 1304 193 ANNOTATIONES

316 281 389 317 que
409 267 490 304 fere
512 266 676 305 eaedem.
703 266 866 306 Notavit
886 266 1045 306 eandem
1065 267 1296 306 discordiam
1318 267 1392 306 Iac.
1414 269 1576 307 Palmer.
1595 269 1765 308 Exercit.

316 338 353 376 p.
379 327 452 365 68.
478 323 527 360 W
533 334 616 363 uss

433 382 538 420 652
566 381 639 419 33.
679 378 763 418 Καὶ
795 375 901 418 κατὰ
925 376 971 419 τὸ
1003 375 1224 430 ἔπιβάὶὶμοι
1257 377 1398 426 αὗιοῖς
1424 378 1579 433 μέρος]
1622 380 1766 431 Copula

315 436 529 482 redundat,
557 449 605 472 ex
627 438 799 484 sequenti
822 438 1102 485 praepositione
1121 445 1232 483 nata,
1258 445 1299 473 ut
1319 449 1441 484 saepe.
1469 438 1564 476 Eius
1584 451 1765 487 praesen-

317 495 374 530 tia
394 493 554 530 ostendit
575 495 690 529 etiam
713 492 976 529 doctissimum
995 492 1325 530 Rhodomannum.
1356 493 1490 531 WESS.

434 551 539 589 (552.
574 550 648 588 40.
703 547 788 587 Καὶ
821 545 932 601 παρὰ
965 551 1048 588 τῶν
1088 545 1317 600 συμμάχων
1356 548 1502 600 σχεὸόν
1541 545 1761 597 ἁπάντων]

315 604 496 643 Eleorum
520 619 612 656 ager
631 607 746 655 longa
764 617 878 652 pace,
906 612 943 642 et
962 605 1063 653 quod
1084 619 1132 643 ex
1157 609 1360 654 praecipua
1381 614 1485 654 parte
1507 620 1613 644 sacer
1633 621 1764 644 cense-

315 662 450 709 batur,
478 665 582 698 omni
602 675 729 698 rerum
752 662 924 698 ubertate
945 661 1114 699 florebat.
1142 662 1237 710 Spes
1260 663 1443 711 praedae,
1474 677 1520 699 ne
1544 664 1589 699 de
1609 665 1763 700 foedere

317 719 463 765 dicam,
493 718 770 766 Spartanorum
793 720 917 755 socios
940 721 979 756 in
1001 718 1098 756 hane
1130 719 1411 768 expeditionem
1439 720 1636 767 accendit,
1658 722 1764 757 futu-

312 787 396 812 ram
426 771 562 825 ὥσπερ
588 771 843 825 ἐπισιτισμὸν
872 777 921 827 τῇ
948 772 1282 830 Πελοποννήσω,
1311 783 1354 813 ut
1375 778 1505 824 pulcre
1526 775 1762 825 Xenophon.

314 831 424 869 Adde
446 832 582 881 ΡοΙ)Ι)
604 830 666 867 lv.
689 831 762 870 73.
794 830 930 868 Wess.

428 890 519 928 652.
496 890 534 924 '-
555 888 631 927 45.
664 885 876 926 Λασιωνα
895 885 971 937 μὲι
994 881 1218 940 φοουριοτ]
1250 885 1408 925 Auctori
1428 887 1470 924 Ι.
1484 887 1574 928 XV.
1593 890 1664 929 77.
1688 891 1764 940 τῖς

311 960 360 985 02
364 942 618 994 occhJ(›11÷'17sg
637 942 868 994 'lntqzsſtrag
882 942 1037 995 χωοίον
1057 941 1221 995 ὀχυρυν,
1249 959 1268 982 ο
1293 940 1546 1012 προσμιῃοόεῖ
1550 960 1614 983 ται
1636 945 1764 983 Λασ-

312 1001 414 1040 σίων
426 1029 437 1048 ,
466 1001 503 1036 d
505 1002 608 1048 :plici
629 1000 762 1043 sibilo·
790 1000 856 1036 sed
878 1013 1007 1048 prave.
1042 999 1254 1039 Λασίωνα
1285 998 1357 1039 τὸι
1383 996 1448 1038 ιζ”π
1467 996 1678 1050 ’4ρκάὸωι
1701 1002 1764 1039 75-

311 1053 485 1110 γόμενον
507 1055 686 1104 &Qenoph
707 1055 859 1095 Hellen.
884 1056 951 1093 ΙΙΙ.
975 1069 1010 1105 p
1035 1057 1153 1103 384„
1174 1056 1385 1095 Λασιῶνα
1406 1054 1478 1096 τὸν
1495 1054 1570 1095 'HJ
1575 1057 1665 1096 είων
1688 1058 1764 1094 Ρο-

313 1115 394 1164 lyb.
416 1114 458 1150 Ι..
490 1112 553 1150 H'.
577 1115 669 1158 73.,
700 1113 767 1161 qui
797 1112 842 1149 de
863 1113 1001 1162 oppido
1032 1112 1137 1149 Eleis
1163 1120 1199 1149 et
1230 1113 1442 1150 Arcadibus
1476 1115 1764 1151 contentionem

310 1171 433 1208 fuisse
452 1170 570 1206 addit.
620 1168 714 1206 Mox
739 1166 807 1207 διὰ
827 1172 901 1220 τῆς
922 1168 1149 1220 ἀκοωοείας
1170 1169 1305 1206 doctus
1336 1169 1526 1219 interpres
1549 1183 1627 1221 per
1654 1184 1763 1207 mon-

312 1229 407 1264 tiam
431 1229 527 1276 iuga
548 1229 677 1263 vertit.
709 1225 924 1262 Praestabit
937 1240 1015 1277 per
1034 1226 1244 1263 Aci-orium
1265 1239 1419 1273 (eg1·.zcm
1462 1226 1562 1263 Nam
1589 1223 1764 1279 'Azoui-

310 1298 442 1336 petet
431 1280 548 1328 ποὶις
571 1281 803 1335 Tzvptrszfftag
824 1283 923 1331 apud
944 1282 1127 1331 Stephan.
1121 1309 1141 1327 .,
1161 1295 1273 1330 quam
1295 1274 1426 1319 urbem
1447 1283 1604 1321 Lasioni
1625 1284 1763 1320 adiun-

308 1341 370 1390 git
386 1339 566 1387 Xeuoph.
598 1340 623 1376 l.
643 1339 693 1385 d.,
723 1341 880 1387 insuper
907 1336 983 1385 τὰς
1005 1342 1088 1379 τῶν
1111 1335 1364 1392 Ακρίι)ρειίυν
1393 1334 1471 1378 πό)
1477 1353 1531 1385 εις
1549 1352 1765 1377 memorans

309 1396 353 1434 L.
378 1396 408 1432 V
414 1396 460 1433 ll.
483 1409 518 1444 p.
544 1396 651 1435 497.
680 1395 730 1432 W
735 1406 814 1432 Ess.

426 1455 531 1493 652.
556 1453 631 1492 47.
673 1447 907 1501 Gomorra),
923 1448 997 1490 A)
1003 1466 1088 1498 ιον
1114 1446 1343 1503 Εὐπάριον,
1370 1447 1603 1501 Ὀποῦντα]
1634 1452 1763 1499 Prius,

309 1508 557 1546 Aerariorum
591 1509 793 1556 oppidum,
835 1505 1057 1559 Θραυστὸπ
1084 1507 1304 1557 Xenophon
1337 1507 1420 1543 Lib.
1454 1506 1537 1544 VIL
1570 1507 1658 1545 Rer.
1691 1508 1758 1545 Gr.

309 1577 348 1615 p.
370 1567 476 1606 497.
510 1573 635 1602 vocat.
675 1562 833 1604 ”Αλιον
863 1577 1052 1612 nusquam
1080 1566 1251 1602 invenio.
1280 1563 1371 1600 Abr.
1405 1563 1575 1601 Ortelius
1606 1578 1690 1601 cum
1715 1579 1760 1602 eo

308 1623 515 1671 conposuit
539 1619 729 1668 ''A).).ov,
769 1624 851 1657 sive
875 1617 1021 1659 ”Aaou
1051 1623 1204 1670 potius,
1231 1619 1419 1657 Herodoti
1452 1620 1494 1657 L.
1531 1621 1615 1660 Vll.
1643 1623 1759 1668 173,

309 1679 376 1716 sed
401 1691 552 1715 errans:
584 1691 746 1727 namque
769 1677 809 1714 id
833 1676 1000 1714 Achaiae
1022 1685 1131 1715 extra
1156 1677 1470 1726 Peloponnesum.
1505 1676 1549 1714 ln
1569 1676 1760 1715 Strabone

307 1736 352 1774 L.
375 1735 476 1773 Vlll.
497 1749 532 1784 p.
556 1736 660 1774 525.
690 1735 883 1782 reperitur
911 1730 1146 1782 'Aza'mom
1179 1732 1374 1783 Stephano
1402 1729 1630 1784 Ἀλήσιον,
1659 1734 1762 1783 quod

310 1792 463 1842 quidem
486 1793 527 1829 in
559 1791 627 1828 hac
649 1791 821 1839 vicinia,
849 1790 950 1828 haud
982 1798 1109 1828 tamen
1131 1793 1211 1827 scio
1245 1803 1295 1826 an
1329 1790 1439 1827 idem.
1487 1789 1546 1826 De
1575 1790 1759 1843 Eupagio

308 1848 409 1886 nihil
433 1849 589 1894 dixero,
616 1849 694 1884 nisi
712 1849 746 1884 si
764 1843 994 1886 Ἐπιτάλιον
1025 1850 1097 1894 sit,
1127 1846 1355 1896 Triphyliae
1382 1847 1540 1883 urbibus
1570 1848 1759 1885 insertum

309 1914 348 1943 et
368 1919 390 1942 a
410 1904 672 1953 Xenophonte
704 1903 746 1940 L.
768 1903 834 1942 ΙΙΙ.
866 1915 900 1952 p.
923 1905 1028 1944 384.
1051 1911 1089 1941 et
1108 1917 1130 1941 a
1151 1903 1312 1953 Polybio
1333 1902 1374 1940 L.
1399 1902 1460 1940 lV.
1486 1905 1556 1944 80.
1590 1911 1628 1940 et
1649 1904 1758 1941 Stra-

306 1963 408 2000 bone
429 1961 470 1998 L.
495 1961 596 1998 vul.
626 1975 660 2011 p.
685 1961 790 2000 537.
824 1957 1188 2006 ιιηίίεἘπιταλεΐς,
1216 1962 1281 2008 qui
1301 1960 1518 2005 ῙΙεταλιεΐς
1536 1962 1577 1996 in
1601 1962 1760 2009 quibus-

309 2019 394 2056 dam
412 2018 684 2066 Xenophontis
706 2017 820 2054 editis
837 2029 1015 2065 perverse
1039 2017 1254 2054 admodum.
1283 2015 1360 2053 Sed
1383 2016 1421 2052 id
1439 2016 1629 2063 quoddam
1649 2017 1761 2065 quasi

309 2077 394 2113 eius
417 2077 590 2126 regionis
619 2075 741 2112 fatum
767 2075 862 2120 fuit,
891 2080 933 2111 ut
956 2075 1108 2110 urbium
1139 2075 1296 2109 nomina
1323 2072 1462 2109 mendo
1490 2073 1568 2109 sint
1591 2072 1757 2109 foedata.

307 2130 487 2181 Exempli
514 2144 648 2168 caussa
675 2129 873 2169 Herodoto
902 2130 944 2166 L.
967 2130 1031 2169 lv.
1058 2131 1160 2170 148.
1211 2127 1380 2178 Θριξαὶ,
1410 2140 1505 2177 quae
1525 2128 1690 2179 Polybio
1710 2135 1759 2165 et

305 2188 562 2236 Xenophonti
587 2184 719 2237 φρίξα
741 2187 1065 2226 constantissime.
1105 2185 1242 2222 Eidem
1254 2183 1410 2231 ’'Emov,
1438 2197 1507 2232 pro
1526 2198 1599 2234 quo
1622 2184 1758 2221 Xeno-

307 2242 611 2294 phon’Hnaov,
638 2243 775 2293 Polyb.
791 2242 854 2280 lv.
880 2245 951 2283 77-
1002 2239 1194 2288 Αἲπυόν,
1223 2247 1262 2278 et
1290 2255 1324 2280 c.
1350 2243 1420 2281 80.
1460 2239 1639 2289 Ἐπειὸν,
1668 2241 1756 2278 Ste-

305 2301 456 2352 phanus
475 2297 639 2339 ’'I-Inter.
679 2311 840 2348 quorum
862 2296 1056 2347 ’'I-Instar,
1091 2298 1193 2336 uude
1221 2300 1368 2349 gentile
1395 2295 1603 2344 ’Humi-g,
1631 2300 1756 2335 solum

305 2371 442 2397 verum
462 2357 616 2394 videtur
634 2355 862 2402 Holstenio‚
894 2367 1018 2404 neque
1047 2357 1238 2393 inmerito.
1283 2352 1510 2401 Ὀποῦντα,
1537 2361 1579 2391 ut
1603 2354 1651 2391 ad
1672 2367 1756 2391 eam

303 2417 473 2458 veniam,
506 2415 606 2449 inter
627 2411 753 2450 Elidis
774 2413 888 2450 urbes
914 2415 1092 2464 agnoseit
1107 2411 1327 2461 Stephanus
1356 2419 1394 2448 et
1425 2418 1512 2448 ante
1537 2424 1622 2448 eum
1645 2410 1756 2448 Stra-

302 2471 352 2508 bo
377 2471 418 2508 L.
445 2468 515 2506 lX.
542 2483 576 2519 p.
601 2470 707 2509 651.
737 2469 872 2506 WEss.

417 2527 522 2567 653.
556 2526 626 2565 50.
667 2524 872 2571 Σταδιόυς
901 2520 956 2571 ὡς
982 2519 1296 2576 ἑβδομήκοντα]
1337 2523 1457 2574 Pylus
1487 2523 1611 2560 media
1634 2536 1754 2572 paene

304 2586 407 2622 inter
423 2582 575 2619 Elidem
596 2589 634 2618 et
656 2595 760 2618 mare
790 2588 894 2628 erat,
921 2582 967 2618 ab
988 2596 1032 2619 eo
1053 2581 1220 2630 dissepta
1249 2584 1370 2629 spatio
1394 2582 1546 2617 circiter
1564 2590 1656 2616 xxx
1676 2587 1753 2616 sta-

304 2641 466 2677 diorum.
496 2639 619 2686 Atque
638 2637 732 2675 haee
751 2633 895 2683 Πύλος
914 2645 972 2674 est
996 2634 1299 2689 Τριφυλιακός,
1329 2637 1374 2673 de
1405 2650 1499 2686 qua,
1527 2644 1655 2673 utrum
1674 2635 1753 2672 Ne-

303 2698 419 2734 storis
448 2696 566 2732 fuerit
589 2697 735 2744 patria,
761 2707 941 2745 magnum
961 2696 1051 2731 olim
1081 2696 1183 2730 inter
1207 2692 1486 2730 Grammaticos
1517 2700 1554 2729 et
1582 2692 1753 2743 Geogra-

301 2752 398 2802 phos
419 2759 620 2789 certamen.
663 2749 914 2797 Strabonem,
937 2751 1240 2789 controversiam
1262 2752 1568 2796 examinantem,
1596 2748 1686 2788 vide
1705 2747 1749 2786 L.

300 2808 406 2847 Vlll.
434 2821 471 2858 p.
495 2809 599 2848 533.
621 2813 658 2844 et
679 2818 759 2856 seq.
782 2806 921 2844 wssss.
