1828 3253
283 85 375 126 618
756 77 1275 120 ANNOTATIONES

283 194 550 240 Athenienses,
578 191 676 230 Delo
696 193 824 231 insula
841 199 1015 243 purgata,
1039 195 1274 231 instaurasse
1293 193 1436 231 Noster
1454 207 1487 234 c.
1516 194 1588 234 58.
1611 201 1726 234 antea

282 251 506 288 tradiderat.
545 249 777 298 Spauhemio
810 249 1063 299 adstipulatur
1082 250 1150 286 vir
1180 251 1447 297 doctissimus,
1470 252 1536 299 qui
1555 250 1724 288 Exercit.

285 308 332 344 de
354 307 529 354 inscript.
559 305 705 345 Deliae.
740 306 904 342 inseruit
933 304 1043 343 Tom.
1074 305 1103 344 l.
1128 305 1277 343 Volum.
1299 306 1380 344 Vll.
1407 306 1631 355 Miscellan.‚
1664 309 1724 343 in-

286 377 398 413 super
417 364 625 400 arbitratus
644 375 678 410 p.
701 364 774 402 21.
807 363 971 398 insulam
992 361 1130 398 Delum
1153 362 1443 401 Atheniensium
1462 364 1621 411 imperio
1641 376 1728 401 cum

284 422 450 457 maxime
469 419 588 455 fuisse
613 425 813 454 exemtam.
852 417 1002 454 Invitus
1033 419 1079 454 ab
1104 425 1264 468 utroque
1285 419 1481 455 dissentio.
1517 418 1636 455 Delus
1656 418 1728 454 hoe

285 484 456 525 tempore
484 474 784 513 Atheniensibus
814 474 990 523 parebat,
1022 487 1134 523 quam
1169 488 1270 521 rem,
1307 478 1341 511 si
1368 475 1541 522 dubites,
1574 474 1727 511 docebit

286 531 535 582 Thucydides
564 531 606 567 L.
638 530 683 569 V.
722 532 759 570 1.
793 537 831 565 et
857 529 998 568 Noster
1032 531 1193 567 inferius
1224 545 1254 567 c.
1275 533 1370 578 77.;
1402 544 1524 579 neque
1553 531 1646 567 adeo
1667 532 1729 568 vi-

287 589 426 625 dentur
449 587 583 627 Boeoti
602 590 642 624 in
661 587 847 632 insulam,
877 588 948 623 etsi
977 594 1146 635 sacram,
1175 586 1346 624 hostibus
1376 594 1504 624 tamen
1524 594 1731 635 parentem,

287 646 463 691 misisse,
493 647 558 691 qui
579 643 716 680 choros
737 642 921 679 ducerent
935 649 1046 690 atque
1068 642 1165 679 hanc
1184 644 1435 680 festivitatem
1456 644 1619 680 obirent.
1645 642 1731 679 Hoc

287 703 473 751 amplius,
502 713 525 736 a
543 699 682 744 Delia,
714 696 905 747 Apollinis
936 700 1100 747 templo,
1130 712 1217 735 suae
1248 701 1289 736 in
1308 702 1479 750 regionis
1500 700 1639 736 finibus
1662 712 1730 748 po·-

286 760 388 803 sito,
412 763 450 793 et
473 756 630 792 defenso
650 762 687 791 et
704 756 935 803 reciperato,
962 754 1167 791 Deliorum
1189 768 1270 791 eam
1290 758 1584 792 sollemnitatem
1603 757 1733 792 exorsi

287 821 390 851 sunt.
420 813 551 860 ltaque
572 825 648 848 uon
673 812 715 847 in·
745 809 845 846 Delo.
862 812 1011 857 insula,
1039 811 1105 847 sed
1139 811 1186 847 ad
1218 810 1371 849 Delium
1404 811 1495 847 haec
1526 813 1731 861 panegyris

286 869 573 915 concelebrata,
603 868 829 915 diversaque
859 873 896 903 et
920 869 1005 904 loco
1033 874 1071 904 et
1100 869 1250 919 origine
1279 863 1418 919 Δήλια
1439 866 1732 904 Atheniensium

287 934 325 968 et
344 925 572 967 Boeotorum
599 931 700 960 sunt.
731 924 866 960 YVESS.

404 982 562 1026 5273.
577 976 649 1026 ίΩς
670 977 704 1018 δ’
728 977 821 1019 ἔνιοι
842 975 1062 1032 γράφουσι,
1079 981 1214 1030 μῆνας
1234 975 1328 1028 δύο]
1350 978 1496 1016 Ctesias
1507 979 1733 1017 datillidies

285 1049 368 1082 ‚XLY
381 1036 715 1085 Excerpt.Persic.
739 1051 770 1074 e.
784 1037 871 1083 44„
891 1049 1039 1073 menses
1058 1036 1152 1073 duos
1173 1035 1311 1072 Euseb.
1329 1038 1369 1072 in
1388 1035 1569 1073 Chronic..
1600 1035 1731 1073 WEsS.

403 1095 506 1134 527.
538 1095 575 1133 5.
619 1090 845 1145 Σογδιανός
863 1085 958 1145 ἦρξε
979 1094 1113 1143 μῆνας
1133 1088 1259 1142 ἔπτὰ]
1291 1092 1471 1138 Literam,
1491 1104 1600 1140 quain
1624 1104 1733 1139 prae-

288 1151 427 1188 cedens
450 1150 676 1188 vocabulum
695 1152 798 1200 regis
817 1151 963 1186 nomini
984 1150 1215 1194 abstulerat,
1245 1149 1388 1185 addidi.
1426 1149 1538 1185 Peius
1562 1148 1734 1185 habi-tum

289 1208 457 1249 eiusdem
478 1219 616 1243 nomen
638 1208 677 1242 in
701 1206 865 1242 Pausan.
887 1205 929 1241 L.
950 1205 1013 1242 VI.
1032 1207 1071 1243 5.
1095 1218 1131 1253 p.
1155 1206 1262 1244 464.
1287 1205 1353 1241 ubi
1384 1205 1433 1240 de
1449 1204 1567 1240 Dario
1589 1204 1731 1253 Notho,

287 1262 333 1310 ὃς
355 1279 461 1314 ομου
485 1265 542 1302 τῶ
564 1263 628 1302 111-
622 1263 743 1313 οιτῶν
763 1259 965 1301 ΛΗΖΙἸΩι
995 1261 1291 1299 IEOFAJON
1315 1257 1615 1306 καπαπαύσας.
1606 1260 1736 1298 παῖδα

283 1317 569 1371 Ἀρταξέοξθυ
607 1313 785 1369 γίιῖμῑιον
812 1331 880 1366 pro
911 1313 1017 1367 auos>
1056 1318 1113 1370 τῷ
1145 1318 1323 1366 ΙῙερσῶν
1362 1316 1562 1355 ΛῌΖΙΙΩι
1597 1316 1735 1355 §OF-

288 1355 491 1418 ΔΑῙΟΝ
508 1381 581 1412 etc.
608 1374 658 1409 At
678 1374 716 1410 id
739 1354 983 1410 librariorum
1004 1380 1198 1422 peccatum
1221 1375 1295 1409 iam
1315 1373 1534 1410 adverterat
1554 1373 1734 1409 eruditis-

290 1435 427 1470 simum
447 1431 609 1467 Palmer.
631 1430 800 1468 Exercit.
821 1444 856 1479 p.
884 1430 990 1468 Ι101.
1019 1429 1221 1476 Sogdiano
1241 1430 1339 1478 regi,
1364 1431 1445 1466 sive
1469 1428 1732 1478 Secymlilmo,

290 1488 436 1525 Ctesias
451 1487 631 1534 Excerpt.
655 1500 685 1522 c.
708 1488 782 1525 47.
802 1499 952 1522 menses
975 1495 1030 1532 Vl,
1056 1485 1138 1521 dies
1156 1495 1230 1532 XX,
1250 1484 1437 1521 Eusebius
1454 1498 1602 1521 menses
1622 1487 1734 1535 regni

289 1555 350 1582 vu
378 1544 610 1589 contribuit,
640 1550 681 1579 ut
701 1542 857 1580 Noster.
894 1541 1034 1578 WEss.

406 1602 509 1640 528.
542 1601 583 1639 7
632 1595 717 1637 41
711 1612 857 1648 ῖιοχος
896 1593 916 1636 ὃ
961 1597 1019 1635 Ez-
1025 1591 1266 1648 οακούσιος]
1304 1595 1560 1646 Xenophanis
1588 1595 1632 1636 F.
1624 1624 1658 1644 .,
1695 1603 1735 1634 et

288 1658 452 1706 scriptor
477 1650 584 1694 πάνυ
606 1651 777 1706 ἀοχαΐος
805 1653 996 1703 Dionysio
1024 1653 1150 1690 Halie.
1181 1653 1310 1703 Antiq.
1342 1652 1451 1690 Rom.
1482 1653 1528 1692 L
1550 1653 1578 1689 Ι.
1598 1667 1632 1702 p.
1662 1655 1732 1693 10.

287 1713 460 1761 Reliquit
479 1712 627 1762 ingenii
658 1714 718 1748 sui
742 1717 989 1747 monumenta
1009 1716 1046 1746 et
1074 1705 1340 1748 Σικελιωῖιὸω
1364 1723 1626 1761 62:71'70mptyv,
1658 1721 1733 1757 qua

289 1770 336 1806 de
357 1769 418 1806 hie
449 1776 485 1805 et
515 1767 614 1817 apud
633 1768 800 1804 Pausan
825 1766 868 1805 L..
889 1765 942 1802 Χ.
967 1767 1038 1806 ll.
1029 1793 1062 1812 .,
1096 1773 1133 1801 et
1155 1762 1200 1804 τὸ
1228 1781 1318 1818 πεοι
1342 1767 1415 1830 τῇς
1444 1764 1618 1811 Ιταλίας
1641 1761 1736 1818 σύγ-

287 1840 460 1879 γραμμα
481 1826 523 1860 in
553 1822 735 1862 Strabon.
758 1822 800 1859 L.
824 1822 888 1859 Vl.
919 1836 955 1871 p.
979 1823 1084 1861 391.
1105 1822 1150 1860 A.
1143 1849 1167 1868 .,
1197 1824 1304 1858 cuius
1324 1823 1551 1871 principium
1573 1829 1610 1858 et
1630 1823 1737 1871 frag-

288 1889 418 1920 menta
446 1880 629 1930 quaedam
666 1881 837 1917 servavit
868 1877 1092 1928 Dionysius.
1143 1878 1238 1914 Vide
1271 1878 1361 1914 Gffer
1391 1877 1652 1914 10.Vossium
1687 1878 1734 1914 de

289 1938 423 1975 Graec.
447 1936 592 1973 Histor.
614 1935 658 1973 L.
680 1935 743 1975 IV
749 1937 853 1984 ⁷qui
873 1934 965 1971 haec
987 1935 1188 1981 occupavit
1207 1936 1350 1972 omnia.
1377 1933 1514 1973 ΙΨΕΞΞ

407 1996 512 2034 528·
538 1995 607 2032 ll.
639 1989 728 2030 'En'
754 1989 957 2042 ἄρχοντος
973 1988 1014 2028 ὁ)
1045 1986 1286 2042 Ἀθήνῃσιν
1311 1987 1555 2040 'nazarium
1591 1986 1732 2026 Postu-

291 2054 373 2090 lare
395 2050 466 2086 hoc
487 2062 601 2086 manu
622 2050 770 2084 exarati
792 2047 910 2083 codd.
940 2047 1191 2091 videbantur,
1233 2053 1270 2082 et
1296 2045 1515 2082 Athenaeus
1534 2045 1576 2081 L.
1597 2046 1641 2082 V.
1666 2048 1736 2086 18.

292 2121 378 2144 cum
396 2113 550 2143 auctore
570 2105 727 2155 Argum.
755 2114 796 2139 lv
814 2103 983 2139 Nubium
1002 2101 1269 2150 Aristophanis
1299 2109 1337 2138 et
1357 2101 1485 2137 Schol.
1516 2105 1556 2138 in
1576 2101 1734 2139 Lucian.

291 2163 392 2200 Tim.
414 2176 446 2199 c.
470 2163 542 2201 30.
571 2161 744 2210 Namque
760 2157 966 2210 Ἀμυνιόυ
991 2160 1149 2203 titulus,
1177 2161 1241 2205 qui
1259 2171 1298 2194 se
1318 2159 1405 2194 aliis
1425 2158 1662 2206 adprobavit,
1686 2159 1733 2194 ab

291 2220 362 2258 hoc
384 2217 577 2255 Archonte
601 2222 821 2253 removetur
842 2218 881 2253 in
906 2214 1037 2253 Schol.
1061 2214 1108 2251 ad
1129 2213 1272 2250 Comici
1292 2214 1428 2250 Nebul.
1449 2228 1485 2251 v.
1501 2215 1574 2253 31.
1593 2214 1733 2253 WVESS.

407 2275 512 2314 528.
543 2275 612 2313 12.
655 2267 778 2311 Γάϊον
799 2271 1010 2323 Παπίριον
1039 2269 1104 2308 καὶ
1124 2266 1307 2308 Λεύκιον
1336 2266 1534 2321 Ἰούλιον]
1579 2268 1738 2306 Consuli

292 2331 399 2371 Iulio
421 2343 530 2366 snum
550 2342 690 2365 nomen
718 2335 762 2365 ut
779 2331 1045 2374 restituerem,
1091 2328 1224 2375 inpelli
1242 2339 1264 2362 a
1292 2333 1367 2363 vet.
1388 2328 1593 2374 interprete
1615 2327 1736 2374 potui,

292 2389 358 2437 qui
378 2400 446 2423 suo
468 2388 509 2422 in
530 2385 628 2421 libro
650 2390 861 2433 repererat:
892 2396 970 2419 nou
992 2385 1104 2430 item,
1133 2389 1175 2418 ut
1196 2382 1342 2431 Papirii
1363 2395 1593 2431 praenomen
1622 2385 1736 2419 inno-

291 2455 445 2481 varem:
473 2454 561 2478 nam
589 2439 685 2491 Reg.
713 2443 748 2480 l.
781 2441 981 2476 consulum
1002 2440 1156 2475 nomina
1179 2440 1286 2475 nullo
1318 2439 1480 2475 consilio
1510 2439 1576 2474 sed
1609 2451 1736 2474 errore

292 2500 500 2539 manifesto
537 2510 714 2545 perverse
746 2497 964 2534 collocavit.
1016 2494 1149 2531 Livius
1179 2493 1358 2532 Coss.‘L.
1381 2494 1588 2545 Papiriam
1622 2501 1660 2531 et
1690 2494 1734 2531 L.

293 2556 440 2596 Iulium
461 2554 568 2589 dabit
588 2553 629 2589 L.
652 2552 715 2589 IV.
743 2554 816 2592 30.
839 2552 977 2589 NVESS.
1002 2550 1113 2588 Conf.
1137 2550 1298 2600 Pighius
1318 2565 1352 2600 p.
1380 2553 1482 2590 181.

291 2627 293 2630 ·
411 2611 515 2650 528.
549 2610 617 2648 13.
657 2604 902 2659 Σικυώνιοι]
942 2606 1122 2644 Mendose
1145 2620 1212 2655 pro
1232 2606 1473 2653 Σκιωναῖοι,
1501 2609 1604 2643 cives
1625 2605 1736 2642 Scio-

291 2670 356 2707 nis
387 2669 452 2707 vel
484 2665 667 2711 Sciones,
718 2666 823 2701 urbis
856 2663 1056 2700 Thraciae.
1103 2661 1239 2699 RHoD.
1296 2663 1372 2699 Pro
1402 2660 1616 2701 Ezmw'rmt
1651 2663 1735 2711 lege

292 2738 377 2763 meo
397 2723 566 2774 periculo
590 2720 832 2767 Σκιωναῖοι,
861 2726 902 2757 ut
932 2719 1028 2756 fides
1055 2718 1239 2756 historiae
1261 2725 1421 2756 constet.
1459 2718 1556 2755 Vide
1576 2716 1737 2766 Thucy-
