1828 3253
445 176 507 215 IN
537 175 649 215 LIB.
679 174 816 214 XIII.
846 174 975 213 CAP.
1008 177 1081 215 90.
1111 178 1187 216 91.
1441 183 1533 223 695

77 291 246 329 omnium
279 295 540 347 tyrannorum
560 288 752 327 Phalaris
777 289 960 327 habuisse
989 290 1162 335 dicitur,
1203 302 1278 341 quo
1301 290 1412 329 vivos
1430 304 1523 344 sup-

71 350 191 400 plicii
217 360 361 385 caussa
391 342 595 385 demittere
622 346 818 392 homines,
859 352 900 383 et
914 344 1109 382 subiicere
1129 347 1336 395 flammam
1356 349 1518 386 solebat.

78 404 202 451 Quem
231 411 389 441 taurum
417 402 552 453 Scipio
583 415 669 439 cum
698 404 886 440 redderet
905 402 1196 451 Agrigentinis,
1245 405 1392 441 ‹liz-isse
1415 406 1516 442 dici-

76 467 169 498 tur:
213 473 380 511 aequum
413 471 496 496 esse
524 459 613 496 illos
642 461 848 508 carricare,
886 465 1017 495 utrum
1054 466 1159 494 esset
1184 457 1332 496 Siculis
1363 462 1513 512 uti'lzus,

72 519 204 554 suisne
223 518 420 562 servire‚'
439 528 491 552 an
504 516 654 566 populo
676 515 854 552 Romano
879 515 1171 565 obtemperare,
1201 529 1286 552 cam
1311 517 1410 553 idem
1430 531 1511 554 mo-

69 579 293 610 numentum
320 579 362 609 et
385 573 623 609 domesticae
648 573 924 617 crudelitatis,
954 578 994 608 et
1013 577 1174 607 nostrae
1198 575 1510 611 mansuetudinis

69 629 282 676 haberent,
318 630 446 676 inquit
464 626 597 664 Cicero
619 627 661 664 L.
682 626 745 664 IV.
769 627 875 664 Verr.
895 641 926 664 c.
949 628 1037 673 33„
1069 628 1132 663 cui
1151 626 1294 664 Noster
1315 633 1508 667 consentit

66 687 110 723 in
133 684 311 733 Excerpt.
330 684 457 722 Vales.
478 695 515 732 p.
535 684 655 731 345.,
676 684 743 721 ubi
771 690 809 720 et
828 682 1030 731 Σκιπίων,
1073 683 1174 731 quod
1196 696 1244 720 ex
1264 688 1386 722 veteri
1406 687 1507 723 libro

69 743 234 779 restitui.
265 740 401 779 Wnss.

179 797 284 837 614.
315 798 358 836 2
385 791 434 835 Ὁ
463 796 547 835 τῶν
576 790 656 851 πρό
676 810 719 848 γε
739 790 868 835 αὑτοῦ
890 809 964 849 συγ
965 809 1026 850 γρ.
1052 809 1162 849 πικρ.
1187 792 1506 852 κατηγορήσας]

66 852 155 890 vid.
176 852 219 889 L.
242 853 287 890 V.
313 855 352 893 1.
380 851 516 890 WEss.

177 909 283 950 614.
311 909 350 948 5.
376 908 460 948 Λεῖ
473 906 564 960 γὰρ,
588 903 716 959 οἶμαι,
738 905 836 953 τοὺς
858 911 1104 961 συγγραφεῖς
1123 904 1165 946 ἓν
1183 906 1259 958 μὲν
1278 913 1364 955 τοῖς
1384 906 1504 961 ἀγνο-

60 959 192 1016 ήμασι
213 971 283 1002 etc.
298 963 316 1017 ]
348 964 446 1002 Vere
468 964 674 1015 Polybius,
703 978 787 1002 cum
810 965 854 1000 de
880 963 1030 1001 Timaei
1063 965 1164 1001 dicto
1185 965 1348 1013 quodam
1381 966 1503 1003 disse-

59 1023 224 1068 ruisset,
254 1021 470 1058 subiicitL
492 1020 586 1060 XII.
612 1022 650 1060 5.
680 1016 753 1059 dvo
781 1018 865 1072 μὴν
892 1015 1071 1073 τρόπους
1098 1019 1235 1073 φαμὲν
1264 1023 1363 1059 εἶναι
1394 1019 1503 1072 ψεύ-

62 1076 172 1123 ὁους·
204 1075 275 1117 {va
301 1075 378 1128 μὲν
407 1075 480 1116 τὸν
509 1092 586 1116 κατ
629 1074 809 1129 ἄγνοιαν,
842 1074 978 1128 ἕτερον
1007 1076 1051 1116 δὲ
1075 1075 1148 1115 τὸν
1172 1074 1278 1115 κατὰ
1307 1078 1502 1131 προαίρε-

62 1146 139 1172 σιν.
178 1133 246 1173 και
278 1129 437 1173 τούτων
468 1132 551 1172 δεῖν
584 1138 670 1178 τοῖς
696 1132 772 1184 μὲν
797 1130 883 1172 κατ’
915 1130 1083 1184 ἄγνοιαν
1113 1132 1394 1203 παραπαιόυσι
1426 1149 1501 1186 της

59 1187 262 1256 ἀληθείας
292 1185 449 1229 ὁιὸόναι
480 1203 556 1242 συγ
557 1203 735 1242 γνωμην·
763 1195 850 1235 τοῖς
870 1187 913 1228 δὲ
935 1186 1040 1228 κατὰ
1062 1189 1298 1242 προαίρεσιν
1321 1187 1502 1229 ἀκαταλ-

59 1241 220 1292 λάκτως
247 1244 360 1297 ἔχειν.
399 1246 536 1294 quibus
568 1259 646 1282 non
676 1246 880 1282 dissimilia
910 1248 1153 1294 reperiuntur
1180 1248 1219 1282 in
1248 1245 1428 1295 Excerpt.
1462 1259 1500 1295 p.

63 1303 199 1343 1408.
229 1309 268 1339 et
304 1302 437 1341 1415.
474 1301 636 1349 Noster,
666 1304 731 1349 qui
756 1302 909 1351 Polybii
939 1302 1014 1338 fuit
1043 1302 1368 1350 studiosissimus,
1405 1306 1500 1353 quin

57 1356 152 1396 haec
171 1359 382 1395 aemulatus
401 1360 465 1405 sit,
485 1357 580 1394 mihi
599 1358 752 1406 quidem
773 1358 928 1395 dubium
946 1370 1025 1394 non
1045 1365 1113 1395 est.
1141 1358 1274 1394 Wnss.

172 1414 277 1455 614.
302 1414 371 1454 14.
404 1410 535 1453 Ὀκτὼ
555 1416 690 1466 μῆνας
709 1410 1015 1465 πολιορκήσας]
1045 1413 1263 1464 Xenophon
1282 1413 1433 1452 Hellen.
1452 1415 1495 1452 L.

57 1468 87 1507 I.
107 1484 143 1520 p.
159 1471 266 1511 345.
288 1477 430 1521 septem
452 1483 600 1507 menses
622 1471 754 1508 urbem
774 1484 797 1508 a
817 1469 1200 1521 Carthaginiensibus
1219 1470 1411 1509 obsessam
1430 1474 1500 1519 ait,

56 1538 137 1564 non
158 1540 298 1578 magno
322 1527 556 1564 discrimine.
588 1526 724 1563 VVESS.

171 1584 276 1623 615.
293 1585 368 1623 21.
387 1582 470 1621 Καὶ
492 1580 568 1634 τὴν
587 1579 717 1633 ἄλλην
736 1583 879 1633 κτῆσιν
892 1578 1268 1635 ἀποσκευάζεσθαι]
1285 1582 1389 1620 Satis
1401 1584 1498 1621 bene

55 1640 118 1676 vir
132 1639 266 1676 doctus
278 1640 469 1688 expressit
483 1645 820 1690 transportarent.
838 1637 1032 1687 Frequens
1044 1645 1103 1675 est
1113 1639 1159 1675 de
1170 1642 1332 1676 sarcinis
1341 1643 1500 1678 ceteris-

57 1707 130 1744 que
149 1696 276 1742 rebus,
296 1707 391 1744 quae
412 1698 531 1732 autin
548 1696 680 1731 urbem
701 1701 990 1742 conportantur,
1000 1701 1066 1731 aut
1086 1696 1202 1731 alium
1221 1698 1262 1732 in
1282 1698 1419 1743 locum,
1431 1697 1497 1733 ubi

55 1757 160 1789 tutae
180 1754 279 1798 sint,
311 1751 576 1788 amandantur.
606 1750 789 1799 losephus
810 1750 898 1786 Ant.
924 1749 1004 1786 lud.
1024 1750 1066 1789 L.
1089 1750 1196 1788 XIV.
1222 1754 1292 1792 16.
1312 1754 1353 1791 2.
1380 1748 1432 1790 τά
1452 1767 1497 1792 τε

55 1805 171 1854 ἐκτὸς
199 1809 274 1858 τῆς
302 1804 460 1853 πόλεως
481 1803 836 1851 ἀπεσκευάσαντο,
870 1819 971 1857 quae
995 1813 1113 1844 extra
1133 1808 1266 1845 urbem
1289 1815 1427 1855 erant,
1455 1811 1495 1846 in

56 1878 143 1902 eam
173 1865 340 1902 collecta
370 1865 601 1901 intulerant.
644 1863 696 1900 Et
726 1863 911 1913 Polybius
942 1862 983 1898 L.
1007 1863 1068 1900 IV.
1093 1865 1164 1904 81.
1191 1864 1497 1931 ’,Ιηοεάειεηιοηίἰ

53 1920 261 1966 δείσαντες
277 1918 354 1972 τὴν
378 1920 585 1958 Φιὶίππου
604 1918 849 1971 παρουσίαν,
876 1916 926 1956 τὰ
949 1916 1028 1957 ἀπὸ
1051 1934 1125 1971 της
1139 1915 1282 1973 χώρας
1302 1918 1376 1958 ἀπε
1381 1935 1497 1959 σκευ-

53 1973 214 2026 άζοντο.
252 1979 318 2025 qui
338 1977 490 2025 quidem
510 1969 621 2013 verbi
644 1988 736 2012 usus
757 1976 884 2024 paullo
904 1977 1028 2011 rarior
1047 1982 1115 2012 est.
1163 1976 1251 2013 Non
1274 1979 1363 2013 item
1384 1978 1496 2024 alter,

54 2046 130 2084 quo
149 2032 363 2083 Dionysius
382 2031 491 2069 Rom.
511 2031 600 2071 Ant.
621 2031 663 2068 L.
687 2031 757 2070 IX.
781 2045 818 2080 p.
847 2032 950 2071 582.
980 2029 1076 2070 ουὸἑ
1102 2029 1180 2085 γὰρ
1204 2029 1496 2071 ἀποσκευάσα-

54 2091 158 2129 σθαι
186 2085 359 2139 ὁύναμιν
385 2086 505 2139 ἔσχον
524 2103 561 2127 οι
582 2102 812 2155 φευγοντες.
840 2086 943 2123 Hinc
969 2091 1099 2125 variae
1118 2095 1367 2125 venustarum
1389 2090 1497 2126 locu-

53 2148 200 2184 tionum
227 2145 417 2191 traduces,
455 2141 826 2184 ἀποσκευάσασθαι
855 2142 1079 2195 τυραννίδα
1109 2145 1150 2180 in
1169 2143 1309 2182 Dionis
1328 2143 1498 2194 Chryso-

53 2203 168 2240 stomi
188 2201 255 2238 Or.
279 2200 494 2238 XXXVII.
512 2215 548 2250 p.
566 2201 673 2241 456
694 2199 735 2236 Β.
728 2227 750 2247 .,
766 2205 888 2250 μῖσος
908 2195 1280 2239 ἀποσκευάσασθαι
1301 2208 1339 2238 et
1356 2196 1498 2253 ἐγκλη-

53 2272 169 2309 ματα
193 2257 338 2306 Ioseph.
362 2256 443 2294 Bel.
466 2257 493 2294 I.
516 2257 556 2294 L.
580 2257 607 2294 Ι.
630 2259 704 2296 29.
731 2258 767 2297 1.
799 2262 836 2292 et
855 2267 936 2304 cap.
963 2257 1036 2296 31.
1059 2256 1124 2304 5.‚
1152 2258 1354 2307 pluresque
1374 2259 1497 2304 aliae,

55 2325 150 2363 quas
170 2326 273 2351 nunc
294 2314 446 2362 quidem
466 2313 563 2350 nihil
584 2326 724 2350 moror.
757 2312 889 2349 WEss.

168 2371 273 2410 615.
293 2370 367 2410 24.
394 2367 480 2409 Διὰ
498 2367 573 2421 τὴν
595 2368 756 2408 ἐκείνων
779 2364 1031 2420 παρουσίαν]
1056 2367 1230 2406 Emenda
1253 2381 1320 2418 per
1343 2367 1496 2422 προδο-

54 2423 162 2465 σιάν.
176 2425 311 2463 Rnon.
332 2426 553 2463 Plausibilis
566 2432 623 2462 est
633 2427 708 2462 viri
722 2425 822 2461 docti
834 2426 1065 2462 coniectura.
1085 2426 1160 2462 Pro
1170 2427 1329 2477 vulgata
1349 2431 1496 2476 pugnat

55 2489 184 2534 gestae
214 2483 271 2519 rei
301 2489 481 2520 eventus:
529 2495 618 2518 nam
639 2480 970 2531 Syracusanorum
992 2484 1231 2530 praesentia,
1269 2482 1357 2519 dum
1379 2482 1495 2532 Agri-

53 2541 163 2590 genti
182 2538 369 2585 desident,
400 2545 513 2587 atque
533 2551 727 2575 annonam
747 2540 888 2574 inertes
910 2537 1127 2585 absumunt,
1158 2539 1248 2575 urbs
1269 2541 1322 2575 ita
1342 2538 1497 2574 adflicta

56 2596 158 2642 fuit,
186 2601 230 2632 ut
258 2593 360 2632 hosti
390 2595 431 2631 in
461 2594 639 2643 praedam
661 2593 834 2639 cederet,
862 2599 906 2629 ut
923 2595 1035 2631 modo
1058 2607 1090 2630 c.
1113 2597 1184 2636 88.
1204 2594 1384 2633 vidimus.
1415 2592 1499 2630 Nec

56 2650 290 2689 intercedam
311 2657 462 2698 tamen,
493 2653 527 2688 si
546 2653 609 2688 cui
628 2663 672 2687 ea
691 2651 816 2699 potior
836 2649 1040 2688 videbitur.
1064 2650 1205 2687 WVEss.

169 2708 274 2775 61²5.
293 2708 368 2746 29.
402 2705 462 2746 Οὐ
483 2703 568 2758 μὴν
590 2704 871 2756 συναχθείσης
890 2703 1126 2759 ἐκκλησίας]
1159 2705 1416 2744 scribendum
1435 2705 1498 2741 di-

54 2776 160 2801 ceres
181 2759 228 2803 οὗ
250 2760 334 2814 μὴν
355 2759 477 2811 ἀλλὰ,
499 2769 543 2800 ut
565 2763 704 2800 millies
727 2764 769 2798 in
788 2761 861 2799 hoc
880 2764 1081 2811 scriptore,
1100 2769 1168 2800 aut
1187 2768 1290 2799 certe
1316 2761 1383 2800 καὶ
1401 2758 1503 2812 μὴν,

57 2821 171 2858 sicuti
190 2821 231 2857 in
250 2819 398 2857 Veneto
416 2820 571 2870 legitur,
586 2818 663 2856 nisi
685 2814 735 2858 οὐ
756 2814 841 2870 μὴν
862 2819 980 2857 simili
1001 2819 1114 2857 modo
1135 2820 1327 2869 posuisset
1346 2820 1388 2855 in
1406 2817 1505 2856 Exc.
