1828 3253
496 197 559 235 IN
589 195 698 234 LIB.
729 195 867 233 XIII.
897 195 1022 232 CAI'.
1059 198 1094 235 1.
1122 217 1167 222 —-
1193 197 1233 235 3.
1481 203 1566 243 631

120 312 226 348 Orat.
246 312 292 349 de
313 311 473 361 Myster.
491 323 528 360 1).
540 312 581 350 6.
583 308 791 394 oCeterum
811 307 872 344 his
895 306 1056 344 Diodori
1078 320 1209 355 parum
1231 308 1366 347 dextre
1387 323 1477 348 usus
1491 312 1560 350 Ios.

118 366 294 418 Scaliger
314 367 412 419 Isag.
437 366 502 404 III.
522 380 608 416 p.
613 366 687 406 2.5
719 378 862 414 poenas
884 364 988 401 dedit
1007 362 1122 401 Dion.
1143 363 1351 403 PetavioL
1388 367 1421 407 I
1444 367 1557 409 Doct

118 422 250 473 T.emp
270 424 541 465 0.8.1ῪΕ33.

227 491 331 530 543.
351 492 424 531 62.
459 488 544 529 Καὶ
564 490 648 528 τῶν
671 484 900 539 συμμάχων
924 485 1085 533 πλείους
1108 489 1190 527 τῶν
1215 484 1554 544 ἕπτακισχιλιίιψ]

110 546 271 583 Diceres
291 550 480 584 sociorum
507 558 704 582 numerum
726 555 782 581 vn
805 546 926 581 millia
945 557 1163 592 superasse:
1212 545 1250 581 id
1280 549 1379 583 enim
1402 561 1489 596 prae
1510 562 1550 585 se

113 603 231 641 verba
259 603 439 640 videntur
466 603 578 639 ferre.
618 600 773 638 Falsum
795 608 920 637 tamen
943 601 1106 647 dixerit,
1135 599 1206 636 hoc
1226 603 1258 637 si
1278 604 1412 639 voluit.
1452 603 1547 641 Uni-

111 672 224 697 versa
240 661 371 709 gravis
390 659 562 707 levisque
583 664 808 702 armaturae,
842 664 920 693 tum
943 659 1084 693 civium
1105 663 1184 693 tum
1205 659 1416 704 sociorum,
1445 663 1548 696 mul-

111 715 233 752 titudo
255 724 311 750 vn
334 715 504 751 millibus
524 716 652 763 paullo
670 714 746 750 fuit
769 714 940 762 amplior.
985 711 1249 762 Thucydidem
1270 712 1312 749 L.
1335 714 1397 750 VI.
1418 716 1490 754 43.
1512 719 1546 754 si

106 772 334 820 inspexeris,
360 782 449 807 nam
469 770 570 807 Plut.
590 770 712 806 Alcib.
731 782 766 818 p.
788 771 893 808 201.
914 768 956 805 B.
988 771 1114 806 minus
1135 776 1334 806 accuratus
1359 778 1432 817 est,
1466 785 1544 809 non

105 826 308 863 dubitabis.
347 825 479 875 Itaque
500 826 607 863 deest
626 825 686 862 hic
709 838 918 874 pronomen
936 832 1003 863 aut
1022 827 1228 872 articulus,
1251 826 1353 862 unde
1375 824 1544 879 συμμά-

99 897 188 933 χων
208 882 437 920 vocabulum
453 883 605 932 pendet.
634 882 773 920 Wnss.

217 950 321 990 543.
353 950 426 989 75.
482 950 583 995 Τοῖς
611 947 674 987 ἐπὶ
707 953 798 994 ταῖς
835 944 1019 1001 ποώραις
1064 943 1339 1000 ἕπιστήμασι]
1398 948 1540 1000 Interp.

103 1012 257 1043 erectos
267 1007 428 1057 pluteos
445 1007 643 1056 intelligit
674 1003 790 1042 Dion.
811 1004 1033 1042 Camusatus
1051 1005 1319 1052 adscripserat,
1339 1007 1541 1043 conferen-

103 1062 171 1099 dos
191 1075 273 1098 esse
296 1074 344 1098 ex
363 1060 560 1098 Herodoto
581 1059 646 1098 III.
667 1062 739 1100 37.
771 1061 968 1107 Pataicos,
994 1075 1092 1106 τους
1114 1076 1152 1099 οι
1180 1060 1342 1100 (Donum
1345 1076 1365 1107 ς
1385 1061 1426 1100 ἐν
1445 1077 1540 1114 τῃσι

101 1113 287 1171 πρῴρῃσι
307 1119 390 1156 τῶν
410 1114 607 1169 τριήοεων
626 1113 882 1169 περιάγουσι,
914 1118 1013 1154 forte
1032 1117 1175 1166 aliquid
1197 1120 1374 1166 opinatus
1396 1118 1441 1154 de
1460 1118 1540 1154 De-

102 1187 211 1211 orum
237 1173 546 1210 31111111110113.1(1
570 1186 662 1211 vero
691 1173 783 1210 mihi
807 1174 975 1210 nondum
996 1176 1125 1221 liquet.
1163 1173 1258 1209 Esse
1289 1175 1454 1210 arbitror
1484 1171 1538 1213 τὰ

101 1234 273 1281 σημεῖα,
303 1230 439 1278 quibus
470 1228 718 1279 Thucydides
741 1228 803 1266 Vl.
826 1230 898 1269 31.
934 1228 1002 1266 has
1022 1229 1311 1266 Atheniensium
1332 1243 1368 1266 11
1359 1245 1407 1267 ιν
1411 1244 1450 1266 es
1474 1244 1536 1266 or-

99 1287 224 1332 navit,
252 1287 403 1322 tametsi
423 1286 506 1322 eius
527 1281 766 1330 Sch01.t‹}g
785 1283 823 1331 ἔ»,
812 1287 915 1335 ’10191
920 1301 940 1322 1
959 1300 1078 1323 κατα
1068 1283 1233 1338 οαᾳὰς
1254 1288 1337 1324 τῶι
1360 1282 1538 1338 τοιήρων

98 1343 182 1380 sive
211 1344 424 1378 triremium
453 1342 649 1390 picturas,
681 1348 859 1388 exponat.
912 1341 1083 1389 Namque
1116 1337 1405 1391 ἕπιστημάτων
1434 1345 1536 1389 voci,

98 1410 209 1447 quam
228 1398 382 1434 funebri
405 1398 446 1432 in
466 1410 507 1433 re
530 1397 576 1433 de
597 1398 810 1434 columellis
830 1399 1103 1445 interpretatur
1127 1397 1289 1443 Suidas,
1317 1400 1452 1434 melius
1470 1411 1536 1434 re·-

98 1454 312 1504 spondebit,
341 1455 374 1490 si
396 1464 490 1501 quae
511 1461 745 1499 ornamenta,
771 1466 819 1489 ex
841 1467 952 1502 prora
972 1456 1240 1501 prominentia,
1258 1454 1537 1504 intelligantur,

95 1509 309 1547 cuiusmodi
337 1504 625 1561 ἀκροστόλιον,
655 1510 700 1546 de
729 1521 802 1557 quo
823 1508 954 1546 Schol.
983 1511 1160 1558 Apollon.
1184 1508 1307 1545 Rhod.
1330 1509 1354 1545 Ι.
1384 1511 1535 1557 1089.,

94 1573 162 1604 aut
180 1561 444 1617 παράσημον,
463 1573 528 1601 aut
548 1567 629 1602 eius
652 1566 807 1617 generis
824 1567 921 1612 alia,
956 1566 1001 1602 de
1023 1566 1160 1615 quibus
1180 1564 1398 1602 Schefferus
1419 1565 1536 1603 Milit.

94 1623 193 1660 Nav.
214 1621 256 1658 L.
277 1620 322 1657 II.
343 1622 384 1661 6.
413 1621 552 1658 VVnss.

209 1689 312 1729 544-
343 1690 414 1728 79.
446 1689 708 1739 Καταττινχεΐν
736 1689 810 1738 τῆς
842 1687 1086 1739 στρατείας]
1130 1688 1234 1725 Idem
1259 1695 1317 1725 est
1335 1687 1535 1727 1ιοέπ·ιτυ-

91 1749 190 1797 χεῖν,
219 1744 320 1794 quod
340 1757 384 1781 eo
407 1745 446 1780 in
465 1758 605 1796 genere
625 1746 747 1794 magis
767 1745 1042 1791 frequentatur.
1072 1745 1166 1781 Vide
1186 1744 1227 1780 L.
1250 1744 1276 1780 Ι.
1303 1746 1374 1784 37.
1407 1745 1451 1781 V.
1478 1748 1534 1792 1.,

94 1810 133 1839 et
166 1802 211 1837 de
240 1814 281 1837 re
310 1803 393 1849 ipsa
421 1799 640 1851 Thucydid.
674 1801 716 1837 L.
743 1800 805 1837 Vl.
828 1801 916 1846 32„
944 1814 1054 1851 quem
1074 1802 1278 1838 manifesto
1307 1803 1532 1841 aemulatur.

94 1858 230 1896 Wssss.

207 1913 310 1952 544.
339 1913 412 1952 93.
453 1909 542 1964 Τὴν
570 1907 881 1963 Διοσκουριάδα
912 1913 1002 1950 καλ.
1036 1909 1193 1962 ἅκῃαν]
1235 1911 1365 1949 Unum
1388 1913 1462 1949 fuit
1484 1925 1532 1950 ex

93 1971 214 2007 tribus
236 1969 418 2020 Iapygum
435 1970 722 2018 promontoriis,
747 1981 768 2004 a
789 1968 978 2004 Strabone
1005 1968 1046 2007 L.
1070 1969 1132 2005 VI.
1159 1981 1192 2016 p.
1214 1969 1320 2008 401.
1343 1982 1534 2005 memora-

95 2029 158 2073 tis,
185 2026 327 2062 dictum
349 2028 403 2062 ita
424 2026 470 2062 ab
491 2023 925 2062 adiacenteDioscuron
947 2027 1071 2061 insula
1093 2025 1190 2074 apud
1217 2026 1385 2062 Plinium
1399 2024 1445 2062 ‘L.
1460 2025 1529 2063 III.

98 2084 171 2123 10.
201 2080 310 2119 conf.
329 2080 399 2120 Ph.
425 2080 579 2120 Cluver.
603 2080 684 2118 Ital.
705 2080 793 2116 Ant.
823 2079 865 2119 L.
888 2080 1011 2130 1V.„p.
1043 2082 1176 2120 1307.
1203 2081 1338 2118 wass.

208 2149 311 2189 544.
333 2149 406 2188 94.
442 2146 502 2187 Τὸ
533 2143 787 2197 καλούμενόν
813 2162 854 2186 τε
877 2144 1158 2199 Σκυλλήτιον]
1202 2147 1345 2185 Mirum
1378 2155 1437 2185 est
1472 2154 1531 2186 to-

93 2207 215 2243 lerare
237 2204 554 2242 Rhodomannum
577 2206 744 2252 potuisse
769 2199 1044 2254 Τεσκυλῆτιον
1072 2204 1346 2254 Tescyletium,
1375 2217 1449 2254 quo
1470 2207 1533 2241 ni·-

95 2261 151 2298 hil
170 2261 381 2298 absurdius.
407 2260 455 2297 Is.
476 2261 634 2297 Vossius
651 2261 740 2296 libri
762 2262 925 2310 margini
947 2260 1201 2308 adscripserat
1220 2257 1266 2298 τὸ
1294 2257 1534 2310 Σκυλήτιον.

97 2317 147 2356 13.
170 2315 414 2354 Casaubonus
440 2311 488 2353 1111
510 2316 688 2352 Strabon.
709 2316 774 2355 Vl.
796 2328 830 2363 p.
858 2317 962 2355 391.
991 2315 1037 2355 τὸ
1069 2312 1322 2367 καλούμενόν
1340 2331 1382 2355 τε
1404 2316 1534 2355 Σκυλ-

97 2368 272 2424 λητικόν.
311 2371 480 2420 Uterque
499 2372 656 2409 erudite.
698 2372 809 2415 Quod
841 2372 1012 2408 dedimus
1043 2386 1062 2408 e
1085 2375 1238 2420 scriptis
1262 2381 1319 2409 est
1339 2373 1448 2409 libris
1475 2379 1534 2409 at-

96 2441 168 2477 que
189 2442 211 2466 a
232 2428 444 2475 Strabone,
477 2424 728 2479 Σκυλλήτιον
760 2428 1021 2478 navifragum
1050 2427 1122 2465 hoc
1142 2428 1388 2479 Scyllaceum
1406 2430 1535 2478 appel-

97 2488 215 2531 lante,
243 2484 426 2523 firmatur.
457 2484 592 2522 Wssss.

213 2551 316 2591 544.
349 2552 423 2591 96.
459 2547 662 2589 ’Έπεισαν
703 2547 801 2596 τοὺς
836 2545 1074 2603 Ῥηγίνους]
1117 2550 1335 2601 Thucydid.
1365 2551 1428 2588 VI.
1458 2552 1534 2592 46.

98 2603 275 2657 {lp'gavw
306 2606 475 2646 πείθειν.
513 2606 704 2643 Nimirum
733 2606 833 2643 haud
861 2619 948 2643 raro
979 2608 1096 2644 verba
1126 2609 1297 2645 absolute
1330 2615 1537 2657 ponuntur,

101 2676 195 2712 quae
225 2669 403 2699 conatum
430 2664 736 2711 propositumque
765 2663 1025 2699 tantummodo
1047 2663 1232 2701 indicant,
1269 2663 1488 2700 Herodotus
1512 2664 1540 2700 I.

104 2718 433 2768 68-3111030510
456 2732 538 2767 παρ
585 2716 657 2756 οὐκ
678 2714 909 2763 ἐκὸιὸόιτος
930 2716 1004 2769 τὴν
1026 2716 1179 2771 αὐλὴν,
1210 2721 1236 2758 i.
1259 2733 1291 2756 e.
1323 2721 1541 2757 conlucere

104 2776 240 2813 voluit.
271 2774 384 2812 EtL.
414 2773 477 2809 III.
507 2775 607 2841 139
637 2773 814 2811 Dmius
798 2789 863 2813 ene
870 2770 1032 2825 Hispanae
1050 2776 1124 2827 τῆς
1142 2777 1194 2826 χ)
1199 2774 1351 2821 αι’ίὸος,
1379 2775 1447 2814 καὶ
1471 2773 1543 2814 αὖ·

106 2846 180 2871 ‘cm'
205 2826 450 2883 προσελθών
470 2845 525 2869 an
529 2844 612 2869 11,το
626 2857 638 2877 ,
676 2834 742 2879 qui
763 2830 802 2868 id
819 2831 1024 2868 amiculum
1044 2834 1206 2869 mercari
1224 2832 1410 2880 cupiebat.
1447 2830 1545 2869 Sue-
