1828 3253
369 197 434 238 IN
465 196 576 237 LIB.
605 195 744 236 XIII.
777 194 903 234 CAP.
934 197 1006 237 72.
1029 216 1077 224 —
1100 195 1173 237 74.
1406 199 1496 239 681

60 312 117 350 sio
139 319 224 350 eum
243 313 418 362 appellat.
433 311 523 355 ‚Pro
546 306 847 365 Θρασύβουλον
867 321 960 348 vero
979 310 1118 346 iterum
1141 322 1282 359 repone
1308 304 1501 361 Θράσυλ-

59 370 154 415 λον,
183 376 226 407 ut
255 375 312 407 est
338 369 441 407 infra
461 368 585 405 dictus
608 381 644 418 p.
672 368 776 408 386.
805 373 844 405 et
873 365 970 416 apud
1000 365 1266 413 Aristophanis
1292 365 1498 403 Scholiast-

59 426 108 462 ad
131 425 270 463 Ranas.
298 425 427 463 PALM.
472 424 597 462 Probo
628 424 838 462 doctissimi
856 424 931 460 viri
950 422 1202 461 coniecturas.
1248 422 1345 460 Vide
1363 422 1498 461 Xeno-

59 481 240 530 phontem
267 481 417 518 Hellen.
436 481 465 518 Ι.
487 492 522 530 p.
544 481 649 519 344.
674 486 711 516 et
732 480 836 518 349.
866 478 999 515 WEss.

172 539 276 579 600.
302 539 371 577 10
398 535 608 590 Ἀριστογέ
588 551 679 586 emp
700 533 799 572 Clar.
820 532 1044 582 etXenoph.
1065 533 1108 572 L.
1125 533 1154 570 Ι.
1172 532 1325 571 Hellen.
1345 546 1379 583 p.
1392 534 1500 574 244.

58 590 184 646 Vulgo
200 591 469 645 Ἀριστογένη.
506 592 602 628 Vide
622 591 856 628 Demetrium
879 591 924 627 de
944 590 1196 638 Elocut.ca1›.
1222 592 1324 630 177.
1363 591 1498 627 WEss.

173 650 277 690 600.
307 650 375 691 15.
404 649 485 695 Εἷς
495 644 671 689 Humi-22
677 663 698 686 ν
715 649 789 699 τῆς
813 643 994 702 Θριιικης]
1021 645 1073 684 Id
1090 652 1137 683 ut
1154 647 1219 683 ille
1241 644 1500 712 (Alcibiades)

58 707 234 753 audivit,
264 707 415 744 domum
437 706 591 743 reverti
610 690 758 750 no'luit,
787 710 826 740 et
842 716 882 740 se
907 702 1082 752 Pactyen
1103 703 1292 740 contulit:
1323 705 1378 740 sic
1398 705 1500 740 enim

57 769 145 810 post
174 761 315 801 Abrah.
337 761 527 798 Ortelium
556 760 674 798 verba
692 759 785 797 haec
815 759 976 807 Nepotis
998 758 1168 797 Cornelii
1190 761 1232 797 in
1253 758 1377 797 Alcib.
1398 772 1432 798 c.
1459 761 1500 799 7.

60 820 201 868 optime
219 820 420 855 constituit
442 817 599 863 Rosius,
632 828 743 865 quem
761 815 862 853 vide.
893 815 1026 853 wass.

169 875 274 914 600
300 876 371 914 18.
405 872 665 923 Θεωροῦιτες
687 869 813 911 αὗτόι
834 873 969 917 κακῶς
988 865 1230 924 φερόμενον]
1257 870 1346 909 Νοη
1363 870 1502 909 damno

56 928 194 967 Latina
214 928 503 967 Rhodomanni:
534 942 694 979 namque
716 935 753 965 et
783 920 824 966 εὖ
856 923 1074 980 ᾳερόμενοι
1103 925 1145 965 ἐν
1173 931 1259 973 τοῖς
1279 922 1502 979 πράγμασι,

58 986 194 1034 quibus
215 999 278 1023 res
308 986 403 1023 bene
423 986 564 1022 cedunt
591 985 691 1033 apud
710 984 810 1021 Plut.
832 982 880 1023 T.
896 983 943 1019 ll.
964 996 999 1033 p.
1023 985 1095 1023 68.
1111 981 1159 1021 D.
1189 982 1340 1021 Poteris
1361 991 1502 1031 tamen,

57 1044 91 1078 si
111 1042 250 1088 libeat,
271 1041 411 1079 famam
435 1043 674 1092 intelligere,
707 1053 780 1091 qua
802 1042 963 1087 pessime
992 1039 1170 1077 audiebat
1191 1038 1432 1087 Alcibiades,
1458 1047 1503 1077 ut

55 1099 99 1135 in
118 1096 177 1134 his
199 1097 350 1146 Iosephi
372 1098 418 1135 de
447 1098 528 1135 Iud.
549 1098 681 1146 Antiq.
700 1096 742 1134 L.
766 1096 873 1133 XVL
901 1097 941 1136 7
965 1098 1005 1137 6
1037 1091 1222 1146 Σαλώμη
1252 1094 1297 1135 δὲ
1325 1111 1393 1135 και
1411 1100 1501 1147 χεΐ-

57 1167 131 1206 ρον
152 1150 178 1205 ἢ
200 1149 324 1193 πάλαι
346 1152 550 1207 φερομὲιη
572 1151 685 1205 παρὰ
704 1150 909 1221 τάδελφω.
948 1152 1103 1201 Alioqui
1121 1154 1270 1200 omnia,
1297 1163 1392 1201 quae
1411 1165 1504 1202 pes-

58 1212 151 1246 sime
174 1210 504 1258 administrantur,
533 1212 668 1254 κακῶς
689 1207 896 1261 φέρονται.
929 1206 1070 1245 Strabo
1090 1206 1133 1244 L.
1151 1207 1258 1245 xlv.
1278 1220 1315 1257 p.
1340 1209 1446 1248 991.
1459 1206 1501 1246 C.

55 1263 252 1306 κατέλυσε
279 1263 354 1317 τὴν
374 1267 650 1305 καθεστῶσαν
678 1263 886 1304 πολιτείαν
898 1291 909 1311 ‚
938 1265 1074 1309 κακῶς
1093 1261 1324 1317 φερομένην
1348 1259 1428 1304 ὑπό
1459 1278 1503 1304 τε

57 1318 194 1361 ἄλλων
216 1337 282 1360 ναι
301 1317 494 1389 Βοηθου
531 1320 754 1369 Xenophon
773 1321 850 1358 Vit.
880 1320 992 1371 A.ges
1012 1332 1049 1368 p.
1074 1320 1149 1359 24.
1181 1320 1239 1356 ed.
1261 1320 1389 1357 Oxon.
1410 1319 1502 1358 Tis-

56 1376 281 1434 saphernem
305 1375 436 1417 αἴτιον
457 1380 513 1416 εἰν
517 1393 557 1416 αι
576 1379 650 1417 τοῦ
671 1378 807 1421 κακῶς
826 1374 922 1429 ([ἔρε
908 1378 1030 1415 σθαι
1050 1390 1102 1415 τα
1122 1371 1285 1415 ἑαυτοῦ
1312 1376 1442 1414 WEss

172 1435 277 1476 600.
307 1435 382 1474 20
410 1430 567 1474 Ἵππων
597 1430 876 1484 τετιμημένων
906 1427 1121 1471 ταλάντων
1141 1428 1276 1485 ὀκτὼ]
1322 1432 1367 1469 In
1388 1432 1504 1470 dubio

56 1491 205 1528 animus
229 1490 328 1536 fuit,
359 1496 486 1527 utrum
509 1503 763 1540 πεντηκοντα
787 1501 836 1525 ex
866 1489 1019 1539 scriptis
1041 1488 1150 1524 libris
1170 1487 1424 1536 adscisceret,
1453 1501 1504 1526 an

56 1548 100 1584 in
127 1547 286 1597 vulgato
316 1548 587 1594 acquiesceret.
637 1544 779 1596 Magna
806 1544 958 1594 quidem
988 1544 1087 1593 apud
1108 1557 1168 1581 me
1197 1545 1505 1583 membranarum

59 1609 117 1639 est
140 1604 369 1648 auctoritas,
392 1615 464 1638 nec
484 1604 569 1639 leve
590 1600 874 1647 Rhodomanni,
900 1601 978 1636 illis
1001 1600 1177 1648 adsensi,
1204 1601 1411 1649 iudicium,
1437 1600 1505 1638 sed

60 1671 205 1696 summa
224 1660 431 1707 pecuniae,
463 1660 536 1695 etsi
553 1670 632 1694 nou
651 1661 785 1711 ignota
805 1659 856 1694 sit
875 1662 1048 1693 veterum
1068 1657 1109 1693 in
1134 1653 1426 1710 ἱπποτροφίαις
1444 1660 1506 1694 in-

59 1717 188 1761 sania,
219 1714 333 1752 fidem
354 1714 516 1752 excedit.
548 1713 654 1750 Adde
676 1713 925 1759 Diomedem,
950 1714 1057 1749 cuius
1087 1711 1128 1750 hi
1156 1715 1264 1763 equi,
1294 1716 1337 1750 in
1356 1726 1398 1750 re
1419 1726 1505 1750 me-

60 1771 183 1808 diocri
203 1770 343 1808 fuisse:
374 1768 637 1820 κεκτημένος,
665 1772 791 1819 inquit
813 1768 1030 1805 Andocides
1050 1767 1156 1805 Orat.
1177 1769 1219 1805 in
1233 1769 1356 1806 Alcib.
1377 1783 1412 1819 p.
1430 1770 1504 1809 32.

61 1824 207 1866 οὐσίαν
236 1824 420 1879 μετρίαν.
467 1825 622 1864 Maneat
650 1839 741 1878 ergo
771 1838 839 1863 sua
869 1827 910 1861 in
940 1824 1029 1861 sede
1059 1825 1278 1876 vulgatum,
1307 1839 1330 1862 a
1354 1824 1441 1864 Vat.
1464 1831 1504 1862 et

57 1882 193 1920 Venet.
215 1881 315 1920 haud
338 1882 602 1930 inprobatum,
626 1888 664 1918 et
682 1881 888 1920 mediocris
903 1881 1080 1918 fortunae
1101 1879 1247 1918 homini
1269 1883 1506 1919 convenien-

60 1941 151 1976 tius.
187 1936 339 1976 Crimen
358 1941 481 1988 ipsum
504 1951 581 1981 non
600 1938 798 1988 praeteriit
816 1937 915 1974 Plut.
942 1936 1065 1976 Alcib.
1086 1948 1120 1985 p.
1143 1938 1246 1978 196.
1267 1936 1316 1974 D.
1343 1940 1385 1974 in
1404 1938 1505 1974 mul-

59 1997 111 2032 tis
133 2002 261 2033 tamen
282 2007 303 2033 a
323 1993 495 2033 Diodoro
514 1994 756 2044 discrepans:
787 2006 873 2030 nam
895 2006 1047 2030 currum
1067 1993 1299 2044 Argivorum
1317 1994 1438 2030 fuisse
1468 1999 1506 2031 et

57 2049 257 2088 Diomedis
268 2053 429 2099 pecunia
447 2051 696 2100 redemptum,
724 2051 812 2087 dein
833 2051 878 2086 ab
890 2049 1087 2086 Alcibiade
1106 2047 1363 2095 inter-versum
1383 2051 1506 2100 signi-

55 2107 158 2146 ficat.
189 2106 353 2157 Propius
374 2107 483 2144 abest
503 2107 733 2153 Andocides,
757 2108 828 2143 etsi
848 2119 917 2143 nec
938 2107 970 2142 is
991 2117 1258 2155 usquequaque
1278 2107 1506 2143 consentiat.

57 2161 236 2205 Ceterum
260 2176 340 2201 non
369 2164 523 2202 videtur
551 2162 779 2201 Plutarchus
810 2164 886 2200 loci
907 2164 987 2199 eius
1016 2163 1059 2200 in
1087 2162 1297 2199 Andocidis
1316 2162 1502 2199 Oratione

56 2219 302 2267 reeordatus,
350 2221 494 2268 alioqui
519 2219 594 2257 huc
623 2233 702 2257 non
736 2220 918 2256 traxisset
947 2217 1129 2256 Isocratis
1159 2221 1373 2256 orationem
1410 2216 1503 2270 περὶ

57 2270 260 2327 Ζεῦγους,
286 2289 360 2326 qua
380 2276 589 2327 Alcibiadis
619 2275 661 2313 F.
691 2275 837 2314 Tisiam
856 2275 1030 2324 repellit,
1059 2277 1339 2321 criminantem,
1360 2274 1435 2311 sibi
1455 2274 1501 2310 ab

58 2331 256 2369 Alcibiade
282 2333 389 2383 bigas
407 2334 525 2370 fuisse
547 2339 715 2381 ereptas,
746 2343 839 2380 quas
862 2333 1006 2381 patrem
1025 2331 1071 2369 ab
1093 2330 1325 2382 Argivorum
1346 2331 1502 2368 civitate

58 2387 266 2425 redemisse
285 2388 387 2426 filius
407 2391 472 2426 ait.
517 2388 722 2426 Diversum
744 2390 846 2424 enim
865 2389 1022 2425 crimen.
1051 2387 1192 2426 VVESS.
1250 2387 1339 2425 Non
1369 2388 1424 2424 ita
1453 2387 1507 2423 li-

59 2443 216 2482 brorum
242 2445 388 2494 aliquot
414 2447 602 2495 scriptura
631 2440 884 2495 πεντήκοντα
912 2446 1142 2481 commoveri
1172 2456 1212 2479 se
1240 2456 1374 2492 passus
1405 2448 1505 2479 esset

58 2498 364 2552 VVesselingius,
404 2502 438 2538 si
467 2503 771 2550 perfrequentem
799 2500 966 2537 librariis
1002 2499 1335 2537 animadvertisset
1359 2500 1504 2534 utrius-

60 2567 133 2604 que
163 2560 311 2594 numeri
339 2552 384 2609 (ἦ
417 2564 454 2594 et
483 2553 538 2609 ν’)
572 2559 908 2607 permutationem:
937 2556 983 2593 de
1014 2567 1087 2604 qua
1118 2570 1155 2594 v.
1178 2562 1308 2592 annot.
1337 2555 1422 2591 crit.
1452 2553 1501 2590 ad

64 2613 168 2652 523.
193 2614 262 2652 ll.
313 2613 600 2666 Quinquaginta
626 2615 856 2651 talentorum
875 2615 1036 2662 pretium
1058 2625 1126 2663 pro
1158 2612 1240 2650 illis
1269 2609 1502 2662 temporibus

61 2670 176 2706 nimis
197 2669 375 2706 insanum
397 2682 478 2706 esse
502 2683 580 2707 non
600 2682 694 2718 opus
714 2676 771 2706 est
791 2668 1056 2706 demonstrari.

176 2725 281 2765 600.
310 2725 385 2764 23.
429 2723 553 2764 Κατα
582 2723 656 2777 τὴν
679 2720 925 2778 ὑπογραφὴν
944 2731 1016 2761 etc.
1025 2724 1041 2774 ]
1090 2722 1176 2761 Mos
1202 2729 1304 2770 erat,
1329 2728 1373 2760 ut
1398 2724 1504 2771 prius

61 2783 272 2831 pugnaturi
291 2781 560 2831 profiterentur
580 2795 624 2818 ac
642 2781 937 2828 subscriberent,
963 2792 1052 2817 suos
1071 2793 1153 2817 esse
1172 2790 1302 2828 equOS‚
1330 2790 1442 2827 quam
1461 2778 1504 2815 in

61 2844 254 2875 certamen
282 2839 608 2876 conmitterentur
645 2837 746 2876 Plut.
774 2837 898 2876 Alcib.
925 2849 961 2888 p
986 2837 1088 2879 196
1118 2834 1168 2876 D.
1211 2830 1432 2889 πριάμενος
1459 2832 1504 2875 δὲ
