1828 3253
456 144 518 184 IN
548 142 716 184 1.1}3.1.
756 142 884 183 CAP.
918 145 1139 187 58.-60.
1450 151 1509 190 97

70 257 367 312 Ethnicograph.
395 259 436 298 in
466 254 649 311 Ἐρυθρὰ
673 258 823 306 βῶλος.
854 256 988 294 lVEss.
1050 255 1222 296 Diodoro
1251 257 1502 312 ἶερὰιβῶλος

71 324 109 354 et
143 312 261 368 κώμη
290 319 372 355 sive
399 317 530 361 vicus,
583 315 753 364 ipsiusne
792 326 842 350 an
873 314 1023 351 librarii
1052 315 1164 363 culpa
1194 318 1237 354 in
1279 317 1395 356 dubio
1431 327 1500 356 est.

70 372 177 410 IDEM
205 373 252 410 ad
271 371 410 409 Herod.
431 370 477 408 II.
503 372 551 410 ll
568 372 605 410 l.

188 430 260 468 69.
290 428 354 468 14.
400 426 548 477 Συχνοὶ
580 428 661 465 τῶν
690 423 1008 476 διαδεξαμένων]
1048 425 1179 477 Longe
1208 425 1270 464 hic
1290 441 1311 465 a
1330 427 1500 469 Diodoro

67 485 147 522 abit
178 483 415 529 Herodotus,
451 484 517 533 qui
547 481 734 520 Sesostris
763 481 841 519 filio
871 495 1127 519 successorem
1161 483 1226 520 dat
1255 484 1432 524 Proteum
1452 487 1498 524 Π.

72 543 172 582 112.
212 540 380 591 Longius
411 537 590 577 Manetho
610 539 711 587 apud
733 537 904 587 Syncell.
928 551 963 588 p.
984 539 1056 578 60.
1115 538 1227 576 Unde
1247 543 1413 580 animum
1433 558 1499 582 su..

68 599 187 646 spicio
206 597 327 642 subit,
356 602 422 632 aut
440 597 535 632 alios
564 596 721 632 annales
743 595 957 632 sacerdotes
979 594 1211 645 Aegyptios,
1255 609 1350 646 quos
1368 608 1498 637 noster

65 660 238 691 auctores
257 652 387 694 habet,
419 659 568 688 secutos
589 665 692 698 esse,
720 657 785 688 aut
804 652 947 699 patriae
968 651 1108 698 studio,
1133 659 1176 688 ut
1198 654 1279 692 eius
1299 665 1360 691 res
1380 658 1497 693 multo

62 710 346 756 antiquissimas
370 709 561 753 facerent,
584 709 702 745 multa
721 707 899 757 deinceps
918 715 1160 746 commentos
1212 708 1362 747 Mecum
1385 715 1500 750 sentit

63 767 126 803 vir
147 766 322 815 egregius
346 762 472 813 Camp.
511 763 690 815 Vitringa
707 766 748 801 in
769 763 871 802 Esai.
900 763 1012 802 XIX.
1030 778 1065 814 p.
1090 765 1193 804 542.
1225 764 1359 804 WESS.

176 821 249 862 69.
277 822 345 861 16.
363 817 552 870 ’Ἀμασιςι
585 818 814 872 ὃίἴίμασις
834 819 896 857 hic
915 822 1132 869 scripsisset
1147 820 1363 870 Diodorus,
1395 830 1496 861 certe

63 875 112 914 ad
157 889 243 915 eum
279 875 438 914 Amasin
484 878 644 914 veniens
698 889 810 927 quem
859 890 945 914 cum
987 876 1184 916 Herodoto
1240 891 1496 918 successorem

63 932 203 982 Apriae
232 934 346 980 facit,
385 932 592 970 secundum
621 932 693 970 hoc
721 934 875 970 nomine
909 946 992 970 esse
1018 933 1297 972 admonuisset:
1339 934 1405 972 sed
1424 949 1496 974 nec

61 991 130 1027 alii
160 1001 307 1039 quoque
336 991 490 1026 silentio
523 989 562 1026 id
592 992 887 1037 praeteriissent.
952 990 1052 1033 Quid
1082 996 1208 1027 tamen
1233 1003 1302 1038 pro
1321 987 1496 1042 ’Ἀμασις

59 1046 321 1096 reponendum
340 1048 402 1092 sit,
430 1058 476 1082 ne
501 1048 687 1093 suspicari
705 1046 855 1095 quidem
874 1058 1050 1095 possum:
1078 1046 1154 1084 nisi
1173 1047 1272 1084 forte
1285 1044 1497 1098 Ἄμμωσις

61 1105 196 1151 reponi
222 1102 353 1148 debet,
380 1108 424 1138 ut
455 1107 493 1138 et
525 1115 560 1151 p.
589 1102 665 1142 41.
695 1115 764 1151 pro
783 1099 957 1151 ’Άμασιν
984 1104 1097 1139 aliam
1126 1115 1174 1139 ex
1193 1104 1270 1140 alio
1290 1106 1497 1152 exemplari

59 1159 263 1195 lectionem
294 1160 334 1196 in
363 1159 536 1208 margine
565 1159 635 1195 tibi
665 1155 1054 1208 αἰψοειιίζῗὴιμωσιν.
1083 1158 1236 1196 STEPH.
1291 1159 1391 1210 Lege
1410 1175 1496 1198 cum

59 1213 110 1250 H.
141 1211 301 1263 Steph.³
294 1210 482 1264 Άμωσις.
541 1211 618 1251 Sed
647 1214 738 1262 quid
772 1216 853 1264 agit
881 1217 921 1251 in
941 1222 1076 1263 quarto
1094 1227 1206 1252 versu
1226 1212 1275 1253 ἀ)
1280 1215 1494 1264 αζονικῶςς

61 1269 163 1319 quod
195 1273 350 1319 quinta,
385 1276 429 1307 ut
456 1272 588 1317 aiunt,
626 1277 712 1307 rota
737 1272 779 1308 in
807 1282 943 1316 curru,
980 1272 1043 1307 vel
1075 1273 1205 1308 asinus
1223 1273 1265 1308 in
1286 1280 1494 1323 unguento.

58 1325 192 1364 RHOD
230 1323 404 1377 Ἄμασις
433 1341 599 1379 γενομει
601 1340 646 1372 ος
663 1323 869 1377 βασιλεὺς]
905 1326 1003 1363 Vera
1023 1329 1056 1364 si
1075 1333 1224 1373 essent,
1254 1341 1349 1394 quae
1340 1301 1411 1365 Dde
1432 1343 1494 1366 re-

58 1383 171 1434 gibus
199 1382 312 1420 huius
339 1385 506 1420 nominis
534 1389 809 1420 commentatus
837 1389 895 1419 est
923 1382 1044 1419 Gottf.
1084 1382 1259 1420 Olearius
1288 1387 1330 1421 in
1361 1384 1493 1422 Philo-

57 1443 169 1478 strati
189 1438 234 1476 V.
265 1438 296 1475 V
301 1441 341 1476 it.
368 1439 545 1489 Apollon.
564 1440 653 1486 42,
692 1441 799 1476 nulla
820 1452 913 1488 opus
935 1440 1036 1477 foret
1054 1442 1308 1477 correctione:
1337 1442 1400 1478 sed
1421 1444 1492 1478 mi-

59 1503 139 1533 scet
155 1497 220 1533 ille
238 1495 415 1542 Amasin,
434 1495 572 1546 Apriae
589 1508 860 1542 successorem,
891 1508 965 1545 quo
985 1495 1030 1532 de
1051 1495 1245 1543 philostr„
1266 1503 1304 1533 et
1321 1495 1493 1545 Amasin,

59 1565 133 1602 quo
151 1565 241 1603 rege
264 1551 458 1590 israelitae
480 1552 686 1590 creduntur
715 1565 764 1589 ex
785 1552 960 1603 Aegypto
990 1553 1212 1590 excessisse.
1270 1552 1342 1590 Vel
1363 1557 1417 1591 sic
1435 1562 1493 1591 ta-

36 1621 146 1649 .-men
177 1614 310 1646 contra
334 1607 451 1646 Codd.
479 1610 716 1647 voluntatem
746 1608 844 1646 nihil
875 1615 998 1646 muto:
1037 1621 1125 1645 nam
1161 1616 1199 1646 et
1223 1608 1382 1647 Amasin
1411 1613 1493 1649 sive

58 1665 254 1702 Ammosin
276 1666 438 1713 primum
470 1663 669 1715 dynastiae
694 1673 815 1703 xvm.
844 1678 975 1715 regem
1004 1663 1140 1702 lustin.
1159 1663 1273 1706 Mart.
1294 1666 1494 1704 Paraenes.

58 1735 94 1773 p.
118 1723 187 1762 10.
208 1721 254 1760 A.
281 1727 393 1770 atque
416 1721 484 1759 alii
509 1721 673 1758 Amasin
697 1723 931 1770 appellitant.
961 1719 1095 1758 WVESS.

171 1779 243 1818 69.
263 1779 338 1817 22.
368 1775 474 1816 'Emi
496 1776 540 1816 δὲ
563 1773 822 1829 Ἀκτισάνης]
855 1775 973 1827 Regis
992 1776 1104 1814 huius
1123 1783 1162 1814 et
1185 1784 1388 1827 occupatae
1411 1780 1492 1816 eius

55 1833 173 1872 ductu
191 1840 230 1871 et
248 1836 428 1882 auspiciis
450 1833 611 1885 Aegypti
631 1840 781 1882 praeter
802 1833 980 1871 Strabon.
1000 1832 1104 1869 XVI.
1129 1846 1163 1882 p.
1190 1835 1338 1880 1102..
1366 1837 1436 1871 etsi
1455 1842 1494 1871 et

53 1893 89 1929 is
117 1891 240 1928 obiter
272 1897 384 1939 atque
410 1890 515 1928 aliud
542 1903 683 1941 agens,
713 1903 900 1941 nusquam
928 1891 1016 1936 alii,
1053 1896 1236 1937 quantum
1255 1890 1407 1940 quidem
1430 1903 1493 1928 re-

55 1947 213 1994 cordor,
239 1949 506 1986 meminerunt.
534 1946 667 1984 WVESS.

166 2005 239 2044 69.
253 2006 328 2044 26.
350 2001 644 2056 Ἀνθρωπίνως
662 1999 824 2054 ἐνέγκας
844 1998 919 2053 τὴν
939 1999 1142 2053 εὐτυχίαν]
1162 2000 1295 2039 Utitur
1313 2001 1493 2050 dictione,

53 2072 149 2109 quae
181 2061 332 2098 civilem
363 2062 531 2097 animum
560 2066 598 2096 et
622 2057 902 2097 vicissitudinis
932 2072 1058 2096 rerum
1083 2058 1329 2097 humanarum
1349 2072 1491 2097 memo-

45 2129 134 2154 -rcm
169 2118 444 2166 conplectitur,
481 2129 665 2165 saepeque
692 2116 786 2153 adeo
820 2114 1141 2161 moderationem,
1181 2127 1255 2163 qua
1274 2117 1401 2152 omnia
1420 2115 1489 2152 hu-

42 2185 167 2210 -mana
186 2175 328 2221 placate
352 2179 390 2210 et
417 2173 610 2210 moderate
639 2172 820 2218 ferimus,
860 2172 1024 2217 indicat3
1055 2174 1109 2209 ita
1132 2171 1257 2208 Gelon
1276 2185 1351 2222 tm
1371 2168 1488 2210 εὐτυ-

49 2228 146 2279 χίαν
173 2227 447 2282 ἀνθρωπίνως
473 2226 599 2297 ἔφερε
631 2227 703 2265 Xl.
720 2229 811 2294 263
846 2235 979 2265 contra
1011 2226 1219 2274 Tantalus,
1247 2240 1374 2264 rerum
1403 2239 1489 2264 sue-

54 2297 164 2323 cessu
199 2285 390 2332 inflatior,
437 2282 514 2336 τὴν
547 2282 735 2335 εὐτυχίαι
762 2282 810 2322 οὐ
841 2281 978 2336 (μ’ριυι
1014 2280 1288 2332 ἀνθρωπίνως
1325 2283 1387 2321 lV.
1416 2285 1488 2323 76

55 2353 164 2389 saepe
185 2343 297 2379 etiam
317 2344 578 2388 clementiam,
610 2352 683 2389 qua
714 2339 928 2377 humaniter
947 2340 1043 2377 alios
1065 2339 1266 2387 habemus,
1295 2339 1394 2388 quod
1415 2336 1488 2378 ἀν-

47 2395 276 2448 θρωπίνως
299 2393 545 2451 χρήσασθαι
579 2396 651 2435 Xl.
676 2399 748 2437 26.
778 2403 816 2432 et
844 2393 1118 2447 (2:1390nlvm3
1135 2394 1487 2446 μεταχειριζεσθαι

56 2450 175 2490 Dioni
193 2452 322 2491 Cassio
355 2453 449 2493 LVI.
483 2466 518 2502 p.
538 2454 643 2494 683.
664 2451 706 2492 C.
754 2453 870 2490 Plura
896 2451 1206 2489 Des.flera1‹1us
1235 2453 1262 2489 l
1283 2451 1486 2490 Animadv

57 2508 182 2546 inlus
205 2509 282 2546 Att.
302 2516 341 2546 et
359 2508 468 2547 Rom.
487 2523 520 2550 c.
544 2513 583 2550 8.
609 2509 742 2547 lvssss.

41 2580 44 2583 ·
170 2566 243 2605 70.
270 2567 342 2607 36.
364 2561 723 2618 Ῥιιοκοι-ροῦραν]
755 2563 894 2601 Strabo
912 2563 995 2601 Lib.
1013 2562 1118 2601 XVI.
1137 2576 1174 2612 p.
1203 2564 1336 2603 1102.
1363 2557 1488 2602 ‘'Pno-

57 2614 130 2660 κόλ
134 2635 261 2670 ουραν
289 2628 422 2669 vocat;
465 2622 564 2670 quod
597 2622 645 2659 ad
669 2622 940 2671 etymologiam
963 2619 1148 2657 Graecam
1175 2632 1198 2657 a
1226 2619 1297 2658 κο)
1303 2614 1385 2657 ούω
1409 2630 1488 2655 ma-

54 2678 115 2727 gis
139 2677 308 2727 quadrat.
341 2676 556 2726 Stephanus
574 2684 700 2714 tamen
713 2674 768 2714 [³1
776 2672 893 2714 ιὀκοί
897 2690 1050 2728 ροιραν
1070 2676 1216 2713 scribit.
1274 2673 1340 2712 Sic
1363 2680 1486 2711 autem

39 2745 77 2773 .a
95 2729 159 2785 ῥὶν
191 2739 229 2770 et
257 2731 376 2786 κείρω
409 2747 475 2771 seu
496 2731 625 2784 κουριὶ
651 2741 688 2770 et
715 2730 812 2784 ὄρος
834 2731 1094 2770 deduceretur.
1149 2730 1258 2775 Quod
1291 2730 1487 2768 Gramma-

55 2787 142 2826 ticin
166 2789 452 2839 disceptandum
480 2790 677 2828 tradimus·
719 2788 903 2827 Graecam
930 2791 1030 2825 enim
1062 2788 1372 2837 compositionem
1405 2798 1486 2825 esso

114 2844 209 2883 vox..
240 2845 266 2882 Ι.
1188 2844 1210 2881 7
