1828 3253
237 62 329 106 504
690 55 1216 98 ANNOTATIONES

350 172 458 215 421.
483 169 555 212 54.
587 166 675 212 Οὖκ
695 167 891 218 ἐλάττους
910 171 993 211 τῶν
1012 170 1299 212 πεντεκαίδεκα
1317 166 1556 225 μυριάδων]
1589 170 1690 210 Con-

244 232 363 269 sentit
385 230 461 267 sibi
480 229 646 297 egregie.
674 227 774 270 Nam
793 227 837 268 L.
858 226 967 265 X111.
984 227 1056 267 59.
1090 227 1258 266 Amilcar
1279 228 1690 295 καταστρατηγηθεὶς

242 284 324 326 υπὸ
348 284 535 333 Γέλωνος
563 283 773 338 ἀνῃρέθη,
802 283 869 323 καὶ
898 280 982 334 μετ’
1018 281 1146 351 αὐτρῦ
1177 283 1464 324 πεντεκαίδεκα
1494 280 1691 335 μυριάδες

245 343 512 396 στρατιωτῶν
532 337 821 394 ἀνῃρέθησαν
849 336 970 378 ἄλλαι
993 338 1037 378 δὲ
1063 337 1137 379 οὐκ
1160 338 1199 379 ἔλ
1206 354 1354 386 αττοτς
1374 354 1533 379 τουτων
1554 338 1693 392 ἠχμα-

244 398 529 449 λωτίσθησαν.
567 395 672 434 Hinc
709 397 889 444 frequens
916 407 1039 443 neque
1060 409 1105 434 ea
1134 396 1299 445 iniusta,
1330 395 1631 446 Syracusanis„
1609 397 1694 432 ‹vlo-

246 455 377 492 riandi
398 453 443 490 de
473 456 655 491 trecentis
687 451 1064 503 Carthaginiensium
1088 453 1258 490 millibus
1278 452 1326 489 ad
1345 451 1542 489 Himeram
1572 453 1694 490 caesis

247 512 421 549 materia.
454 508 552 546 Vide
573 507 616 546 L.
635 507 750 547 XIII.
774 508 848 547 94.
867 506 974 544 XIV.
997 509 1070 548 67.
1092 508 1229 546 Wssss.

360 579 467 618 421.
490 579 562 616 68.
596 577 660 629 Τῇ
681 573 772 628 περὶ
791 570 1014 620 Πλαταιὰς
1030 573 1224 628 γενομένῃ
1245 571 1535 626 τοῖςἝἍλησι]
1568 573 1696 611 Instar

249 636 422 671 omnium
462 646 544 669 esse
563 631 754 670 Pindarus
781 636 906 680 potest
925 629 1001 670 Od.
1031 630 1061 668 Ι.
1088 629 1268 681 Pythion.
1299 644 1415 683 prope
1445 631 1584 679 finem,
1611 643 1698 669 cum

250 691 297 730 de
320 690 488 728 Gelone:

409 742 485 791 ’ος
505 758 615 811 σφιν
625 740 667 782 ἔν
688 737 828 781 πόντω
847 736 994 792 βάλεθ’-
1026 736 1202 792 ἁλικίαν,

412 796 507 840 Ἕλλ
512 795 574 838 ἀι)
597 796 766 846 ἐξέλκων
785 797 957 851 βαρείας

419 854 621 902 δουλείας.
647 849 839 905 ΗΕλεομαι

421 909 505 964 πὰρ
527 926 576 962 μ·
561 909 602 950 ἓν
622 909 880 960 Σαλαμῖνος,
894 905 1131 978 Ἀθηναίων
1145 904 1285 964 χάριν,

421 963 593 1036 μισθόν.
615 963 657 1005 ἓν
678 962 870 1033 Σπάρτα
873 963 908 1004 δ’
934 963 1034 1018 ἐρέω

421 1020 502 1076 πρὸ
525 1023 805 1088 Κιθαιρῶνος
812 1017 964 1072 μάχαν·

423 1083 535 1119 ταῖσι
557 1072 737 1130 ΖΙἸήὸειοι
757 1073 890 1129 κάμον
911 1074 962 1129 (22
964 1072 1189 1125 κυλότοξοι.

418 1132 507 1202 πὰρ
529 1133 577 1173 δέ
593 1148 636 1187 γε
656 1131 732 1173 τὰν
754 1130 925 1202 ευυὸρον
946 1130 1075 1173 ἀκτὰν

418 1185 506 1242 Ἶμὲ
485 1205 580 1244 ρα,
607 1189 860 1229 παιὸεσσιν“
845 1204 977 1239 υμνον

424 1243 696 1297 Δεινομένευς
714 1244 908 1292 τελέσαις.

256 1301 435 1351 Adpellat
453 1299 531 1341 τὰν
558 1299 636 1354 πρὸ
658 1302 927 1354 Κιθαιρῶνος
945 1295 1104 1351 μάχαν,
1132 1313 1234 1349 non,
1259 1313 1354 1351 quae
1384 1299 1493 1339 Eras.
1517 1300 1706 1340 Schmidii

258 1363 463 1406 sententia,
490 1358 654 1395 nobilem
666 1371 846 1408 pugnam
864 1358 920 1395 ad
942 1356 1048 1394 Tltel
1040 1358 1238 1409 mopylas,
1265 1370 1341 1395 non
1361 1358 1474 1407 longe
1494 1371 1519 1395 a
1544 1358 1706 1395 Cithae-

257 1428 378 1462 rone,
405 1428 522 1467 qaam
552 1414 770 1461 Leonidas,
809 1414 1126 1452 Anaxambidae
1157 1413 1227 1460 F„
1257 1415 1338 1451 dax
1369 1414 1706 1452 Lacedaemonio-

258 1485 359 1517 qum,
382 1485 467 1509 cum
494 1471 648 1508 Xer-vis
671 1472 795 1521 copiis
815 1470 976 1517 habuit5
1002 1470 1068 1506 sed
1089 1482 1184 1519 quae
1206 1469 1321 1507 ductu
1343 1477 1381 1507 et
1403 1473 1587 1519 auspiciis
1605 1471 1708 1508 Pau-

259 1530 390 1563 saniae
418 1534 586 1578 pugnata
611 1526 659 1563 ad
690 1526 863 1563 Plataeas
896 1533 975 1575 est,
1007 1528 1099 1562 sitas
1133 1520 1213 1565 υπὸ
1238 1527 1297 1565 τῶ
1329 1526 1565 1580 Κιθαιρῶνι
1598 1525 1711 1564 Stra-

260 1583 419 1620 boneL.
442 1583 513 1621 IX.
542 1596 579 1633 p.
603 1583 708 1624 631.
729 1581 773 1622 Β.
806 1588 916 1619 teste.
956 1581 1096 1619 WESS.

371 1651 480 1691 421.
515 1652 587 1690 76.
619 1647 902 1700 Πυθομένους
919 1646 996 1701 τὴν
1014 1651 1087 1689 τοῦ
1111 1647 1296 1696 Γέλωνος
1315 1646 1459 1701 νίκην]
1490 1648 1568 1686 Hic
1588 1651 1710 1686 inter-

259 1707 518 1757 pungendum.
566 1706 705 1743 Postea
733 1705 814 1743 hiat
833 1712 1049 1743 contextus.
1089 1704 1255 1743 Sensum
1275 1719 1368 1744 vero
1393 1707 1711 1755 interpretatione

259 1777 345 1800 mea
363 1770 566 1813 utcumque
581 1762 745 1800 reddidi.
783 1762 835 1799 At
855 1762 1026 1800 defectus
1044 1764 1088 1800 in
1107 1768 1291 1800 contextu
1312 1761 1459 1800 Graeco
1488 1769 1533 1799 ut
1553 1764 1712 1811 explen-

262 1819 332 1856 dus
354 1822 426 1865 sit,
448 1819 620 1856 nondum
641 1818 768 1858 video.
796 1817 932 1856 RHOD.

374 1888 483 1927 421.
513 1887 586 1926 77.
632 1884 717 1925 Καὶ
744 1887 829 1925 τῶν
858 1883 935 1938 τὴν
965 1882 1066 1938 ὅλην
1085 1880 1305 1938 ἡγεμονίαν
1334 1880 1429 1937 παρ’
1460 1881 1712 1938 ἀμφοτέροις

263 1939 516 1994 ἐσχηκότων]
537 1941 671 1979 Fuisse
684 1941 850 1979 arbitror
861 1944 944 1982 τῶν
965 1939 1086 1982 ὅλων,
1107 1951 1150 1979 ut
1160 1955 1283 1991 saepe.
1307 1940 1487 1978 Hiantem
1500 1943 1712 1979 orationem

261 2001 453 2038 incertum
486 2000 710 2036 coniectura
737 2010 786 2033 an
809 1996 929 2037 Codd.
959 1999 1104 2035 auxilio
1135 2004 1245 2034 vetus
1263 2000 1452 2047 interpres
1472 1999 1526 2034 ita
1561 1999 1710 2047 explet:

269 2055 487 2105 Utriusque
503 2060 723 2105 praeterea
745 2056 948 2092 exercitus
975 2056 1259 2106 imperatores,
1286 2055 1443 2105 dispari
1449 2053 1628 2100 fortuna
1650 2056 1714 2090 ia-

263 2113 378 2159 ctati,
404 2111 514 2149 haud
532 2109 686 2149 dubium
707 2111 770 2147 rei
791 2112 997 2161 utriusque
1018 2117 1158 2160 gestae
1177 2111 1387 2148 discrimen
1399 2109 1634 2162 praebuisse
1652 2111 1714 2147 vi-

263 2169 421 2206 dentur.
458 2166 561 2204 Nam
589 2165 768 2203 Xerxem
789 2173 948 2203 constat
966 2180 1051 2204 cum
1080 2166 1217 2204 multis
1240 2166 1410 2204 millibus
1440 2167 1617 2204 Graecia
1630 2166 1712 2214 fu-

261 2230 413 2273 gatum.
458 2224 563 2266 Quae
581 2224 674 2259 satis
695 2230 909 2271 opportuna
930 2236 1015 2260 cum
1035 2224 1134 2269 sint,
1167 2224 1286 2259 simus
1307 2221 1379 2260 hoc
1397 2220 1564 2270 Catone,
1591 2222 1712 2259 donec

263 2279 419 2317 aliunde
441 2279 631 2329 integrior
651 2278 813 2326 fideique
837 2280 1008 2315 melioris
1030 2285 1186 2316 eruatur
1203 2279 1327 2326 liber,
1355 2281 1538 2316 contenti.
1575 2278 1713 2317 WVESS.

267 2336 388 2380 Quem
411 2336 668 2384 interpunctio
690 2336 731 2371 in
755 2334 812 2370 ed.
836 2333 1023 2385 Stephani
1043 2342 1129 2383 post
1151 2330 1385 2386 ἐσχηκότων
1406 2337 1531 2384 posita
1551 2336 1656 2375 lusit.

376 2402 484 2441 421.
510 2403 581 2441 82.
612 2399 739 2451 Μηδὲ
766 2397 934 2453 ἄγγελον
967 2400 1022 2447 εἷς
1049 2399 1125 2454 τὴν
1146 2397 1399 2453 Καρχηδόνα
1422 2397 1714 2453 διασωθῆναι]

262 2456 496 2504 Historicis,
543 2470 629 2493 cum
659 2456 807 2493 cladem
837 2463 874 2494 et
902 2460 1094 2494 exercitus
1120 2458 1308 2506 quandam
1328 2459 1630 2495 internecionem
1649 2457 1716 2495 de-

267 2514 454 2559 scribunt,
471 2511 571 2550 nihil
590 2511 661 2549 hoc
683 2525 824 2563 genere
845 2514 1099 2562 frequentius.
1127 2513 1214 2551 vid.
1235 2512 1279 2550 L.
1297 2513 1404 2551 XIII.
1419 2515 1494 2555 21.
1511 2513 1617 2552 XIV.
1642 2515 1715 2554 67.

267 2569 456 2607 Iustinum
478 2568 507 2605 Ι.
531 2571 571 2609 8.
607 2568 743 2605 Wizss.

382 2636 489 2674 422.
526 2634 600 2675 84.
636 2633 886 2675 Παυσανίου
918 2633 988 2675 καὶ
1024 2633 1379 2689 Θεμιστοκλέους]
1411 2636 1572 2674 Videtur
1596 2635 1715 2673 fuisse

273 2691 479 2728 dicendum
496 2689 749 2730 Παυσανίαν
769 2691 837 2731 καὶ
863 2689 1158 2742 Θεμιστοκλέα.
1191 2691 1348 2731 S'rnrn.
1370 2699 1408 2728 et
1427 2691 1562 2729 Rnon.
1591 2692 1716 2731 Παυ-
