1828 3253
450 132 510 171 lN
540 132 652 170 LlB
685 133 728 170 V.
759 131 885 171 CAP
916 135 987 174 73
1005 136 1143 176 -75.
1421 138 1514 178 473

186 246 292 286 390-
318 245 390 286 75
430 241 497 285 Δι’
529 259 580 297 ης
607 240 654 284 τὸ
684 241 861 285 πα2αιὸν
894 242 1104 296 συνέβαινε
1125 247 1278 296 θεραπ.
1304 244 1474 300 ‘ww-1225
1459 265 1515 288 ιν

73 307 145 340 etc.
159 299 177 355 ]
205 302 382 339 Oraculis
403 302 617 351 praecipue,
640 302 776 351 quibus
794 315 861 352 per
885 305 1051 352 quietem
1072 302 1263 350 Apollinis
1283 311 1395 353 atque
1417 306 1514 342 alio-

71 371 157 396 rum
178 360 329 408 templis
348 358 571 395 incubantes
582 357 896 407 admonebantur,
914 365 958 395 ut
976 359 1018 395 in
1029 357 1221 406 Aristoph.
1234 360 1335 397 Plut.
1353 374 1391 398 v.
1406 363 1512 401 662.

74 421 146 452 etc.
175 414 272 452 Vide
292 420 370 450 not.
391 413 439 450 ad
459 412 500 449 L.
523 413 551 450 1.
578 414 647 453 53.
678 413 727 449 W
731 424 812 452 Ess.

187 471 293 510 390.
327 470 400 509 79.
439 467 524 508 Καὶ
554 466 601 507 τὸ
629 464 750 516 τόξον
781 466 991 509 Σκυθικὸν
1020 465 1339 534 ὄνομασθῆιαι]
1379 471 1451 509 Est
1470 475 1512 510 in

72 525 264 563 Pausania
282 523 334 561 Χ.
356 526 428 564 31.
448 537 486 574 Ρ.
513 525 616 565 875.
646 523 789 576 παρθέ
769 540 856 571 (νος
883 521 1004 572 τόξον
1025 522 1176 575 ἔχουσα
1198 531 1284 573 τοῖς
1305 527 1512 568 ΣΚΥΘῙ-

72 581 221 622 ΚΟῙΣ
243 578 437 636 ἒμᾳζερὲς,
462 592 557 629 quae
585 583 678 617 satis
703 588 876 618 tueretur
909 583 1078 618 omnium
1117 579 1235 621 Codd.
1273 586 1514 632 scripturam,

73 639 151 674 nisi
169 638 408 686 apertissima
426 638 528 674 ratio
548 649 630 673 eam
650 637 892 688 infringeret.
939 637 1060 675 Aiunt
1077 635 1277 675 Cretenses
1304 653 1371 677 sua
1391 643 1430 677 in
1451 643 1513 678 in-

74 694 158 730 sula
185 705 315 730 arcum
351 699 565 742 repertum,
606 699 799 741 artemque
836 706 927 730 arcu
960 693 1152 731 iaculandi
1184 695 1284 742 apud
1314 698 1514 745 populares

71 756 272 798 propterea
291 748 451 785 mirifice
469 750 663 795 exerceri,
694 756 808 797 atque
827 751 952 797 ipsum
983 763 1113 786 arcum
1136 748 1362 800 Scythicum
1384 752 1513 801 adpel-

71 805 166 841 lari.
193 817 271 871 ⁴quo
292 806 548 842 conclusionis
568 818 709 856 genere
728 805 819 854 quid
838 804 1064 843 absurdius?
1092 805 1293 843 Dixissent
1316 809 1514 845 Creticum

72 863 229 907 vocari,
255 866 295 897 et
313 873 374 897 res
397 861 492 897 bene
512 861 744 909 procederet.
773 862 897 905 Quare
917 875 987 912 ego
1010 874 1088 898 non
1109 862 1255 910 dubito,
1286 866 1378 912 quin
1399 863 1515 916 Κρη-

72 914 186 955 τικὸν
210 918 406 965 scripserit
428 915 645 963 Diodorus,
673 917 805 954 debuit
825 918 977 967 quidem
997 925 1110 954 certe.
1152 914 1238 965 Τόζ
1223 933 1286 957 ον
1307 918 1515 971 Κρητικὸν

73 971 216 1009 Pollux
234 971 264 1010 Ι.
292 973 392 1012 149.
423 973 574 1019 laudat,
602 973 703 1010 unde
724 980 762 1010 et
781 986 828 1009 ex
848 986 936 1010 arcu
960 973 1139 1010 Bittidem
1160 974 1270 1012 domo
1297 974 1516 1013 Cretensem

75 1028 260 1079 cognosci
291 1041 401 1077 posse
430 1028 629 1078 Antipater
667 1030 744 1076 ait,
798 1026 887 1067 Ίάν
918 1030 1122 1082 Κρῆσσαν
1153 1029 1218 1078 δὲ,
1258 1028 1309 1069 τὰ
1339 1028 1440 1078 τόξα
1473 1033 1515 1069 in

75 1083 310 1134 Anthologia
329 1083 558 1134 Epigramm.
592 1084 815 1125 L.111.11.
849 1099 883 1134 Ρ.
907 1086 978 1125 31.
1019 1085 1168 1123 Mecum
1199 1088 1316 1123 sentit
1337 1088 1517 1125 eruditis-

76 1142 194 1178 simus
216 1139 257 1176 S.
277 1138 489 1178 Bochartus
512 1141 557 1177 de
576 1139 720 1177 Phoen.
742 1139 876 1179 Colon.
902 1141 929 1178 Ι.
952 1142 1021 1181 15.
1042 1155 1079 1191 p.
1102 1143 1211 1182 423.
1242 1142 1372 1180 WVESS.

190 1196 295 1235 390.
323 1197 396 1236 85.
419 1193 544 1235 ‘Dave
569 1191 624 1242 ὥς
655 1194 836 1248 ἀρχηγὸν
860 1194 988 1248 αὐτῆς
1013 1197 1080 1236 καὶ
1101 1197 1268 1250 κτίστην
1287 1197 1517 1251 τιμᾶσθαι]

72 1249 202 1288 Paene
224 1254 410 1289 eieceram
430 1252 647 1290 damnatam
665 1251 858 1290 aCoislin.
879 1252 1020 1304 etReg.
1046 1255 1233 1290 voculam.
1263 1255 1397 1292 Potest
1414 1258 1518 1293 enirn

75 1303 256 1360 ἀρχηγὸς
279 1307 472 1345 doctorem
491 1311 791 1360 magistrumque
821 1312 914 1346 artis
933 1310 1156 1358 exprimere.
1188 1309 1375 1347 Isocrates
1394 1311 1519 1349 Pana·

74 1362 180 1401 then.
216 1375 252 1412 Ρ.
275 1364 381 1404 372.
425 1361 631 1417 ἀρχηγοὺς
664 1379 731 1403 και
763 1361 963 1404 ὁιδασκά)
968 1379 1039 1408 ους
1068 1367 1292 1417 coniungit,
1331 1369 1445 1404 sicuti
1480 1373 1519 1405 et

74 1419 315 1457 Aeschines'
304 1433 346 1456 m
364 1419 558 1460 Timarch.
580 1433 615 1471 p.
636 1421 711 1461 24.
733 1422 808 1462 28.
837 1421 1045 1458 Plutarcho
1066 1435 1159 1458 vero
1184 1421 1232 1458 Τ.
1252 1421 1300 1458 11.
1324 1435 1359 1471 p.
1382 1424 1518 1463 1135.

75 1474 122 1515 B.
155 1473 334 1529 ἀρχηγὸς
352 1478 427 1528 τῆς
437 1471 676 1529 ςΕλληνικῆς
696 1478 763 1516 καὶ
782 1477 911 1528 καλῆς
930 1478 1164 1529 ΖΙῚουσικῆς,
1191 1480 1256 1526 qui
1273 1482 1416 1529 primus
1437 1482 1519 1516 eius

76 1541 279 1582 praecepta
299 1531 467 1570 Graecos
486 1533 627 1572 docuit.
658 1530 800 1570 Verum
818 1532 918 1570 nihil
936 1533 1100 1571 demuto.
1137 1534 1283 1571 Auctor
1304 1534 1520 1575 Medicinae

77 1588 231 1638 Apollo,
259 1591 367 1626 cuius
386 1588 636 1638 Aesculapius
656 1589 703 1627 ob
722 1602 784 1627 res
804 1602 827 1626 a
847 1602 887 1626 se
903 1591 1078 1626 sollerter
1100 1592 1277 1628 inventas
1298 1592 1409 1641 quasi
1427 1604 1521 1628 con-

80 1644 184 1682 ditor
208 1651 267 1681 est
287 1645 468 1684 censitus,
498 1645 616 1683 Plura
637 1645 683 1683 de
704 1659 749 1683 eo
768 1646 811 1684 L.
832 1645 894 1683 IV.
922 1647 994 1686 73.
1020 1645 1155 1683 ΙνΕεε.

194 1701 299 1741 391.
330 1702 402 1741 89.
442 1700 528 1740 Καὶ
547 1698 594 1740 τὸ
619 1697 779 1741 τούτων
804 1697 1019 1753 σύσσημον
1052 1697 1292 1754 κηρύκειον]
1323 1701 1521 1740 Describi-

76 1762 142 1795 tur
160 1769 183 1794 a
201 1755 330 1794 Schol.
353 1755 595 1807 Thucydidis
624 1757 652 1794 Ι.
679 1759 750 1797 53.
770 1760 985 1808 legatorum
1012 1756 1085 1794 hoc
1103 1765 1325 1806 perpetuum
1352 1760 1521 1810 insigne.

76 1812 192 1851 Philo
211 1812 293 1850 Iud.
313 1812 403 1865 Leg.
426 1811 505 1851 Cai.
524 1826 560 1862 Ρ
584 1815 718 1854 1006.
739 1814 784 1850 de
802 1813 997 1864 Caligula,
1027 1813 1209 1851 Mercurii
1240 1826 1440 1862 personam
1459 1818 1523 1852 in·-

78 1869 232 1916 duente,
252 1843 390 1909 πὰ7ιν
385 1865 596 1921 κηρύκειον
616 1867 718 1908 ἀνα).
725 1866 911 1920 αιιβάνει,
933 1869 1076 1921 δεῖγμα
1092 1870 1386 1936 συμβατηρίων
1398 1885 1522 1910 σπον-

78 1924 176 1966 δῶν·
197 1920 367 1976 πόλεμοι
386 1923 464 1979 γὰρ
488 1923 640 1976 ἀνοχὰς
656 1941 723 1964 και
742 1922 946 1971 ὁιαλύσεις
966 1921 1226 1975 2αμβάνουσι
1247 1924 1314 1964 ὁιᾶ
1333 1941 1522 1977 κηρυκων

79 1978 192 2036 εῗρήν
194 1996 244 2034 ην
263 1979 594 2032 καθισταμένων.
624 1981 803 2019 Manibus
823 1982 862 2019 id
878 1990 1004 2019 autem
1028 1982 1286 2030 praeferebat,
1314 1982 1414 2030 quod
1437 1995 1522 2019 ser-

79 2041 206 2076 monis
227 2044 264 2074 et
282 2038 503 2075 dialecticae
523 2045 656 2075 auctor
675 2038 911 2075 credebatur.
939 2036 1169 2075 lamblichus
1190 2046 1293 2074 certe
1305 2039 1456 2086 quidem
1476 2038 1523 2076 de

80 2095 162 2132 eius
186 2096 282 2131 artis
304 2095 502 2132 conditore
522 2095 738 2142 disserens,
766 2093 891 2131 Deum
906 2081 1026 2131 fuisse
1044 2094 1260 2141 pertendit,
1289 2106 1431 2143 quem
1419 2093 1524 2131 Mer-

81 2153 229 2188 curium
247 2151 316 2187 alii
334 2149 606 2199 perhibebant:
634 2146 691 2197 ὥς
709 2149 785 2201 μὲν
814 2149 984 2202 λέγουσί
997 2163 1125 2197 τινες,
1154 2145 1175 2189 ὅ
1199 2145 1360 2202 λόγιοςι
1368 2150 1524 2201 Ερμνς,

81 2201 104 2246 ὃ
138 2204 294 2271 φέρων
303 2220 346 2245 εν
373 2212 467 2246 ταῖν
497 2211 637 2275 χεροῖν
657 2204 705 2246 τὸ
741 2202 941 2258 σύνθημα
970 2203 1099 2257 αὐτῆς
1126 2208 1210 2244 τῶν
1240 2205 1296 2252 εἷς
1324 2201 1449 2258 ἇ2..2η’2
1454 2220 1526 2252 ους

82 2258 218 2311 ἀποβ)
223 2256 400 2302 επόντων
444 2259 707 2317 δρακόντων,
756 2262 858 2314 apud
886 2261 940 2299 Io.
981 2260 1189 2300 stobaeum
1216 2261 1247 2298 F
1248 2263 1398 2314 lorileg
1442 2261 1522 2301 Tit.

82 2316 270 2355 LXXIX.
294 2331 329 2368 p.
351 2319 459 2360 471.
488 2319 624 2357 WEss.

197 2374 303 2414 391.
331 2376 404 2415 92.
439 2372 570 2415 ‘'anv
599 2372 650 2427 δὴ
675 2373 743 2414 καὶ
768 2370 923 2414 Κοινόν
940 2368 1105 2427 Ἐρμῆν
1127 2368 1404 2425 ὠνομάσθαι]
1435 2372 1527 2412 Dici.

82 2424 314 2469 adsueverat
334 2428 487 2478 Κοινός
506 2426 671 2484 Ἓρμῆς
699 2444 786 2468 cum
809 2437 956 2480 partem
983 2431 1043 2466 rei
1059 2437 1233 2478 repertae
1255 2431 1331 2467 sibi
1350 2430 1526 2467 sindica-

81 2492 192 2533 rent,
226 2493 339 2534 atque
368 2490 410 2525 in
439 2489 643 2534 conmuni,
675 2487 927 2537 quodcunque
957 2493 1040 2523 erat
1065 2488 1187 2534 lucri,
1227 2499 1309 2523 esse
1340 2487 1526 2551 {Uberept‘

81 2541 315 2592 Hesychius,
341 2540 495 2589 Κοινός
510 2539 687 2596 Ἑρμῆς,
716 2542 916 2595 παροιμία
935 2540 999 2580 ἐπὶ
1017 2544 1100 2581 τῶν
1120 2544 1234 2595 κοινῇ
1257 2541 1296 2581 τὶ
1319 2537 1526 2594 εὑρισκόν-

83 2612 180 2638 των.
211 2598 322 2642 Quod
339 2611 461 2649 genus
482 2612 566 2637 cum
585 2599 736 2636 abunde
756 2601 990 2637 illustrarint
1015 2597 1064 2635 Is.
1084 2596 1296 2635 Casaubon.
1327 2598 1373 2634 ad
1395 2597 1525 2634 Theo-

85 2653 234 2704 phrasti
255 2653 429 2692 Charact.
451 2669 484 2692 c.
509 2656 580 2695 11.
613 2661 652 2691 et
670 2654 802 2693 Desid.
824 2653 1015 2691 Heraldus
1034 2653 1076 2691 L.
1098 2653 1148 2691 11.
1179 2654 1385 2692 Adversar.
1413 2666 1445 2690 c.
1469 2654 1526 2699 l.‚

84 2717 294 2760 praetereo.
317 2709 403 2748 Hoc
421 2712 506 2748 loco
528 2708 680 2758 Κοινὸς
697 2706 851 2763 Ἑρμῆς
878 2723 1104 2748 conmunem
1135 2711 1312 2747 omnibus
1338 2711 1527 2758 loquelam

87 2766 255 2815 indicat,
283 2773 376 2816 puto
396 2773 434 2805 et
457 2768 499 2804 in
518 2766 578 2804 his
597 2766 794 2806 Plutarchi
815 2765 863 2805 T.
877 2765 927 2806 ΙΙ.
949 2780 983 2816 p.
1008 2768 1114 2807 777.
1130 2765 1179 2805 D.
1212 2767 1285 2805 τοῦ
1307 2763 1351 2804 δὲ
1372 2779 1527 2816 προφο-
