1828 3253
272 131 330 170 72
735 120 1244 162 ANNOTATIONES

277 243 317 278 in
345 237 530 278 abolendo
574 236 806 287 ‹lelcndoque
835 250 906 275 usu
934 239 1093 286 teritur,
1145 242 1188 273 ut
1216 236 1312 273 bene
1343 234 1391 273 Is.
1419 233 1628 273 casaubon.
1658 237 1699 273 iu

276 296 414 334 Athen
434 295 495 331 lV·
514 295 588 335 27
610 307 645 343 p-
664 295 770 335 204.
826 293 943 331 Recte
963 307 1028 344 erg:²
1013 308 1053 330 o
1074 294 1120 330 de
1142 296 1270 341 pratis
1299 294 1396 339 inpii
1416 290 1555 329 Iuliani
1574 293 1700 328 consi-

275 355 338 394 liis
358 352 410 388 lo.
434 349 689 400 chrysostom.
719 351 826 388 Orat.
845 351 889 388 V
907 353 949 387 in
969 350 1049 387 Iud.
1071 363 1106 399 p.
1120 351 1222 390 (346.
1246 348 1293 385 D.
1321 347 1431 387 Ἰοιιι.
1454 348 1482 384 Ι.
1513 343 1617 398 ὁιιου
1638 347 1701 386 ἒ)-

274 408 398 455 πίζων
431 402 451 446 ὃ
483 404 674 460 μεμῃιώς
702 406 769 446 καὶ
803 403 978 457 ανόητος
1008 408 1082 445 τοῦ
1110 406 1295 457 λρισῑοῖ)
1335 419 1462 456 περιγ
1451 399 1593 457 οάᾳειν
1628 401 1702 454 τὴν

274 459 504 516 ἀπόφασιν,
535 462 608 514 τῂν
630 461 704 502 οὐκ
724 462 857 502 ἐῶσαν
877 461 926 501 ἀν
931 476 1102 513 ασῑψαι
1125 459 1196 500 τὸν
1227 458 1327 499 mov
1347 459 1507 499 ἐκεῖνον.
1565 459 1705 508 Perpe-

275 532 357 556 ram
384 532 474 557 vero
503 521 545 556 in
573 519 856 570 Agitharchide
891 518 936 556 de
965 517 1095 555 Rubro
1126 517 1224 584 lllari
1252 531 1287 567 p.
1317 519 1390 556 21.
1426 514 1523 562 τοὺς
1552 515 1596 555 δὲ
1615 514 1706 568 περὶ

272 571 472 628 “Ηγησίαν
490 590 557 614 και
579 574 629 615 τὰ
650 591 696 614 πε
701 575 739 627 92
759 573 919 614 ἐκείνων
948 570 1276 627 παραγράφεται.
1336 564 1413 609 Sed
1434 573 1579 612 desino.
1621 571 1707 608 Hoc

278 632 377 680 quod
407 645 496 681 prae
524 633 698 669 manibus
719 638 777 669 est
806 634 897 669 satis
917 631 1132 668 adfirmabit
1155 628 1348 667 Plutarch.
1368 628 1415 669 T.
1445 629 1491 666 ll.
1512 644 1546 678 p.
1572 629 1640 669 14.
1659 627 1706 665 A.

274 686 432 741 βραχέα
455 685 498 726 de*
518 687 714 741 προσθεὶς
733 685 871 733 αὐτοῖς
889 702 1003 740 περιγ
1005 683 1128 738 ράψω
1149 684 1222 732 τὰς
1242 681 1474 736 ὑποθηκας,
1498 686 1560 722 his
1572 698 1710 737 panca

278 747 314 782 si
332 746 932 796 addidere,finempraeceptis
964 747 1158 795 inponam.
1199 750 1236 779 et
1256 742 1394 779 Euseb.
1414 741 1477 779 Vl.
1496 741 1537 779 P.
1559 741 1710 792 Evaug.

283 802 351 841 10.
372 813 409 849 p.
433 801 538 841 280.
572 797 661 846 ἑνὸς
692 798 733 839 ὸ’
775 798 829 839 ἔτι
853 800 1054 852 μνησθεὶς
1076 814 1202 852 περιγ
1191 795 1313 849 οάψω
1334 796 1405 837 τὸν
1424 794 1558 850 λ”όῃομ
1578 798 1712 835 wass.

392 869 462 908 51.
489 869 559 908 18.
600 869 689 918 Τῆς
707 863 874 920 πρώτης
902 869 985 906 τῶν
1013 862 1246 919 Διοδώρου]
1279 865 1516 913 summaria,
1548 878 1643 915 quae
1665 878 1713 902 ex

279 923 435 962 coislin.
473 923 611 971 habes,
651 926 723 960 etsi
752 926 849 960 citra
879 923 1034 961 dubium
1063 923 1274 960 industriae
1303 925 1540 973 grammatici
1561 929 1714 971 accepta

279 984 358 1018 sint
374 980 544 1027 ferenda,
570 987 723 1029 propter
743 980 886 1016 codicis
907 983 988 1016 eius
1007 983 1268 1016 auctoritatem
1281 1010 1290 1026 ‚
1322 986 1436 1028 utque
1457 981 1533 1016 illis
1553 991 1714 1027 respon-

279 1037 440 1084 derent.
468 1049 561 1085 quac
581 1042 668 1072 ante
690 1039 884 1083 exscripta
910 1036 1022 1083 dedi,
1060 1036 1297 1085 excerpenda
1314 1036 1481 1072 fuerunt.
1538 1034 1714 1083 Scriptor-

278 1094 358 1141 ipse
376 1093 488 1130 huius
518 1093 608 1130 libri
636 1095 759 1141 capita
785 1094 917 1130 multis
945 1093 1116 1141 partibus
1140 1093 1318 1129 breviora
1339 1094 1509 1143 signavit
1527 1093 1713 1141 principio

277 1148 321 1188 L.
344 1148 393 1188 ΙΙ.
419 1148 553 1187 WEss.

393 1216 464 1256 52.
493 1216 565 1255 34
606 1213 671 1254 Τὰ
700 1229 844 1267 συνεχη
877 1213 1063 1267 διέξιμεν]
1104 1215 1243 1253 Futuri
1272 1215 1552 1267 significatione
1582 1221 1620 1251 et
1643 1229 1716 1253 usu

281 1274 373 1310 satis
402 1271 474 1309 hoc
502 1273 705 1320 frequens;
743 1285 832 1309 nam
856 1278 894 1308 et
922 1285 1035 1320 supra
1065 1285 1096 1308 c.
1127 1273 1168 1311 9.
1207 1287 1253 1310 πε
1259 1271 1296 1325 92
1318 1287 1491 1325 πρωτων
1513 1273 1596 1311 τῶν
1612 1273 1717 1323 βαρ-

278 1324 421 1381 βάρων
452 1327 635 1379 διέξιμεν.
677 1334 715 1365 et
743 1327 902 1368 111.76
931 1325 1069 1379 ὸιοπερ
1102 1327 1168 1366 δέ(
1147 1333 1247 1378 ξω(
1241 1344 1273 1366 -ν
1304 1327 1345 1366 ἐν
1378 1326 1615 1380 xesfvſtrm'mg
1645 1334 1718 1364 etc.

279 1385 412 1432 Neque
434 1383 505 1420 hoc
534 1391 701 1431 tantum,
739 1384 805 1420 sed
834 1392 871 1421 et
890 1387 967 1435 εἰμι
989 1388 1028 1421 in
1050 1364 1220 1433 Euripid.
1253 1383 1366 1421 Rbes.
1389 1385 1495 1424 450.
1523 1390 1561 1420 et
1581 1381 1718 1436 ἄπειμι

281 1443 323 1478 in
343 1440 545 1488 Aristopha
549 1454 586 1478 n.
626 1440 740 1477 Pluto
764 1442 834 1480 70.
865 1454 951 1477 cum
969 1440 1126 1478 Kusteri
1147 1447 1246 1479 nota.
1275 1441 1326 1478 VJ
1330 1452 1409 1476 ESS.

398 1498 468 1536 52.
496 1497 570 1537 42.
606 1494 716 1546 Τοὺς
745 1494 922 1543 καυλους
960 1496 1027 1536 καὶ
1058 1494 1132 1543 τὰς
1171 1494 1298 1551 ρι’ζας]
1339 1496 1448 1534 Conf.
1473 1507 1586 1544 supra
1616 1509 1648 1533 c.
1672 1496 1715 1535 9.

283 1559 321 1590 et
344 1555 414 1594 10.
442 1553 577 1593 WEss.

398 1621 469 1663 52.
491 1622 565 1662 43
595 1619 677 1660 Καὶ
697 1616 878 1673 μάλιστα
901 1634 1069 1674 προσενε
1064 1618 1276 1674 '2¹Aa63az]
1307 1619 1358 1656 Et
1376 1623 1576 1669 praecipue
1597 1635 1721 1659 come-

287 1677 408 1726 disse,
446 1684 489 1715 ut
519 1691 550 1714 c.
577 1680 615 1717 8.
665 1677 731 1716 καὶ
769 1691 926 1730 προσφι
922 1676 973 1730 -ἐρ
959 1680 1080 1716 σθαι
1115 1679 1189 1728 τῆς
1218 1672 1398 1727 Γίοτάιης
1427 1692 1502 1729 την
1522 1692 1720 1746 προσπνε-

288 1729 452 1785 στάτην.
479 1733 673 1771 Plutarch.
693 1733 756 1770 VI.
777 1732 954 1784 Sympos.
981 1735 1051 1773 10
1086 1747 1121 1782 p.
1145 1734 1248 1772 684.
1268 1732 1311 1770 F.
1340 1729 1444 1772 ὥστε
1465 1731 1622 1773 καὶτὸν
1644 1730 1720 1787 ἄρ-

287 1803 358 1828 τον
380 1787 533 1829 322ma70v
553 1787 879 1843 προσᾳέρεσθηαι
910 1790 998 1829 Vid.
1023 1790 1124 1828 infra
1152 1788 1217 1826 ΙΙΙ.
1243 1792 1311 1829 18.
1338 1788 1385 1828 V
1409 1791 1448 1828 3.
1475 1789 1608 1827 ἺΨΕεε.

403 1858 473 1896 52.
494 1858 568 1897 44.
594 1854 839 1910 Ἄγρωστιν]
881 1856 978 1894 Puto
1015 1871 1098 1894 eam
1117 1852 1318 1909 ἄγρωστιν
1345 1858 1583 1907 intelligere,
1612 1870 1722 1906 quam

290 1908 490 1964 ἐδώδιμον
527 1915 697 1960 cedulam,
739 1921 777 1950 et
808 1915 915 1950 cuius
941 1913 1130 1959 radicem,
1182 1913 1269 1949 dum
1297 1915 1423 1949 mollis
1455 1921 1532 1962 est,
1574 1914 1723 1951 dulcem

289 1969 490 2006 admodum
509 1970 680 2018 pelhibet
700 1969 931 2009 GalenusV.
955 1969 1074 2019 Simp.
1098 1968 1234 2006 Medic.
1257 1968 1404 2008 Facult.
1427 1982 1461 2018 p.
1485 1972 1556 2010 71.
1576 1978 1614 2007 et
1635 1977 1725 2006 ante

291 2038 376 2062 eum
408 2024 690 2075 Theophrastus
720 2025 783 2063 Vl.
811 2023 920 2063 Caus.
955 2025 1078 2063 Plant.
1106 2027 1173 2065 16.
1230 2024 1377 2062 Forsan
1405 2033 1442 2062 et
1461 2029 1644 2063 iniustum
1667 2032 1728 2064 est

293 2081 495 2118 discrimen
520 2085 620 2120 inter
643 2078 747 2121 πόαν
768 2088 806 2118 et
827 2078 1027 2135 ἄγρωστιν
1041 2110 1053 2130 ,
1078 2095 1151 2131 quo
1173 2083 1240 2119 illa
1261 2082 1567 2130 quadrupedibus
1587 2090 1624 2119 et
1642 2083 1724 2119 foe-

293 2138 436 2175 nisecio
465 2139 713 2186 relinquitur:
754 2137 846 2175 haec
876 2151 1033 2189 gramen
1061 2138 1248 2174 medicum
1279 2152 1360 2175 esse
1392 2139 1608 2175 decernitur
1627 2138 1724 2176 alo.

294 2191 444 2229 Bodaeo
466 2207 488 2230 a
512 2192 641 2244 Stapel
661 2197 701 2231 in
723 2192 978 2242 Theophrasti
1002 2194 1028 2232 Ι.
1048 2193 1097 2230 Η.
1118 2194 1243 2231 Plant.
1269 2197 1339 2234 10.
1378 2194 1570 2232 Diodorus
1591 2201 1628 2231 et
1650 2194 1725 2243 hic,

297 2254 335 2284 et
375 2247 440 2285 ΙΙΙ.
467 2250 540 2288 43.
580 2247 780 2301 ἶὶ;.’(](ι)στιν
823 2252 904 2288 sive
940 2264 1105 2301 gramen
1144 2250 1330 2299 pecudum
1358 2254 1525 2300 pastioni
1552 2253 1724 2302 largitur.

296 2303 426 2352 Addo
458 2318 534 2341 non
554 2306 656 2342 aliud
677 2304 747 2343 hoc
779 2307 905 2344 videri
944 2314 1055 2356 atque
1082 2304 1168 2356 Ἀχὶ
1203 2307 1314 2354 flesti,
1341 2308 1441 2356 quod
1460 2309 1542 2344 esui
1562 2307 1726 2344 homini-

298 2361 367 2397 bus
386 2361 665 2410 pecudibusque
696 2365 735 2398 in
757 2363 932 2414 Aegypto
954 2370 1056 2410 erat,
1093 2364 1139 2399 ab
1166 2362 1438 2401 Alexandrinis
1456 2364 1726 2412 interpretibus

300 2415 438 2452 Genes.
459 2415 563 2452 XLI.
588 2419 613 2445 ⁵)
661 2418 766 2458 Esai.
797 2418 911 2457 XIX.
934 2422 973 2459 7.
1006 2426 1119 2468 atque
1147 2420 1239 2456 alibi
1269 2419 1490 2458 adhibitum.
1517 2420 1650 2459 VVESS.

411 2483 480 2522 52.
507 2484 578 2523 50.
621 2486 682 2538 Τῆ
713 2485 815 2538 χειρὶ
844 2482 997 2538 ταύτης
1025 2482 1339 2537 λαμβάνοντας]
1379 2487 1537 2524 Videtur
1557 2499 1639 2524 mos
1662 2487 1728 2523 ille

299 2551 528 2587 perennasse
558 2553 606 2576 ex
635 2544 756 2578 veteri
785 2544 981 2589 instituto,
1019 2554 1092 2591 quo
1123 2542 1302 2592 Aegyptii
1337 2556 1407 2579 nec
1446 2542 1622 2593 myrrha,
1656 2555 1728 2579 nec

301 2596 402 2632 casia
444 2607 564 2643 neque
602 2595 711 2633 thure
742 2610 849 2634 sacra
877 2599 1094 2645 faciebant,
1133 2599 1199 2636 sed
1238 2599 1352 2636 herba
1390 2601 1561 2646 virente,
1605 2599 1727 2636 veluti

298 2650 488 2699 quandam
532 2658 689 2689 naturae
724 2654 863 2690 fertilis
902 2655 1124 2706 lanuginem
1160 2656 1334 2692 manibus
1378 2657 1575 2704 conplexi,
1620 2650 1726 2692 ἀλλὰ

291 2701 444 2772 χλόης,
484 2710 571 2746 οἱον
604 2722 636 2746 ει
671 2722 762 2747 τινα
802 2723 878 2759 της
907 2710 1076 2761 γονίμου
1106 2706 1269 2764 φύσεως
1299 2712 1427 2761 χνοῦν
1465 2715 1555 2757 ταῖς
1585 2708 1726 2760 χερσὶν

299 2757 515 2813 ἀράμενοι,
551 2762 787 2814 Porphyrius
813 2764 862 2801 ΙΙ.
888 2765 1039 2804 Abstin.
1073 2767 1112 2806 5.
1146 2765 1339 2803 verbenas
1362 2766 1587 2814 herbamque
1615 2764 1727 2802 Sabi-
