1828 3253
235 96 325 140 518
693 93 1213 136 ANNOTATlONE‘S

238 221 326 247 men
347 207 495 247 invidia
511 208 588 246 viri
606 208 730 246 famae
750 214 794 246 ut
819 213 998 254 noceret,
1028 213 1180 246 tantum
1198 208 1362 260 aberat,
1377 213 1420 245 ut
1439 208 1582 245 maiore
1603 205 1680 257 Sy-

239 266 384 305 racusis
413 266 455 300 in
486 263 630 305 honore
660 271 770 302 esset.
817 264 914 301 Nam
939 276 1024 299 cum
1044 277 1247 314 progressu
1268 266 1450 313 temporis
1470 266 1511 300 in
1536 276 1682 300 summa

240 322 297 360 rei
318 322 558 367 pecuniariae
581 323 738 369 penuria
760 327 888 356 essent
907 319 1164 368 Syracusani,
1203 327 1240 356 et
1272 323 1373 368 ipsas
1403 321 1443 356 in
1473 319 1562 356 belli
1589 331 1682 355 usus

243 383 388 413 statuas
408 376 699 421 venundarent,
742 376 900 412 Gelonis
930 381 1096 413 statuam
1119 376 1305 414 illibatam
1331 382 1573 421 servarunt,.
1597 387 1683 410 eum

242 433 357 471 etiam
389 438 475 480 post
503 432 582 468 fata
613 433 850 469 celebrantes
881 432 927 467 ob
958 439 1104 479 partam
1128 431 1176 468 ad
1196 432 1392 469 Himeram
1415 431 1461 467 de
1480 429 1684 481 Carthagi-

243 487 444 524 niensibus
473 489 699 537 victoriam,
747 494 844 525 teste
876 486 1019 527 Athani
1050 489 1091 525 in
1118 486 1220 525 Plut.
1258 487 1398 527 Timol.
1432 501 1468 538 p.
1499 487 1607 528 247.
1637 485 1669 522 E

243 543 382 585 WEsS.

357 598 465 639 434.
495 599 569 639 41.
604 598 779 641 Δίκαιον
799 595 877 651 γὰρ
900 595 989 650 ἅμα
1020 598 1088 638 καὶ
1114 597 1324 653 συμφέρον
1346 597 1448 651 etc.]
1481 597 1602 648 Saepe
1624 611 1686 635 re-

244 657 342 706 petit
359 653 476 700 haec,
514 667 635 702 neque
662 657 825 693 iniuria:
865 655 957 692 haec
987 658 1087 692 enim
1115 658 1217 695 inter
1249 656 1430 694 historiae
1464 657 1687 704 praecipuas

246 712 366 753 dotes.
393 711 489 748 Vide
512 710 555 749 L.
580 711 684 749 XIV.
711 713 747 750 l.
768 710 856 747 XV.
882 713 921 751 l.
953 711 1086 748 wass.

357 767 464 808 434.
501 767 576 806 46.
623 765 761 805 Γέλων
792 765 866 816 μὲν
897 760 969 806 οὖν
1004 763 1177 818 ἑπταετῆ
1210 762 1364 818 χρόνον
1396 763 1688 818 ἐβασίλευσεν]

248 822 374 861 Gelon
399 821 603 872 Syracusis
633 823 880 872 tyrannidem
910 824 1076 860 obtinuit
1103 835 1205 861 anno
1226 822 1379 872 Olymp.
1400 833 1529 860 Lxxn.
1553 835 1689 860 secun-

248 880 311 927 (Ὶο,
332 893 416 918 cum
436 878 598 914 Athenis
619 878 763 915 archon
785 886 884 915 esset
903 878 1140 931 Hybrilides,
1160 880 1218 915 uti
1238 878 1451 928 Dionysius
1472 878 1563 914 Ant.
1582 877 1689 915 Rom.

247 935 291 973 L.
313 934 395 973 Vll.
419 938 540 983 princ.
567 941 604 970 et
625 934 790 973 Pausan.
814 934 855 972 L.
877 935 942 973 Vl.
969 937 1009 974 9.
1033 935 1297 984 prodiderunt.
1350 934 1382 971 A
1405 948 1479 986 quo
1502 935 1691 984 principio

249 991 296 1028 ad
318 990 470 1040 Olymp.
494 1000 620 1027 Lxxv,
641 1003 785 1027 anxium
808 994 961 1028 tertium
990 992 1073 1040 plus
1096 998 1239 1039 septem
1259 992 1394 1037 annis,
1429 1003 1523 1038 quos
1544 988 1692 1026 Diodo-

248 1060 315 1086 rus
338 1048 395 1086 illi
416 1047 566 1093 tribuit,
595 1045 837 1086 effluxerunt.
879 1046 981 1084 Hinc
1003 1049 1143 1095 passim
1164 1048 1238 1085 viri
1261 1047 1363 1084 docti
1387 1054 1520 1085 contra
1542 1056 1599 1083 vn
1621 1045 1691 1082 hos

248 1115 371 1141 annos
400 1104 629 1153 insurgunt,
659 1105 817 1154 quisque
847 1116 894 1141 ex
926 1106 1105 1154 opinione
1138 1116 1206 1140 sua
1234 1116 1298 1141 eos
1329 1110 1524 1153 augentes.
1570 1102 1693 1140 lllust.

251 1158 427 1208 Scaliger
456 1161 496 1197 in
525 1158 665 1196 Euseb.
697 1157 836 1196 Chron.
868 1159 982 1196 Num.
1010 1158 1225 1197 MDXXX.
1251 1161 1332 1195 sine
1353 1159 1467 1196 dubio
1490 1158 1694 1208 legendum

251 1217 306 1253 ait
329 1211 398 1262 ιζ’,
424 1215 451 1253 i.
471 1228 502 1251 e.
522 1224 614 1251 xvn
638 1227 774 1255 annos.
802 1214 1032 1261 Simsonius,
1049 1222 1200 1253 secutus
1222 1213 1432 1262 Capellum,
1453 1225 1560 1252 xvii!
1583 1227 1692 1264 prae-

250 1271 328 1311 fert
349 1269 489 1309 chron.
512 1270 555 1308 A.
576 1269 629 1307 M.
649 1272 785 1310 3529.
808 1271 892 1323 Ego
914 1285 1006 1309 vero
1029 1274 1126 1308 seire
1149 1270 1394 1309 vehementer
1412 1273 1562 1317 vellem,
1591 1270 1692 1309 unde

252 1326 377 1364 edocti
398 1328 478 1362 sint
494 1327 570 1364 viri
593 1329 737 1380 egregii
757 1327 1279 1376 principium‚dominationis
1300 1327 1472 1374 Gelonis,
1488 1340 1510 1363 a
1530 1339 1604 1375 quo
1625 1339 1693 1363 an-

251 1395 323 1420 nos
346 1380 537 1420 Diodorus
558 1385 726 1423 metitur.
760 1382 815 1429 ld,
833 1390 1013 1432 quantum
1028 1383 1181 1434 quidem
1195 1384 1338 1420 rescire
1362 1385 1482 1434 potui,
1507 1396 1695 1432 nusquam

253 1440 421 1489 adparet.
450 1438 528 1476 lam
548 1452 640 1476 vero
661 1441 849 1477 variatum
868 1440 988 1476 fuisse
1010 1440 1211 1475 sententiis
1231 1438 1276 1474 de
1298 1439 1517 1488 tyrannidis
1535 1438 1696 1477 Gelonis

256 1501 294 1531 et
312 1493 495 1533 Hieronis
514 1497 626 1533 initio
649 1501 752 1530 certa
773 1508 834 1531 res
855 1502 922 1532 est.
951 1494 1120 1533 Marmor
1140 1495 1442 1533 Arundelianum
1464 1494 1606 1545 Epoch.
1621 1495 1692 1534 521.

253 1549 447 1587 Archonte
470 1550 630 1589 Athenis
652 1549 913 1599 Timosthene,
943 1554 1024 1588 sive
1050 1551 1203 1601 Olymp.
1229 1561 1356 1590 LXXV.
1382 1564 1483 1588 anno
1503 1553 1614 1587 tertio
1637 1558 1698 1601 ty-

254 1606 456 1644 rannidem
479 1619 680 1654 occupasse
705 1606 889 1644 Gelonem
911 1610 985 1654 ait,
1019 1610 1321 1658 suecessisseque
1351 1614 1439 1656 post
1459 1615 1616 1644 exactos
1638 1617 1698 1644 vn

257 1662 528 1699 dominationis
550 1675 670 1699 annos
692 1662 914 1710 Hieronem,
943 1677 1029 1702 cum
1045 1662 1186 1702 Chares
1206 1663 1305 1715 apud
1320 1662 1571 1701 Athenienses
1596 1677 1699 1700 sum-

255 1732 358 1757 mum
381 1721 646 1769 magistratum
666 1719 974 1766 administraret,
1008 1719 1197 1771 distatque
1227 1719 1320 1756 adeo
1342 1733 1364 1756 a
1384 1719 1519 1757 Nostri
1542 1721 1699 1759 calculis

258 1776 451 1822 septennii
471 1777 607 1825 spatio,
629 1786 853 1824 quamquam
874 1789 1029 1822 erranS,
1061 1778 1173 1815 sicuti
1194 1788 1241 1811 ex
1263 1775 1459 1814 Herodoto
1484 1775 1566 1813 Vll.
1595 1777 1698 1815 155.

257 1831 405 1878 liquido
439 1837 600 1867 constat.
642 1830 813 1881 Longius
843 1833 921 1868 abit
949 1831 1080 1871 Schol.
1115 1832 1275 1869 Pindari
1303 1832 1351 1868 ad
1372 1831 1556 1881 Pythion.
1578 1832 1649 1868 Od.
1671 1831 1701 1871 Ι.

257 1889 380 1934 princ.
404 1886 609 1924 Hieronem
630 1887 764 1924 adfirm
768 1901 836 1923 ans
858 1887 1062 1938 Syracusis
1082 1890 1339 1936 principatum
1366 1888 1576 1924 obtinuisse
1594 1885 1700 1938 μετὰ

255 1957 333 1992 την
354 1945 427 1980 τοῦ
452 1941 527 1981 Γέ)
533 1957 637 1988 ωπος
665 1945 738 1981 τοῦ
762 1941 832 1981 ἅδε
817 1945 943 1997 ciffos)
965 1942 1155 1996 τελευτὴν
1180 1946 1229 1997 τῆ
1260 1941 1306 1995 ὅ)
1310 1943 1514 1996 δοηκοστῆ
1539 1941 1702 2001 πέμπτη

254 1995 351 2036 η,πθὶπ
353 1995 498 2047 ameide
512 2026 522 2045 ,
550 2000 582 2034 si
603 2007 730 2036 tamen
750 2002 833 2036 sani
867 2001 927 2037 illi
947 2003 1096 2037 numeri
1117 2006 1227 2045 sunt,
1249 2000 1295 2036 de
1315 2011 1389 2047 quo
1411 1999 1554 2036 dubito.
1595 1986 1702 2038 Scri-

257 2056 380 2103 pseris
412 2057 504 2107 τῆ
493 2051 779 2109 ξθὸοιιηκοστῆ
806 2071 848 2093 π
838 2071 989 2109 gin-cy,
1018 2063 1055 2092 et
1085 2056 1225 2092 Nostro
1256 2058 1487 2092 consentiet.
1519 2069 1640 2105 neque
1662 2054 1710 2094 id'

259 2117 385 2147 tamen
409 2111 535 2149 facere
555 2113 749 2157 sustineo
777 2115 956 2160 quoniam
976 2117 1017 2149 in
1031 2111 1161 2148 Schol.
1184 2111 1231 2148 ad
1246 2111 1320 2150 Od.
1341 2111 1406 2148 111.
1438 2112 1578 2148 diserte
1600 2126 1705 2150 asse-

259 2173 437 2213 vcratur,
474 2165 682 2204 Hieronem
713 2166 867 2217 Olymp.
889 2178 1032 2205 Lxxvl.
1062 2167 1265 2218 Syracusis
1296 2181 1456 2218 regnum
1487 2182 1703 2218 occupasse.

261 2220 305 2259 In
326 2233 399 2270 quo
419 2225 694 2259 sententiarum
717 2223 883 2261 divortio
911 2225 1037 2272 potuit
1055 2227 1186 2272 utique
1209 2223 1404 2260 Diodorus
1431 2226 1527 2261 alios
1549 2226 1704 2275 eligere,

262 2289 356 2325 quos
378 2277 492 2314 duces
514 2286 746 2327 sequeretur·
787 2279 875 2319 Non
896 2294 978 2317 esse
1009 2287 1133 2319 autem
1154 2290 1212 2315 Vll
1236 2293 1444 2326 annorum,
1472 2281 1608 2330 quibus
1627 2281 1704 2318 Ge-

260 2334 326 2371 lon
353 2336 547 2383 regnarit,
592 2335 837 2373 inmutandos
874 2349 1052 2374 numeros
1101 2336 1351 2383 Aristoteles,
1395 2338 1468 2373 etsi
1500 2339 1541 2373 in
1572 2340 1704 2386 paucis

264 2389 509 2436 dissentiens,
539 2391 749 2427 clarissime
771 2392 882 2429 docet
906 2393 950 2430 L.
967 2393 1012 2430 V.
1038 2392 1151 2429 Polit.
1171 2406 1204 2431 c.
1231 2394 1302 2432 12.
1325 2393 1391 2429 ubi
1411 2392 1456 2428 de
1479 2393 1638 2430 Gelonis
1667 2400 1705 2430 et

263 2444 447 2483 Hieronis
474 2446 653 2493 imperio:
687 2444 755 2498 ἔτη
790 2445 830 2485 ‹3'
869 2447 955 2488 mic)
989 2445 1117 2499 αὐτη,
1151 2450 1300 2496 inquit,
1336 2446 1468 2487 nome}
1501 2448 1706 2518 ὁιέμεένει,

264 2498 369 2539 ἀλ)ὰ
399 2498 449 2542 τὰ
486 2498 706 2552 σύμπαντα
738 2502 851 2542 δυοῖν
882 2503 1027 2543 δέοντα
1061 2502 1199 2543 εἰκοσι.
1244 2503 1382 2543 Γὲὶων
1406 2504 1478 2554 μὲι
1503 2502 1615 2557 γὰρ
1603 2502 1704 2544 ἑπτὰ

263 2553 546 2608 τυραννήσας,
579 2560 637 2597 τῶ
669 2555 802 2614 dyddw
833 2557 906 2599 τὸ)
937 2559 1030 2611 βίον
1065 2556 1308 2611 ἐτελεύτησε·
1348 2558 1445 2599 δέκα
1478 2559 1530 2601 ‹i’
1557 2558 1705 2614 15:¹sz-

269 2609 567 2663 Θοασυβοιῑος
593 2599 638 2651 de*
670 2617 728 2654 τῶ
758 2600 960 2671 ἑιὸεκάτῳ
993 2615 1093 2667 μηιὶ
1122 2614 1317 2663 ἐξέπεσεν.
1378 2615 1485 2654 Dicit
1512 2620 1613 2655 enim
1657 2629 1706 2653 ne

265 2668 416 2717 quidem
454 2669 721 2720 duodeviginti
748 2684 868 2710 annos
906 2685 1035 2711 eorum
1074 2672 1319 2722 tyrannidem
1352 2675 1582 2711 excessisse:
1618 2685 1707 2711 nam

266 2723 450 2763 Gelonem
470 2727 617 2762 exactis
648 2736 704 2764 vn
734 2728 952 2777 tyrannidis
979 2729 1116 2776 annis,
1149 2735 1285 2768 octavo
1308 2727 1536 2768 decessisse:
1568 2726 1707 2768 Hiero..
