1828 3253
398 242 464 283 IN
492 241 606 282 LIB.
630 241 766 282 XIII.
795 241 923 283 CAP.
959 247 1028 287 18.
1055 248 1193 289 --2l.
1418 253 1509 293 643

61 357 308 429 Thucydides
327 355 372 397 L.
392 356 475 394 VH.
501 357 573 397 87.
593 363 631 393 et
649 356 749 394 Plut.
767 355 854 394 Nic.
872 370 909 407 p.
934 356 1039 398 542.
1079 360 1121 396 in
1153 361 1329 399 latomias
1352 362 1506 414 depres-

61 418 114 452 sis
134 415 189 460 εῗς
214 409 370 466 ἡμέραν
398 408 573 462 ἑκάστην
593 408 642 450 δι’·
637 428 666 452 ο
695 410 872 459 κοτύλας
891 415 1049 466 κριθῶν
1070 417 1151 452 sive
1182 416 1296 457 σίτου
1320 432 1507 469 expensas

60 472 251 509 referunt:
275 483 433 520 quarum
454 470 627 519 singulae
649 482 733 505 cum
753 472 902 506 tertiam
925 469 1117 507 choenicis
1131 481 1274 520 partem
1292 479 1503 526 aequarint,

60 527 214 564 ιὶάοῐιιι·
235 529 381 575 parcior
411 525 502 561 hacc
532 538 711 561 mensuri
733 529 852 562 atroci
874 524 1020 563 Dioclis
1050 531 1261 566 sentcntiae
1295 544 1505 583 congruere

62 590 99 619 et
123 582 321 619 choenices
340 580 501 618 Diodori
522 583 737 628 suspicione
759 582 917 630 quadam
940 585 1109 619 maculae
1127 576 1363 650 adspergere.
1367 562 1505 626 oCete-

59 651 144 676 rum
165 640 391 686 asperrimae
414 640 625 673 sententiae
644 644 776 674 auctor
799 636 1006 675 Plutarcho
1026 637 1218 693 Εὐρυκ7
1181 656 1263 693 ης,
1295 655 1426 694 prave
1461 653 1505 683 ut

60 695 248 740 arbitror,
276 693 425 730 dicitur.
455 688 588 729 WVESS.

179 751 280 789 556.
311 750 380 789 14·
404 743 455 775 ‘0
415 747 478 794 Ως
495 743 661 787 κάλλιόν
684 746 767 788 ἔστι
788 764 862 788 του
885 750 1028 804 νικῆν]
1068 751 1202 789 Paullo
1221 754 1361 791 aliter'
1351 769 1390 792 m
1412 757 1504 794 Plu-

60 805 181 843 tarehi
202 805 286 842 Nic.
307 819 342 873 p.
370 805 472 843 540.
465 831 489 851 .‚
521 804 650 841 eadem
669 811 797 842 tamen
818 809 1027 853 sententia,
1059 804 1120 846 ὅτι
1140 810 1214 846 τοῦ
1236 812 1351 848 ιικᾶν
1370 818 1505 864 κρεῖτ-

59 858 132 901 τόν
160 861 244 900 ἐστι
275 859 322 899 τὸ
353 862 490 906 καλῶς
510 862 700 928 χρῆσέῗαι
723 863 773 914 τῇ
796 861 898 915 νίκῃ.
953 862 1125 913 Namque
1153 867 1186 901 is
1219 852 1369 904 demum
1401 876 1504 906 recte

59 919 225 955 victoria
252 919 398 961 utitur,
426 920 490 966 qui
519 930 601 954 eam
622 914 897 971 ἀνθρωπίνως
926 916 1012 971 ἒιε)
1013 923 1094 958 κεῖν
1124 919 1269 958 didicit.
1310 922 1342 960 V
1347 924 1395 960 id
1424 933 1505 962 not.

58 977 101 1011 in
121 973 165 1013 L.
188 973 216 1010 Ι.
240 974 314 1012 60.
342 972 476 1011 VVEss.

175 1031 278 1069 557.
301 1029 374 1068 31.
404 1024 655 1080 Ηγούιιενος
686 1024 785 1067 εἶναι
807 1027 1161 1082 δυστυχέστατος]
1201 1030 1311 1071 Conf.
1333 1034 1411 1073 Cel.
1432 1036 1509 1076 Iac.

70 1084 242 1123 Gronox
221 1099 310 1122 rum
333 1085 381 1121 ad
402 1085 537 1134 Polyb.
557 1085 598 1122 L
622 1085 666 1122 V.
692 1087 794 1125 100.
819 1086 952 1123 Wnss.

179 1143 281 1181 557.
307 1142 382 1180 44.
433 1135 615 1187 Εἰκότως
641 1137 690 1179 ἂν
715 1163 762 1169 —-
785 1145 937 1194 πικρῶς
966 1138 1016 1180 ἂν
1047 1158 1098 1181 αι
1102 1158 1186 1189 τοις
1207 1151 1278 1182 etc.
1289 1143 1306 1197 ]
1350 1147 1508 1187 Nemini

61 1200 222 1236 molesta
242 1201 291 1234 sit
309 1195 531 1246 particula
516 1213 564 1235 αι
588 1197 717 1234 eadem
737 1201 777 1234 in
799 1199 954 1247 periodo
974 1203 1145 1248 repetita
1177 1200 1207 1236 Ι
1211 1204 1240 1237 it
1262 1205 1361 1240 enim
1383 1217 1505 1255 saepe.

61 1253 160 1292 Vide
187 1254 260 1292 los.
286 1252 443 1292 Barnes
477 1253 525 1290 ad
553 1253 750 1300 Euripidis
777 1253 918 1294 Helen.
951 1268 988 1291 v.
1011 1257 1116 1295 954.
1148 1263 1186 1293 et
1217 1256 1258 1293 L.
1278 1257 1432 1298 Kuster.
1463 1263 1508 1300 in

60 1309 309 1359 Aristophan.
334 1308 433 1345 Nub.
454 1322 493 1347 v.
520 1310 624 1349 838.
659 1309 709 1346 Vv'
715 1320 793 1346 Ess.

175 1366 280 1405 557.
310 1366 380 1405 56
413 1363 498 1403 Καὶ
516 1362 592 1416 τήν
613 1362 743 1417 αὐτην
764 1360 989 1418 υπεροχῆν]
1009 1366 1111 1418 Lego
1131 1383 1207 1420 την
1229 1364 1366 1410 αὖτιῦιν
1384 1367 1508 1428 ὓπερ.

61 1417 162 1474 οχήν
185 1429 256 1458 etc.
286 1420 439 1458 STEPH.

177 1478 280 1517 557.
312 1478 384 1517 58.
430 1470 581 1529 ῙΙἸῦρια
604 1473 685 1528 μὲν
716 1472 939 1530 εἰληφότας
970 1475 1013 1517 ἐκ
1041 1475 1188 1531 Δήλου
1208 1488 1278 1517 etc.
1290 1478 1308 1531 ]
1350 1481 1436 1520 vid.
1460 1483 1505 1525 L.

62 1534 153 1573 X11.
174 1535 248 1574 38.
274 1533 409 1571 Wnss.

179 1591 282 1630 557.
307 1590 398 1630 63.
423 1583 519 1628 Οἷῗί
545 1584 617 1626 ἀι
588 1602 648 1640 ηρ
667 1585 808 1635 οὖθεις
829 1586 1063 1641 ἔπανῆὶθεπ
1074 1589 1092 1643 ]
1123 1590 1318 1629 Damnant
1335 1593 1508 1645 Phrjni-

65 1646 158 1683 chus
179 1645 436 1697 Magisterque
465 1643 632 1680 'Ihomas
654 1657 787 1681 vocem
817 1642 979 1692 οὐθεὶς,
1008 1648 1196 1697 longeque
1225 1649 1270 1685 ab
1292 1649 1508 1691 Atticorum

66 1705 268 1753 elegantiis
286 1703 477 1751 relegant:
507 1700 545 1736 id
567 1702 647 1748 pati
668 1713 832 1748 possum.
879 1701 1042 1748 Noster,
1073 1706 1137 1752 qui
1159 1718 1221 1740 eas
1242 1707 1282 1742 in
1302 1707 1351 1741 lc
1339 1719 1405 1756 ges
1428 1721 1522 1748 non,

63 1761 221 1805 iuravit,
240 1764 398 1806 usurpat
413 1758 573 1805 saepius,
601 1756 694 1792 Mox
713 1752 889 1808 μηθὲν
869 1756 970 1809 νπὲρ
992 1755 1040 1795 υἷι
1046 1760 1218 1809 99107101
1212 1767 1299 1797 etc.
1316 1768 1354 1797 et
1369 1777 1418 1801 ov
1403 1760 1507 1811 '9119

63 1811 142 1868 γάρ
159 1813 278 1853 ἔστιν.
298 1814 415 1851 Plura
430 1813 587 1862 collegit
601 1813 991 1862 praestantissimusl.
1003 1813 1065 1852 F.r
1073 1793 1204 1852 Reitz.
1214 1817 1255 1852 in
1266 1816 1423 1855 Lucian.
1435 1819 1526 1860 Pa·-⁷

64 1874 172 1909 rasit.
186 1884 217 1907 c.
232 1871 273 1910 3
298 1869 376 1906 Iam
395 1868 502 1919 unde*
524 1865 596 1907 τὸν
618 1867 734 1920 1277'5)
740 1871 865 1907 οὗντα
885 1870 1198 1922 715917c1q³9r2a1
1211 1874 1392 1910 sollemne
1414 1878 1512 1914 scri-

65 1928 239 1976 ptoribus
250 1932 308 1963 est
325 1926 370 1962 de
382 1937 518 1975 magna
537 1925 654 1961 clade.
676 1924 864 1973 Exempla
883 1921 1090 1963 locutionis
1109 1929 1206 1964 alias
1228 1929 1316 1965 dare
1338 1933 1511 1980 memini,

67 1996 171 2032 quae
190 1995 238 2019 ex
257 1981 428 2019 Diodoro
448 1988 486 2017 et
504 1982 602 2017 aliis
613 1983 653 2017 in
683 1983 872 2018 cumulum
898 1988 1080 2031 congesta
1102 1985 1135 2019 si
1153 1987 1347 2033 requiras,
1377 1989 1528 2025 confer*

66 2039 470 2078 viroseeruditissimos
481 2036 727 2075 Gebhardum
748 2044 788 2074 et
806 2035 1227 2077 Drakenborchiumssin
1256 2040 1360 2079 Livii
1379 2042 1422 2080 L.
1442 2044 1509 2084 lv.

70 2098 141 2137 10.
183 2095 235 2132 W
239 2105 323 2133 Ess.

182 2153 286 2191 557.
324 2145 591 2199 68-34779811
613 2142 714 2198 ὑπὲρ
738 2143 962 2196 ἄνθρωπον
985 2144 1190 2202 πράξητε]
1222 2150 1334 2189 Amat
1351 2152 1427 2219 hocc
1445 2167 1528 2206 ge-

67 2221 141 2245 nus
161 2214 292 2244 auctor
311 2208 352 2243 in
381 2205 494 2242 rebus
512 2205 740 2240 truculentis
768 2211 881 2251 atque
902 2204 1132 2243 inhumanis.
1172 2208 1375 2260 Τιμωριάι
1408 2206 1511 2264 ὑπὲρ

70 2262 293 2315 ἅνθρωποι»
319 2274 475 2326 poenae
505 2262 682 2297 inmanes
711 2261 753 2296 in
784 2259 964 2308 Execrpt.
1003 2261 1127 2299 Vales.
1158 2275 1192 2310 p.
1213 2266 1320 2304 274.
1359 2267 1512 2318 7147563„

70 2319 160 2368 περὶ
192 2316 329 2357 αὐτῶν
362 2312 463 2368 υπὲρ
493 2313 719 2380 ἄνθρωπον
748 2316 851 2364 βου).
857 2312 1062 2355 ξύσασθαι
1092 2318 1132 2355 L.
1163 2319 1268 2357 XIV.
1311 2323 1412 2362 106.
1460 2323 1533 2360 Et'

72 2387 152 2423 cap.
180 2377 292 2415 lll..
308 2373 474 2410 eiusdem
496 2373 564 2409 lib.
594 2366 696 2420 υπέρ
719 2368 944 2424 ἄνθρωπον
972 2369 1163 2424 πάσχειν,
1190 2389 1237 2413 ea
1259 2380 1379 2427 pati,
1407 2392 1512 2429 quac

73 2432 330 2468 conditionem
350 2430 558 2466 humanam
579 2428 783 2465 ειοεάιιηΐ.
829 2426 929 2465 Tum
951 2428 1033 2466 Ecl.
1055 2429 1084 2466 1.
1114 2432 1204 2468 libri
1223 2432 1352 2472 XXV.
1382 2434 1513 2486 μηδὲν

71 2483 172 2539 ὑπὲρ
190 2484 415 2551 ἄνθρωπον
445 2480 710 2536 ἐπιτηδεύειν,
751 2483 851 2531 quod
872 2497 921 2520 cx
942 2484 1104 2534 Polybio
1135 2494 1300 2525 sumtum
1320 2503 1388 2526 suo
1408 2504 1513 2528 more

73 2545 257 2580 mutavit.
284 2544 316 2578 is
337 2543 438 2578 enim
456 2539 498 2577 L.
522 2540 551 2577 Ι.
565 2543 636 2580 88.
661 2537 832 2590 μηδέν’
811 2554 860 2577 αι
866 2536 1034 2590 tJAeotov
1054 2540 1336 2594 ἐπιτηδεύειν
1318 2546 1515 2593 ἑκουσίως

77 2602 159 2647 pari
177 2600 376 2635 sententia.
394 2596 605 2637 Diversum
627 2602 684 2632 est
705 2594 908 2642 Sophoclis
937 2596 1042 2634 Aiac
1061 2611 1097 2635 v·
1114 2600 1218 2639 774.
1246 2615 1305 2652 μη
1328 2600 1414 2640 κατ’
1440 2600 1515 2641 ἄν-

74 2658 247 2705 θρωπον
279 2652 537 2705 ‹p90v152u1d
563 2653 672 2689 ultra
699 2651 887 2688 hominem
909 2654 1092 2704 spir-ave,
1123 2656 1439 2705 quemadmodum
1468 2658 1515 2696 de

75 2711 223 2748 Iuliano
249 2710 469 2747 Ammianus
491 2708 602 2745 dixit.
630 2708 766 2746 VVESS.

171 2767 293 2806 558.
327 2766 400 2804 69.
446 2765 662 2802 Φονεῦσαι
668 2761 742 2802 τὸν
762 2758 1123 2831 υποπςπτωκότα]
1159 2765 1397 2819 Supplicem.
1435 2767 1517 2806 Ite-

73 2836 158 2860 rum
181 2822 371 2860 Nic-olaus
384 2833 415 2857 c·
436 2821 509 2861 23.
537 2822 619 2859 τῶν
639 2815 841 2870 πρότεροι
855 2814 1210 2861 υποπεπτωκότων
1229 2822 1520 2891 ἀσθενέστεροι

75 2878 266 2930 qt'vovzm.
292 2876 344 2914 Et
363 2883 454 2927 post
464 2889 586 2926 pauca
605 2871 753 2921 πάντες
774 2873 818 2913 de*
843 2896 889 2902 —
911 2873 1062 2915 εἴκουσι
1086 2882 1172 2924 τοῖς
1189 2874 1520 2921 υποπεπτωκόσι.

1210 2936 1268 2975 ‘ll
1290 2937 1311 2958 *θ
