1828 3253
452 209 511 246 {N
544 208 755 246 1.1B.1v.
787 208 912 246 CAP.
944 212 1168 254 57.—5‘.).
1448 218 1531 258 371

99 326 194 361 tium
219 335 297 360 non
318 321 435 359 addo:
457 329 553 360 sunt
573 323 674 358 enim
697 323 737 358 in
755 320 814 357 his
838 322 945 358 liin-is
968 321 1065 359 haud
1086 336 1184 370 rara,
1213 333 1250 362 ct
1269 327 1314 363 ab
1338 329 1531 377 incompa-

95 380 213 418 rabili
242 379 290 416 ls.
319 377 476 415 Casaub.
497 377 546 414 ad
566 376 705 414 Athen.
726 376 789 415 [V.
816 378 885 417 13.
917 378 1123 428 diligenter
1141 383 1311 420 collecta,
1344 384 1476 422 wass,

209 447 313 486 302.
341 445 416 484 49.
442 442 520 496 BD}
542 441 719 483 κατιέναι
745 464 792 471 -
819 465 866 472 —-
889 442 1002 491 ἐντὸς
1026 444 1128 484 ἐτῶν
1149 445 1428 500 πεντήκονταξ
1457 454 1532 490 Vc„

94 505 174 540 rius
199 502 361 539 dixisset
387 497 501 546 ἐντὸς
529 499 630 538 ἐτῶν
659 495 829 547 ἑκατὸν,
858 507 900 537 ut
925 500 1110 540 Herodot.
1135 502 1204 542 lx.
1228 507 1301 545 26,
1334 515 1371 544 et
1399 508 1528 547 Seno!-

96 558 272 608 Thucyd.
292 557 319 594 Ι.
347 558 415 596 12.
445 555 604 594 Centum
626 558 727 592 enim
755 558 908 593 circiter
929 560 1021 594 anni
1041 565 1126 605 post
1146 557 1242 596 hane
1261 563 1405 600 cladem
1424 569 1529 601 exip-

94 621 208 661 runt,
236 620 436 662 antequam
454 615 496 649 in
520 611 826 660 Peloponnesum
846 611 1072 650 Heraclidae
1102 615 1282 653 redirent.
1319 619 1403 656 Vid.
1425 634 1526 669 supr.

95 669 124 707 1.
149 671 187 709 5.
215 676 252 706 et
272 670 379 706 viros
410 669 586 719 egregios
615 667 732 706 Dion.
760 667 891 705 Petav.
912 668 981 705 lx.
1006 669 1052 707 D.
1074 668 1120 705 Τ.
1141 672 1212 710 32.
1242 681 1279 709 et
1302 674 1526 726 Barbeyfflc,

93 725 195 763 Hist.
212 724 326 761 Foed.
347 731 386 761 et
400 724 547 761 Pactor.
571 724 598 761 1.
612 723 658 760 Τ.
679 735 715 772 p.
734 726 749 764 1
765 726 781 764 l
795 752 817 773 .,
839 724 958 774 deque
976 725 1141 763 Echemo
1164 726 1420 779 Tegeatarum
1439 747 1528 784 rege

93 781 257 819 Pausan.
279 780 306 817 1.
326 781 400 820 41.
431 780 534 817 VIII.
558 781 597 819 5.
630 780 764 817 XVESS.

205 838 309 876 302.
331 837 404 876 65.
435 833 546 887 Παρ’
566 835 762 888 Αἶγιίιιιον
781 832 854 875 τὸν
871 833 1024 891 Δώρου
1037 837 1133 893 etc.]
1162 838 1273 878 Conf.
1292 855 1393 892 supr.
1410 857 1441 880 c.
1456 845 1527 884 37.

93 901 132 930 et
148 891 328 930 Strabon.
357 891 426 929 lx.
457 905 492 942 p.
517 893 622 932 654.
645 892 687 928 B.
720 892 852 930 WEss.

204 961 309 1000 302.
329 960 402 999 69.
448 957 534 998 Τὸν
554 955 874 1012 Ἠλεκτρύονος]
912 958 1049 998 Retine
1082 965 1307 1011 scripturam
1335 969 1527 1016 margina-

90 1017 166 1053 lem
181 1013 485 1067 Ἠλεκτριίονος.
527 1015 611 1052 Hoc
633 1018 735 1052 enim
754 1015 945 1052 Hesiodus
973 1019 1013 1053 in
1037 1020 1225 1068 principio
1245 1020 1408 1071 Aspidos
1425 1016 1525 1061 *suae

91 1075 224 1109 utitur.
278 1071 520 1121 Licymnium
552 1085 644 1109 vero
669 1071 902 1108 Eleon-ionis
938 1080 976 1109 et
1002 1073 1151 1112 Mideae
1181 1076 1302 1114 filium
1334 1092 1439 1126 esse,
1476 1094 1523 1117 ex

91 1127 324 1176 Apollodoro
354 1126 602 1173 Reineccius‚
631 1128 948 1178 diligentissimus
978 1138 1132 1167 nostrae
1161 1136 1297 1170 aetatis
1335 1134 1524 1173 Genealo-

92 1197 178 1236 guS‚
196 1187 236 1221 in
250 1185 405 1221 familiis
425 1197 557 1234 regum
568 1183 863 1234 Mycenaeorum
884 1186 1063 1223 ostendit.
1094 1187 1152 1224 Ad
1173 1200 1283 1236 quem
1304 1193 1343 1227 in
1364 1196 1523 1229 caeteris

91 1243 205 1277 etiam
226 1239 471 1290 Genealogiis
491 1248 594 1276 recte
625 1240 902 1290 cognoscendis
924 1241 1041 1278 lector
1061 1242 1240 1281 dimissus
1262 1253 1354 1282 esto.
1386 1247 1521 1287 RHon.

94 1293 181 1335 Τὸν
197 1292 531 1347 Ἠλεκτρύωνος]
570 1295 637 1333 Sic
658 1297 809 1343 malim,
838 1309 1062 1346 quamquam
1085 1312 1186 1348 supr.
1215 1315 1246 1338 c.
1266 1303 1309 1341 9.
1341 1312 1524 1341 constan-

90 1358 148 1388 ter
175 1350 268 1391 Mss.
292 1348 601 1403 Ἠλεκτρυόνα,
629 1365 700 1388 nec
721 1353 832 1389 aliter
862 1353 903 1389 in
925 1353 1157 1400 Apollodoro
1178 1356 1225 1393 11.
1245 1358 1288 1397 4.
1313 1361 1353 1398 6.
1386 1360 1523 1398 Melius

88 1406 253 1446 Pausan.
274 1407 321 1444 11.
341 1409 416 1446 22.
430 1414 468 1444 et
480 1409 555 1447 25.
584 1406 643 1444 De
664 1408 854 1458 Licymnii
876 1409 990 1446 caede
1010 1410 1165 1448 Pindar.
1191 1412 1263 1449 Od.
1280 1413 1363 1454 Vll.
1388 1415 1523 1467 Olym-

88 1464 191 1514 pion.
215 1477 254 1503 v.
277 1464 351 1503 49.
385 1470 422 1500 et
446 1462 576 1502 Schol.
596 1463 752 1501 Homer.
774 1464 883 1501 Iliad.
907 1465 959 1512 B,
979 1467 1083 1506 663.
1116 1467 1250 1506 Wess.

200 1531 307 1570 302.
341 1532 413 1571 71.
457 1529 508 1570 Οἳ
528 1526 605 1570 ὗπό
627 1527 788 1583 Τριόπα
806 1533 879 1570 τοῦ
906 1528 1180 1586 Φόρβαντος]
1211 1535 1374 1575 Pausan.
1394 1540 1525 1578 codem

88 1586 200 1624 modo
228 1586 272 1625 L.
299 1586 363 1623 IV.
404 1589 441 1627 1.
473 1594 510 1624 et
543 1588 633 1624 infr.
655 1587 796 1625 Noster
825 1587 870 1624 V.
894 1589 966 1628 77.
1016 1589 1171 1640 Alioqui
1201 1606 1311 1643 saepe
1342 1598 1524 1634 vitiosum

95 1642 267 1693 Triopae
283 1655 423 1679 nornen
443 1645 484 1680 in
504 1644 612 1680 libris
634 1645 913 1690 circumfertur,
936 1646 1051 1683 sicuti
1072 1653 1110 1682 et
1124 1647 1354 1687 Phorbantis
1383 1651 1523 1690 Exem-

87 1700 162 1748 plis
184 1701 217 1735 si
234 1698 429 1749 indigeas,
457 1706 680 1736 succurrent
699 1700 742 1736 P.
764 1700 948 1748 Leopard.
970 1700 1034 1738 IV.
1055 1702 1216 1741 Emend.
1230 1705 1301 1742 IX.
1325 1707 1523 1746 Muncker.

89 1756 131 1792 in
147 1754 294 1805 Hygin.
317 1754 408 1791 Fal».
431 1753 581 1792 CXLV.
607 1762 645 1792 et
666 1755 886 1793 Astronom.
908 1755 954 1792 11.
980 1758 1049 1796 14.
1086 1759 1220 1797 ἏῙΕΞΞ.

201 1811 306 1850 302.
335 1811 408 1850 74.
443 1812 562 1865 Τρεῖς
580 1813 839 1863 καταστῆσαι
859 1807 995 1859 πόλεις
1006 1811 1108 1867 etc.]
1139 1814 1198 1853 De
1218 1817 1297 1854 illis
1317 1817 1359 1854 L.
1382 1819 1428 1857 V.
1451 1823 1523 1861 77.

88 1865 197 1905 X111.
220 1867 291 1906 75.
328 1866 462 1904 Wnss.

202 1923 309 1961 303.
335 1924 406 1963 75.
426 1917 635 1973 Ἰήλυσον]
659 1918 851 1962 Ἠλυσόν
873 1921 939 1960 Co.
956 1920 1161 1966 Ἠιλυσόν
1180 1928 1295 1968 Vind.
1317 1941 1524 1980 perperam.

87 1977 175 2016 Vid.
196 1978 334 2016 Wasse
356 1981 397 2016 in
418 1977 594 2028 Thucyd.
617 1978 720 2016 V111.
740 1980 815 2018 44.
844 1979 979 2019 Wnss.

189 2047 293 2086 303.
325 2047 396 2086 84.
443 2045 528 2086 Καὶ
559 2042 612 2084 τὰ
640 2043 988 2098 μυθολογούμενα
1019 2044 1211 2099 στ’),ιιβολα
1242 2048 1521 2105 ἀνῃρημένος]

88 2100 197 2139 Haec
235 2109 272 2139 et
309 2114 404 2151 quae
444 2102 653 2139 succedunt
690 2103 852 2151 pessime
890 2118 913 2141 a
950 2106 1175 2153 quibusdam
1192 2142 1199 2145 ,
1214 2109 1324 2145 libris
1362 2111 1521 2148 absunt:

88 2159 358 2209 intelliguntur
384 2159 488 2195 ensis
517 2166 555 2195 et
584 2158 780 2207 crepidae,
813 2172 905 2207 quas
938 2161 1088 2211 Aegeus
1117 2158 1196 2202 ὑπὸ
1230 2163 1356 2217 πέτρα
1386 2169 1522 2205 θεῖναι

87 2213 354 2267 γνωρίσματα
374 2210 473 2253 εἶναι
495 2216 552 2269 τῷ
571 2213 684 2252 παιὸἲ
704 2213 924 2263 perhibetur
944 2219 985 2254 in
999 2218 1163 2255 Pausan.
1183 2219 1212 2255 1.
1234 2222 1308 2260 27.
1330 2207 1364 2271 χ’).
1389 2224 1462 2263 66.
1486 2231 1524 2260 et

89 2269 284 2307 Plutarch.
306 2269 422 2310 Thes,
445 2283 481 2320 p.
500 2272 543 2310 2.
566 2268 606 2307 C.
638 2270 772 2309 Wnss.

203 2326 306 2365 303.
331 2327 402 2366 89-
426 2321 752 2377 Ὀνομαζόμενον
774 2323 1047 2380 Κορυνήτην]
1080 2329 1332 2382 Peripheten,
1358 2333 1522 2372 Vulcani

91 2380 233 2428 filium,
263 2379 309 2428 ὃς
328 2379 408 2422 ἀπὸ
429 2384 503 2434 τῆς
522 2377 735 2433 Κορύνης,
761 2379 811 2434 ἢν
840 2379 1000 2436 ἐφόρει,
1029 2384 1274 2439 Κορυνήτης
1289 2389 1520 2430 ἐπεκαλεῖτο

92 2437 268 2485 Apollod.
289 2437 354 2474 111.
382 2439 449 2478 15.
473 2440 510 2478 l.
542 2445 580 2475 et
600 2437 762 2475 Pausan.
782 2438 829 2474 ll.
860 2442 897 2478 1.
936 2440 1045 2478 Nihil
1062 2450 1189 2480 autem
1208 2447 1407 2493 intererit,
1439 2450 1521 2485 sive

91 2499 135 2530 tu
154 2505 244 2530 mox
266 2488 364 2543 ὅπερ
392 2506 441 2531 an
461 2490 552 2540 {4119
572 2486 623 2545 ἧν
657 2495 811 2545 legeris
840 2495 972 2531 Wess.

206 2560 310 2600 303.
343 2560 417 2599 92.
456 2558 542 2600 Τὸν
563 2559 604 2599 ἓν
623 2558 789 2615 Ἰσθμῷ
809 2565 1079 2602 κατοικοῦντα
1101 2565 1241 2619 Σίνιν]
1277 2568 1396 2618 Origo
1416 2572 1522 2606 vocis

94 2612 174 2655 ἀπὸ
205 2617 279 2655 τοῦ
304 2614 492 2654 σίνεσθαι
525 2623 564 2654 et
584 2616 757 2665 Euripid.
779 2617 931 2666 Hippol.
961 2632 998 2658 v.
1021 2622 1126 2661 977.
1160 2630 1272 2671 atque
1303 2616 1435 2661 Ov‘idii
1467 2626 1518 2661 Il».

93 2685 152 2710 vs.
175 2672 282 2712 409.
314 2671 371 2708 Ut
389 2671 496 2708 Sinis
513 2679 554 2709 et
573 2672 714 2710 Sciron
735 2680 775 2710 et
796 2675 841 2711 de
865 2674 1121 2725 Polypemone
1140 2687 1270 2725 natus,
1302 2680 1372 2717 hoc
1393 2684 1520 2728 requi-

93 2734 211 2765 runt:
251 2739 374 2776 neque
411 2727 569 2765 dissidet
600 2729 776 2778 Apollod.
811 2729 879 2769 111.
917 2732 987 2770 15.
1019 2735 1061 2772 2.
1094 2747 1164 2771 nec
1194 2735 1357 2772 Pausan.
1386 2736 1413 2772 1.
1447 2738 1519 2776 37.

97 2782 231 2829 Σίννις
250 2789 377 2820 tamen
394 2783 599 2821 Plutarcho
621 2784 736 2821 Thes.
758 2799 793 2834 p.
812 2785 855 2825 4.
883 2785 1080 2827 Aristoteli
1098 2790 1164 2827 111.
1184 2790 1340 2828 Rhetor.
1369 2805 1404 2841 p.
1420 2794 1520 2834 123.

95 2851 182 2877 cum
206 2838 389 2890 Sylburg.
410 2846 523 2888 nota,
553 2847 666 2891 atque
684 2842 784 2880 aliis.
819 2841 951 2881 WEss.

1167 2904 1229 2943 24
1242 2904 1258 2921 ε
