1828 3253
397 238 462 279 IN
489 238 600 279 LIB.
627 237 766 279 x111.
805 238 932 278 CAP.
962 240 1038 281 29.
1053 241 1190 282 —31.
1415 243 1503 284 651

67 355 217 402 scitum,
241 366 315 404 quo
335 352 585 392 i'nhumanum
603 353 701 392 illud
719 353 854 403 cupide
876 353 1126 402 antiquarunt
1144 352 1410 394 Athenienses.
1447 355 1506 394 De

65 425 111 448 eo
132 412 174 449 L.
198 409 291 448 Xll.
316 411 387 450 55
414 410 548 447 VVEss.

181 468 283 507 565.
308 469 348 507 7.
373 462 643 517 Δικαιότερον
667 462 744 517 γάρ
765 464 897 514 ἔστιν,
925 462 973 506 ὃν
999 462 1095 504 καθ
1120 461 1269 516 ἑτέρων
1289 467 1388 518 etc.]
1428 467 1505 506 Pro

66 519 341 562 δικαιότατον.
371 522 471 571 quod
493 524 593 558 enim
614 524 698 570 quis
721 524 764 558 in
782 524 900 559 alium
922 524 1118 568 statuerit,
1149 525 1418 571 aequissimum
1437 532 1507 572 est,

63 587 110 618 ,ut
128 581 296 628 patiatur
314 581 408 626 ipse.
439 577 505 614 Sic
526 574 847 629 σπουδαιότερον
867 581 908 615 in
928 578 969 616 S.
989 579 1114 615 Paulli
1135 580 1255 614 altera
1274 580 1319 615 ad
1336 579 1507 618 Timoth-

68 634 96 672 1.
132 637 215 682 17..
239 634 304 671 ubi
333 641 461 671 tamen
491 633 727 680 σπουδαίως
753 637 886 684 scripti
916 634 1068 683 quidam
1097 632 1215 671 Codd.
1247 642 1284 671 et
1317 636 1506 686 Origenes

64 690 157 741 περὶ
171 688 280 743 2492.-
300 689 345 729 L.
367 689 434 727 ΠΙ.
455 702 492 738 p.
520 690 637 735 133..
656 690 788 726 forsan
811 704 853 727 ea
873 692 1044 741 enallage
1065 690 1212 728 offensi.
1231 691 1317 731 vid,
1335 690 1408 731 Th.
1433 691 1507 729 Be-

66 760 152 783 zam
170 750 211 784 in
236 748 273 785 l.
293 745 341 782 ad
362 744 531 784 Timoth.
555 745 623 782 111.
648 747 717 786 14.
744 746 863 794 deque
890 746 1017 783 Meiiis
1038 753 1075 783 et
1103 745 1305 784 Scionaeis
1327 760 1440 796 supra
1460 748 1504 788 L.

66 801 157 839 ΧΗ.
179 803 250 842 76.
272 808 310 838 et
331 803 404 842 80.
436 801 570 838 WVEss.
594 801 770 842 Δίκαιον
799 805 963 851 positum
990 803 1056 839 ubi
1085 803 1271 851 repetitur
1301 802 1393 840 haec
1419 817 1508 841 sen—

66 860 187 895 tentia
205 857 386 906 Excerpt.
407 857 530 895 vatic.
551 871 586 907 p
609 859 700 904 66..
725 858 882 897 δίκαιον
912 854 989 910 γάρ
1021 857 1129 897 ἔστιν
1159 855 1206 897 ὃν
1236 856 1332 897 καθ’
1360 856 1508 913 ἑτέρων

64 928 126 960 τις
153 910 307 980 νόμον
314 911 438 965 ἔθηκε
466 928 600 953 τουτο)
631 917 874 967 κεχρῆσθαι.
918 914 1027 950 Vnde
1062 920 1218 963 apparet
1256 916 1375 954 etiam
1403 923 1508 954 recte

64 968 204 1007 habere
217 964 457 1020 χρώμενον,
477 969 577 1020 quod
592 969 818 1020 χρωμένων
842 970 1031 1007 scribebat
1053 968 1251 1010 Reiskius.

182 1026 387 1066 565.13.
425 1022 694 1072 Ἐπταικότας
714 1024 809 1065 οὐδὲ
814 1042 834 1065 ν
854 1024 948 1066 οὐδὲ
967 1040 1065 1072 τους
1084 1022 1367 1078 κηὸεύσαντας
1387 1023 1508 1079 ἔχειν]

66 1080 237 1119 Remove
270 1079 401 1121 οὐδέν.
434 1080 569 1120 Rnon.

181 1139 286 1178 565.
307 1138 382 1177 24.
408 1139 504 1177 Ποῦ
529 1135 606 1189 γὰρ
629 1135 742 1185 ἄξιον
762 1133 923 1184 τούτοις
942 1142 1214 1191 καταφυγεῒν;
1231 1135 1334 1191 πρὸς
1345 1136 1471 1187 θεούς
1483 1144 1510 1188 ;]

67 1193 192 1231 Prave
216 1194 481 1244 interrogandi
501 1201 615 1230 notae
639 1194 699 1231 his
720 1201 757 1231 et
780 1195 1027 1244 sequentibus
1049 1195 1226 1242 deerant,
1259 1207 1375 1244 quas,
1401 1195 1512 1235 Rho-

67 1250 249 1288 domanni
267 1251 472 1287 consilium
500 1258 665 1297 secutus,
692 1251 835 1288 addidi.
867 1251 1005 1289 W'ESS.

66 1360 87 1398 Ι
124 1307 285 1402 13563.
315 1307 389 1346 27.
427 1302 686 1359 Δήιιητραν]
722 1302 931 1359 Δήμητρα
952 1307 1036 1344 Vat.
1057 1304 1172 1343 Coisl.
1194 1305 1284 1344 Vid.
1306 1315 1385 1345 not.
1407 1311 1449 1346 in
1468 1309 1512 1347 L.

89 1388 97 1397 .
274 1371 355 1398 ESS.

181 1419 284 1459 565.
314 1420 389 1459 28.
428 1414 516 1471 Τὴν
548 1414 657 1471 ἱερὰν
689 1414 827 1457 αὐτῶν
846 1419 974 1470 νῆσον
994 1414 1335 1472 πεπορθηκότες]
1364 1420 1450 1458 Vid.
1470 1421 1513 1459 L.

67 1471 115 1511 V.
134 1476 178 1514 2.
209 1474 348 1512 VVEss.

170 1530 287 1571 ·.565
309 1530 381 1570 35.
401 1525 568 1568 'Am‘
550 1545 570 1569 ο
595 1529 727 1581 δῆμος
755 1528 878 1579 ἐθίζει
908 1527 981 1569 τὸν
1009 1525 1167 1584 ῥήτορα
1189 1531 1289 1581 etc.]
1324 1530 1515 1581 Saepissi-

67 1598 128 1624 me
148 1585 449 1623 Atheniensibus
469 1585 509 1622 id
529 1599 602 1623 usu
622 1589 743 1633 venit,
772 1589 915 1624 notatis
935 1595 1134 1636 propterea
1151 1588 1197 1624 ab
1218 1587 1385 1625 Isocrate
1406 1592 1515 1638 prin-

71 1644 142 1691 cip.
164 1642 271 1680 Orat.
291 1642 336 1679 de
356 1641 455 1678 Pace
474 1640 534 1678 his
552 1642 704 1679 verbis,
734 1642 799 1680 καὶ
819 1641 897 1710 γὰρ
919 1641 1068 1682 αὐτοὶ
1058 1638 1302 1694 πεποιήκατε
1324 1659 1422 1691 τους
1442 1641 1515 1699 ῥή-

70 1712 198 1750 τορας
215 1713 264 1749 με
269 1700 389 1766 λετζιν
409 1696 476 1735 καὶ
499 1699 568 1750 ᾳιλ
561 1703 771 1763 maedam(
802 1696 849 1737 οὐ
873 1696 925 1737 τὰ
947 1699 1151 1749 με’)λοντα
1169 1702 1219 1752 τῇ
1241 1695 1354 1738 πόλει
1377 1701 1517 1740 συνοί-

72 1768 156 1792 σειι
166 1781 178 1801 ,
209 1752 294 1793 ἀλλ’
331 1753 443 1798 ὅπως
471 1751 723 1805 ἀρέσκοντας
750 1749 848 1804 ὑμῖν
877 1750 1024 1806 λόγοις
1054 1753 1227 1806 ἐροῦσιν.
1265 1767 1339 1803 quo
1362 1757 1517 1804 quidem

71 1812 228 1861 ingenio
250 1824 335 1848 cum
358 1810 528 1846 Atticum
548 1816 649 1846 esset
666 1824 690 1847 v
695 1811 818 1860 ulgus,
838 1823 916 1847 non
938 1813 1062 1860 potuit
1081 1812 1206 1858 aliter,
1229 1812 1325 1858 quin
1347 1825 1415 1849 sua
1432 1827 1516 1850 mo-

72 1866 219 1904 bilitate
246 1879 425 1916 praeceps
448 1873 587 1903 rueret.
634 1863 695 1905 Ov
724 1863 801 1918 769
831 1877 885 1916 we
888 1866 987 1912 ὗὸος
1015 1865 1147 1914 εστὶν,
1187 1864 1293 1905 &ma
1324 1867 1391 1907 καὶ
1423 1868 1516 1908 λίαν

73 1919 251 1974 ἀληθὲς,
287 1920 334 1962 τὸ
363 1936 461 1967 τους
481 1917 692 1974 ἡγεμόνας
720 1921 876 1968 αιτίους
899 1917 1091 1961 ἁπάντων
1118 1921 1306 1974 γίνεσθαι
1337 1939 1404 1963 και
1434 1927 1518 1964 τῶν

73 1975 248 2029 ἀμαθῶν
279 1977 346 2017 καὶ
376 1980 458 2016 τῶν
489 1976 682 2016 ..nmmum
717 1983 804 2024 τοῖς
837 1977 1023 2025 πολίταις
1063 1981 1202 2027 optime
1236 1978 1486 2018 Dinarchus
1476 1994 1519 2019 111

73 2032 321 2072 Demosthen.
343 2047 379 2083 p.
401 2035 475 2073 99.
499 2036 564 2071 ait.
601 2034 736 2073 WVESS.

187 2092 291 2131 566.
310 2091 380 2130 55.
399 2087 525 2136 ’Agim
548 2089 773 2142 τιμωρίας]
807 2088 924 2127 Deest
951 2089 1040 2136 εἶσὶ,
1062 2090 1162 2139 quod
1180 2090 1282 2128 haud
1300 2105 1387 2129 raro
1407 2094 1522 2130 omit-

73 2148 183 2184 titur.
218 2147 304 2184 Vid.
333 2145 508 2183 Eustath.
538 2148 579 2183 in
602 2145 756 2183 Homer.
779 2159 815 2194 p.
839 2147 956 2192 714..
975 2145 1103 2184 Schol.
1128 2148 1170 2183 in
1190 2147 1375 2198 Aeschyli
1397 2147 1520 2186 Choe-

74 2201 182 2252 phor.
212 2216 251 2241 v.
273 2203 379 2244 643.
409 2209 447 2240 et
476 2201 584 2240 Hier.
612 2202 798 2240 Wolfium
817 2203 865 2240 ad
887 2202 1045 2254 Argum.
1072 2202 1233 2254 Olynth.
1261 2203 1292 2240 Ι.
1319 2203 1519 2243 Demosth.

77 2257 218 2299 Wssss.

192 2316 294 2355 566.
317 2314 388 2355 58.
424 2311 512 2366 Τὴν
525 2312 762 2366 Ἀθηναίων
783 2311 949 2367 ἄγνοιαν
964 2314 1117 2367 Συρακ.
1137 2312 1274 2368 φέρειν
1293 2311 1519 2369 ἀπώλειαν]

77 2368 211 2407 Mallet
229 2372 393 2408 fortasse
414 2372 511 2407 nlius
530 2368 673 2410 ἄνοιαν
699 2378 743 2408 ut
755 2384 835 2419 cap.
848 2374 944 2419 21.;
968 2383 1091 2420 neque
1111 2374 1213 2411 enim
1227 2371 1520 2410 Atheniensium

77 2427 311 2476 ignorantia,
344 2427 409 2463 sed
431 2430 626 2464 temeritas
648 2435 685 2464 et
707 2427 920 2474 dementia,
949 2427 1020 2465 hoc
1049 2428 1190 2465 excidii
1211 2430 1422 2476 periculum
1443 2428 1522 2479 Sy-

77 2484 275 2519 racusanis
299 2481 448 2519 conssav
439 2490 544 2521 e.rat
559 2483 608 2519 At
628 2485 725 2519 solet
743 2490 876 2520 auctor
900 2484 1063 2531 quodvis
1085 2484 1266 2521 delictum
1288 2497 1332 2520 eo
1351 2485 1521 2521 vocabu-

78 2539 117 2574 lo
139 2538 298 2575 subinde
320 2538 544 2575 describere.
582 2539 640 2576 Ita
660 2538 701 2576 L.
722 2539 830 2578 Xlll.
859 2541 960 2579 103.
992 2554 1029 2577 οι
1049 2538 1124 2589 μὲν
1142 2537 1220 2592 γὰρ
1241 2539 1257 2578 ἒ
1261 2538 1526 2591 ’ξαπατηθέν-

80 2607 146 2639 τες
169 2592 346 2645 ἐπίγειρα
357 2608 438 2660 της
460 2591 626 2646 ἀῃιοίας
645 2592 806 2645 aufem.
830 2595 881 2631 Et
902 2595 945 2634 L.
967 2594 1131 2635 XIV.1.
1154 2595 1372 2648 περίοπτος
1397 2594 1453 2635 ὢν
1470 2617 1518 2624 -

82 2646 184 2687 ἀὸυι
179 2654 280 2688 ατεΐ
294 2645 482 2716 κρύπτειν
502 2648 578 2701 τὴν
595 2649 739 2689 ἰὸιαν’
725 2666 902 2703 αγιοιαν.
929 2651 1030 2688 Tum
1050 2650 1092 2688 L.
1114 2651 1208 2690 XX.
1239 2652 1308 2691 14
1338 2647 1523 2701 διορθω-

83 2707 243 2744 cacam
275 2703 318 2744 de*
340 2719 413 2750 τας
434 2703 599 2756 ἀγιοίας
623 2703 799 2746 σπευὸοι
794 2721 877 2753 τες
916 2707 1053 2757 quibus
1075 2708 1185 2753 locis,
1213 2706 1275 2744 hic
1296 2709 1329 2743 si
1348 2708 1523 2744 adfectus

84 2763 148 2807 sit,
178 2761 308 2798 eadem
327 2763 457 2809 utique
477 2761 691 2800 adhibenda
711 2764 901 2800 medicina
921 2765 1006 2801 erit.
1047 2762 1220 2800 Admove
1240 2770 1383 2810 tamen,
1411 2766 1445 2800 si
1463 2765 1524 2801 lu-

84 2817 169 2854 bet:
205 2829 326 2866 prona
357 2819 457 2853 enim
486 2823 525 2854 et
553 2819 678 2856 facilis
698 2819 746 2855 ad
768 2819 902 2856 harum
923 2832 1061 2857 vocum
1081 2820 1347 2856 confusionem
1368 2821 1434 2857 via
1454 2826 1526 2866 est,

85 2875 193 2910 cuius
213 2876 254 2910 in
275 2873 440 2921 Appiani
460 2872 669 2912 Mithridat.
692 2887 728 2923 1».
753 2876 858 2915 397.
882 2877 1136 2914 clarissimum
1156 2874 1268 2913 durat
1287 2877 1524 2926 exemplum:
