1828 3253
416 195 478 234 IN
510 193 619 237 LIB.
651 193 775 233 XlV.
806 192 1030 237 CAP.48.
1054 195 1196 237 —51.
1443 199 1531 240 761

94 309 269 361 palangis
287 309 450 360 ligneis,
484 319 579 359 quas
609 307 773 347 navibus
802 307 1082 355 subiiciebant,
1109 314 1152 345 ut
1178 320 1225 344 ex
1246 320 1325 350 uno
1351 311 1392 351 in
1418 311 1536 352 alium

96 365 407 414 pertraherentur
435 366 571 403 locum.
619 360 832 430 matam&
861 370 898 400 et
927 359 1133 416 ᾳαλάῃια
1162 361 1205 402 αἶ
1242 380 1372 409 υποῑπ(
1371 365 1535 416 ’ὶὲμειαι

97 421 211 460 δοκοὶ
237 425 322 467 τοῖς
352 417 667 471 νεωλκουμένοις
700 433 873 471 σκαιμσι
901 419 1001 468 apud
1020 419 1265 459 Eustathium
1295 423 1334 460 in
1355 421 1465 459 Hom.
1496 438 1534 474 p

97 480 156 518 28
166 478 204 515 5.
231 476 350 515 Nasci
371 475 461 513 hinc
480 478 603 526 potuit
623 477 909 526 φαλαγγιῦσαι,
928 475 1119 526 palngis
1141 489 1261 516 naves
1281 478 1537 524 transferre:

99 533 200 582 quod
225 540 264 569 et
294 535 335 569 in
356 531 589 571 Graecorum
617 533 739 568 literis
758 532 874 571 fuisse
899 528 1157 584 φαλάγγωμα
1187 539 1227 568 et
1261 529 1537 586 ([ταλάγγωσις,

100 588 465 640 etsisigniticatione
484 587 712 635 discrepent,
730 593 923 627 testantur
935 587 1233 626 evidentissime.
1260 588 1340 624 Nec
1358 593 1537 641 pugnabo

99 652 248 692 tamen,
280 646 313 681 si
332 644 463 696 magni
480 644 558 684 viri
575 645 831 684 coniecturam
851 642 937 680 huic
957 646 1232 693 praeposueris.
1268 643 1310 680 ld
1333 654 1435 683 certe
1459 647 1538 684 Po..

99 703 239 751 lyaeno
269 700 450 745 debetur,
476 698 578 747 quod
609 699 690 735 eius
720 699 920 748 diligentia
951 706 989 735 et
1012 700 1086 736 loci
1117 701 1335 750 ingenium,
1363 709 1400 738 et
1423 705 1539 740 trire-

99 759 217 794 mium
242 768 447 804 numerus²
472 761 511 796 et
540 755 705 810 suscepti
735 757 863 804 operis
889 754 1112 806 magnitudo
1140 757 1279 793 clarius
1309 758 1538 800 elucescant.

99 812 236 854 Wnss.

214 869 320 908 682.
349 867 417 907 13.
445 862 530 906 Διὰ
551 863 597 906 τὸ
606 860 790 932 πρώτως
813 861 988 918 ευρεθιρ
992 866 1050 916 αι]
1079 866 1175 903 Vide
1195 869 1248 904 sis
1270 880 1301 903 c.
1317 869 1391 914 43.
1405 869 1456 906 w
1459 881 1540 910 Ess.

216 925 324 964 682
353 925 429 962 22.
472 917 678 969 Τοίςῦπὸ
712 924 795 961 τῶν
818 925 978 974 τροχῶν
997 937 1103 974 πυρ)
1105 923 1201 973 οις]
1231 923 1349 962 Putes
1376 923 1438 963 ἐπὶ
1460 941 1544 965 των

100 981 262 1032 τροχῶν
281 980 398 1019 scribi
418 979 613 1021 debuisse.
636 978 702 1015 sed
721 978 815 1014 bene
836 977 959 1015 habet.
987 977 1260 1030 Intelliguntur
1281 976 1424 1032 71159201
1445 977 1547 1021 {2716-

96 1050 267 1103 τροχοι,
291 1037 317 1072 i.
336 1049 370 1078 e
388 1042 540 1081 turres,
565 1046 660 1100 qupe
687 1034 872 1076 subiectis
888 1036 983 1071 rotis
1013 1035 1060 1074 ad
1079 1048 1208 1075 muros
1229 1035 1544 1076 admovebantur.

96 1087 355 1144 ‘Ymiv90750v
386 1089 576 1141 <medimna
605 1084 836 1142 υπεῗτροχον
857 1088 1075 1141 σκέπασμα
1106 1098 1143 1127 et
1168 1085 1399 1143 ὑπότροχον
1429 1091 1544 1145 κριὸν

103 1160 184 1188 ιιοιι
203 1148 274 1189 tibi.
291 1146 513 1187 Athenaeus
532 1147 578 1183 de
608 1145 777 1186 Machin
804 1159 837 1196 p.
859 1149 901 1186 4.
911 1173 922 1193 ,
960 1148 992 1183 si
1017 1147 1231 1193 desideres,
1256 1149 1421 1198 negabit.
1461 1149 1544 1199 lpse

106 1211 241 1246 auctor
271 1203 460 1245 Demetrii
479 1201 684 1251 Helepolin
710 1197 944 1251 ὑπότροχον
969 1198 1100 1254 βάρος
1129 1201 1172 1239 L.
1190 1201 1284 1240 XX.
1307 1205 1381 1250 92
1415 1205 1548 1254 adpel-

105 1261 193 1297 lans
220 1273 330 1303 suum
349 1260 534 1301 illustrat.
574 1258 729 1307 Optime
753 1271 847 1296 vero
868 1257 1166 1300 Rhodomannus
1187 1272 1269 1296 eam
1288 1262 1548 1299 coniecturam

106 1317 355 1366 proscripsit,
397 1326 471 1363 qua
507 1308 737 1367 ἕξαςῐορους
766 1311 890 1360 ὄντας
919 1327 1020 1365 quae
1042 1328 1067 1351 α
1089 1316 1193 1352 senis
1213 1328 1270 1366 pl·
1274 1329 1379 1353 οηιοι
1385 1324 1549 1354 crentur

108 1378 330 1415 correxerat
347 1372 458 1412 olim:
488 1371 615 1411 colore
636 1371 738 1413 enim
761 1372 866 1434 omni
887 1369 1038 1415 defecta
1054 1376 1151 1413 erat.
1186 1371 1262 1409 Adi
1281 1371 1450 1427 Lipsium
1476 1374 1552 1411 Po-

108 1428 221 1472 liorc.
245 1425 359 1470 L.11.
382 1426 426 1465 4.
452 1425 588 1467 Wnss.

223 1484 329 1523 682
361 1483 436 1522 30.
461 1477 715 1532 Ἐβάσταζον
736 1477 931 1533 ἅνδρας’
913 1495 955 1520 εν·
971 1479 1227 1534 θωρακίοις]
1257 1482 1430 1520 Vertitur
1451 1484 1555 1524 mili-

113 1546 172 1580 tes
192 1539 397 1583 loricatos.
438 1535 562 1580 Credo
584 1537 744 1577 tabulati
768 1537 888 1576 fuisse
907 1550 1043 1588 genus,
1069 1538 1170 1587 quod
1193 1551 1241 1574 ex
1267 1542 1449 1577 antennis
1471 1553 1557 1577 sus-

111 1607 272 1645 pensum
293 1595 458 1640 milites,
483 1596 549 1642 qui
575 1592 743 1633 hostium
769 1592 965 1635 machinas
994 1594 1292 1641 succenderent,
1324 1596 1557 1637 contineret.

113 1651 293 1697 Plateam
312 1657 426 1693 vocat
447 1650 654 1690 Vitruvius
672 1648 714 1685 L.
732 1648 784 1689 X
811 1650 889 1690 21
937 1650 1041 1693 Quae
1066 1651 1169 1691 enim
1197 1651 1297 1699 apud
1321 1650 1558 1694 Athenaeum

115 1708 162 1744 de
183 1707 351 1751 Machin
378 1719 416 1755 p
437 1707 480 1746 6
508 1704 572 1744 ἐπὶ
599 1703 644 1744 δὲ
674 1707 749 1744 τοῦ
779 1699 1024 1757 ἐπικεφάλου
1055 1704 1124 1747 καὶ
1143 1707 1218 1774 τῆς
1242 1701 1459 1759 κριοὸόχης
1477 1703 1560 1759 πή..

114 1778 257 1832 γνυται
288 1761 630 1810 ΘΩΡΑΚΙΟΝ,
657 1757 768 1800 ὥστε
799 1758 844 1800 ἓν
872 1758 984 1801 αὐτῶ
1018 1757 1318 1814 ἀαφαλεστατα
1347 1759 1561 1806 ὸίνασθαι,

117 1815 285 1860 ἑστάναι
303 1814 401 1865 τοὺς
420 1812 740 1864 ἕποπτευοντας,
762 1829 806 1854 ea
824 1802 971 1854 Latine
978 1819 1187 1866 expressit.
1212 1830 1336 1870 supr-,rt
1355 1826 1477 1869 eaput
1497 1832 1563 1856 eoq

119 1889 229 1924 rum,
260 1887 363 1929 quae
393 1873 649 1914 continebant·
671 1887 721 1910 ar
725 1875 860 1920 ietem‚
889 1873 1124 1915 collocatum
1155 1882 1249 1911 erat
1275 1874 1506 1912 PLUTEL'
1505 1874 1561 1923 ll,

120 1933 342 1976 turriculae
374 1930 631 1971 similitudine
667 1936 873 1975 ornatum,
905 1930 968 1967 uti
996 1931 1079 1971 sine
1104 1931 1287 1980 periculo
1316 1932 1390 1969 deco
1417 1932 1564 1971 milites

121 1995 205 2027 tuto
227 1994 378 2030 stantes
391 1989 626 2038 prospicere
644 1992 821 2036 possent.
864 1983 997 2026 Simile
1015 1986 1194 2034 quiddam
1224 1990 1413 2035 spectavit
1431 1995 1565 2024 auctor

121 2045 166 2083 L.
187 2043 314 2084 XVu.
335 2043 415 2087 44.
445 2042 491 2078 de
519 2041 675 2091 Tyriis,
704 2042 769 2091 qui
798 2042 925 2078 corvis
948 2041 1157 2094 ferreisque
1184 2043 1358 2084 manibus
1381 2039 1566 2094 ἀνήρπα-

123 2101 191 2151 ζον
211 2097 310 2146 τοῦς
327 2103 415 2145 τοῖς
437 2096 772 2140 ΘΩΡΑΚῙΟΙΣ
795 2095 840 2150 {q
850 2098 1044 2143 εστῶτας,
1067 2099 1092 2136 i.
1111 2111 1142 2134 e.
1158 2099 1206 2147 5¹¹
1229 2100 1369 2147 pluteis
1388 2106 1456 2140 aut
1477 2112 1566 2148 pro-

125 2157 378 2226 pugnaculism
372 2160 532 2199 stantes
560 2153 675 2190 Aliud
689 2153 871 2193 Aelianus
891 2152 936 2188 de
949 2152 1116 2194 Animal.
1131 2153 1176 2196 L.
1188 2154 1297 2191 Xlll.
1311 2156 1368 2201 9.,
1389 2154 1570 2202 elephan-

124 2220 202 2250 tem
223 2211 286 2251 ἐπὶ
305 2212 380 2250 τοῦ
402 2208 658 2260 καλουμενου
678 2208 893 2264 θωρακίου
912 2215 993 2246 tres
1014 2210 1216 2251 bellatores
1235 2211 1335 2247 ferre
1354 2223 1464 2260 posse
1481 2223 1570 2260 pro-

128 2266 467 2322 dens.1ntelligit
487 2267 693 2307 turriculae
715 2265 754 2303 id
776 2278 923 2317 genus,
950 2279 972 2302 e
994 2277 1093 2314 quo,
1119 2266 1268 2304 belluae
1297 2274 1405 2323 tergo
1425 2267 1569 2321 inposi-

127 2332 193 2373 to,
216 2324 352 2362 dextra
370 2323 603 2370 sinistraque
626 2323 768 2363 milites
788 2322 865 2358 tela
886 2322 1131 2390 spargebant
1157 2322 1292 2361 lVEss.

132 2436 184 2475 W
243 2381 348 2421 682.
373 2379 448 2419 42.
479 2374 576 2431 Πρὸ
597 2374 837 2437 ὀᾳθαλμῶν
856 2373 1158 2434 λαμβάνοντες]
1187 2377 1390 2420 ConferL
1397 2377 1486 2416 XV.
1504 2379 1578 2420 10,

186 2447 269 2473 Ess.

245 2491 353 2533 683..
385 2489 458 2532 55
489 2483 760 2558 Ἐπιβαθρας
775 2483 1112 2542 κατεσκεύασαν]
1136 2489 1229 2530 Mox
1249 2488 1421 2536 σανίδας
1440 2489 1576 2538 adpel-

133 2550 203 2586 lat.
241 2547 437 2586 Ponticuli
456 2553 588 2592 erant,
612 2543 786 2611 γέφυραι
818 2552 1019 2595 propterea
1037 2545 1213 2598 Appiano
1236 2546 1340 2596 lllyr.
1364 2560 1401 2596 p
1424 2548 1494 2586 10.
1516 2545 1576 2586 ed

136 2603 338 2642 Hoeschel.
330 2630 354 2650 .,
372 2614 467 2651 quos
484 2615 504 2638 e
523 2601 692 2638 turribus
714 2603 755 2639 in
774 2614 902 2640 muros
927 2601 1102 2642 obsessae
1122 2601 1228 2641 urbis
1248 2603 1509 2648 demittebant,
1536 2607 1578 2638 ut

138 2662 362 2711 pugnaturis
385 2658 682 2728 transiturisque
708 2661 903 2699 accessum
933 2657 1082 2699 darent
1120 2657 1264 2698 Noster
1293 2657 1338 2697 L
1357 2657 1484 2697 XVII
1503 2658 1579 2701 43.

139 2716 223 2756 τῶν
250 2712 327 2782 γὰρ
357 2707 618 2754 Μακεδόνων
640 2708 994 2780 προσαγαγόντων
1022 2727 1201 2770 πυργους
1229 2709 1420 2765 ὑψηλοὺς
1443 2734 1492 2744 -
1513 2728 1583 2752 και

143 2769 229 2812 dt&
238 2766 399 2810 τούτων
428 2766 504 2816 ’τὰς
533 2764 766 2822 ἐπιβάθρας
788 2763 1108 2820 ἐπιβαλλόντων.
1156 2769 1357 2808 Vitruvius
1376 2769 1418 2807 L.
1434 2768 1486 2807 X.
1510 2769 1581 2810 19.

145 2827 460 2866 adscendentem
475 2823 699 2863 machinam
724 2827 866 2871 vertit,
896 2829 934 2862 e't
952 2825 996 2863 in
1015 2824 1093 2864 fine
1113 2838 1192 2876 cap.
1185 2853 1207 2872 .,
1237 2827 1283 2865 de
1305 2839 1492 2871 accessa,
1520 2826 1588 2875 qui
