1828 3253
438 178 501 218 IN
530 177 642 217 LIB.
672 178 701 218 1.
730 177 854 218 CAP.
885 181 960 221 28.
990 181 1065 222 29.
1420 185 1482 226 49

49 294 152 336 Ill.
188 292 309 342 Tm,
336 293 489 341 inquit,
524 298 720 332 memorat
744 291 969 340 Diodorus,
1005 291 1149 332 Peteon
1178 294 1390 334 Menesthei
1414 309 1479 346 pa-

45 358 164 398 trem,
200 350 430 401 Cecropem,
460 353 503 386 et
525 348 800 388 Erechtheum:
833 351 1088 388 desideratur
1117 351 1302 404 Cecropis
1328 365 1477 392 nomen.

47 407 173 444 Locus
222 407 323 444 enim
351 405 512 442 mutilus
550 412 633 443 est:
670 407 742 444 sed
779 418 844 444 res
882 408 1058 445 indicat:
1100 404 1185 447 Τὸν
1222 406 1300 462 γὰρ
1338 409 1479 463 Πέτην

44 459 229 514 (Πετεῶ)
256 458 330 501 τὸν
346 459 503 512 πατέρα
524 458 778 508 ΠΙενεσθίως
797 463 870 502 τοῖ’
892 458 1220 516 στρατεύσαντος
1242 465 1297 511 εἷς
1321 466 1476 519 Τροίαν

44 522 64 540 ⁴²
87 525 106 540 ²
127 515 291 568 (desunt
306 517 516 571 nonnulla)
539 520 558 540 ³
581 520 600 539 *θ
621 520 812 571 φανερῶς
831 515 1061 570 Αἰγύπτιον
1081 515 1321 572 ὑπάρξαντα
1344 528 1478 574 τυχεῖν

41 573 212 625 ὕστερον
225 570 425 627 Ἀθήνῃσι
445 573 649 620 πολιτείας
669 588 710 613 τε
731 573 798 613 καὶ
816 574 1042 625 βασιλείας.
1067 575 1151 630 Διί]
1162 580 1258 622 τοῦς
1282 574 1323 614 δ’
1348 576 1477 618 αὐτοῦ

41 626 264 683 γεγονότος.
326 630 479 668 [stain
514 632 630 668 editis
656 631 759 668 male
791 634 1000 669 coniuncta
1039 638 1142 669 sunt.
1196 632 1339 670 Peteus
1378 638 1479 672 enim

47 686 173 726 Ornoi
182 687 318 734 filius,
350 686 567 724 Erechthei
584 689 693 737 regis
721 700 866 739 nepos,
898 687 947 724 ab
975 688 1109 738 Aegeo
1139 688 1304 726 Athenis
1321 692 1480 742 pulsus,

40 745 81 780 in
114 742 286 780 Phocide
314 745 527 781 consenuit.
588 744 758 795 Cecrops
783 750 915 782 autem
948 751 991 782 et
1017 742 1168 798 διφυὴς
1187 745 1301 793 fuit,
1329 753 1371 783 et
1403 760 1479 784 rea.-

38 798 295 837 Athenarum.
354 798 426 837 Cui
445 807 483 837 et
501 813 572 850 ego
591 800 817 848 adstipulor.
873 800 971 838 Nam
990 803 1032 839 in
1049 813 1092 838 re
1113 802 1227 839 obvia
1247 808 1285 838 et
1305 804 1479 840 omnibus

38 858 238 893 notissima
257 855 469 894 Diodorum
488 863 567 893 tam
586 859 749 906 turpiter
769 869 809 893 se
829 856 993 904 dedisse,
1019 857 1120 905 quod
1140 857 1198 894 Ill.
1212 857 1410 910 Scaligero
1430 859 1481 896 ad

38 911 176 949 Euseb.
196 910 422 950 CCCCLXI.
441 915 483 950 in
502 920 669 950 mentem
695 915 826 961 venit,
854 915 990 962 inpelli
1011 913 1112 951 haud
1133 927 1310 964 possum,
1334 922 1377 952 ut
1397 929 1481 953 cre-

41 968 139 1008 dam.
166 968 300 1006 wssss.

149 1025 222 1065 33.
245 1026 286 1064 9.
318 1021 443 1064 Κατὰ
461 1021 537 1077 τὴν
557 1023 665 1065 ἲδίαν
686 1019 944 1076 ὑπόστασιν]
975 1024 1086 1063 Conf.
1115 1038 1196 1075 sup.
1218 1040 1250 1064 c.
1272 1028 1313 1067 3.
1346 1026 1480 1066 Wssss.

151 1082 226 1121 33.
251 1083 323 1121 ll.
349 1081 476 1120 Δυεῖν
494 1083 735 1132 πολιτειῶν]
760 1081 851 1120 Non
868 1089 986 1120 muto.
1023 1083 1150 1123 Λυεΐν
1171 1079 1290 1136 ὡρῶν
1308 1085 1378 1121 inf.
1410 1083 1478 1120 ΙΙΙ.

38 1138 113 1178 48.
144 1136 252 1177 ὁύεἴν
276 1133 483 1190 ἑταιρειῶν
501 1138 589 1175 XV.
640 1141 682 1178 2.
713 1141 822 1177 ὸύεΐν
852 1141 1054 1191 γυναικῶν
1082 1138 1191 1177 XVI.
1229 1142 1268 1180 6.
1299 1140 1380 1176 Nec
1408 1139 1481 1176 hoc

38 1201 186 1231 tantum
214 1207 376 1244 genere,
406 1194 471 1230 sed
508 1201 547 1230 et
576 1190 871 1245 ἀρχιτεκτόνων
902 1194 1010 1233 ὄυεῖν
1038 1194 1140 1231 Plut.
1172 1194 1218 1232 T.
1247 1195 1295 1232 ΙΙ.
1317 1207 1353 1243 p.
1375 1197 1478 1236 802.

36 1252 83 1288 A.
121 1249 413 1300 στρατοπέδων
446 1249 554 1289 δυεῖν
584 1249 720 1301 Polyb.
750 1250 799 1288 Il.
828 1252 903 1290 25.
944 1250 1030 1287 vid.
1060 1251 1133 1288 lac.
1161 1250 1400 1289 Gronovium
1429 1252 1478 1288 ad

37 1309 120 1344 eius
150 1307 240 1343 libri
268 1319 300 1343 c.
329 1306 405 1346 44.
424 1313 463 1343 et
484 1305 631 1344 Duker.
658 1310 700 1344 in
730 1305 906 1357 Thucyd.
936 1306 998 1344 lv.
1027 1310 1066 1347 8.
1105 1306 1199 1344 Mox
1219 1309 1253 1344 si
1273 1306 1476 1359 ἐνομίσθη

37 1365 346 1412 praeoptaveris,
371 1375 450 1399 non
467 1363 713 1400 intercedam.
769 1361 931 1413 Cecrops
957 1370 995 1400 et
1023 1363 1149 1400 dictus
1177 1370 1215 1399 et
1234 1366 1402 1401 censitus
1422 1370 1481 1400 est

37 1416 198 1473 διφυής.
228 1418 436 1470 Eleganter
454 1418 638 1458 Libanius
660 1418 707 1459 T.
730 1418 810 1469 Lp.
827 1421 869 1460 9.
888 1419 936 1456 D.
966 1415 1131 1465 εἴκότως
1164 1417 1246 1471 ἷὶρα
1266 1418 1484 1470 &noaz-901¹

35 1491 79 1516 τε
105 1472 570 1516 ἘΝΟΜΙΣΘΗΣΑΝ
599 1471 856 1532 Ἀλεξάνδρῳ
887 1475 956 1515 καὶ
990 1473 1482 1515 ὨΝΟῙΠΛΣΘΗΣΑΝ

38 1530 78 1573 οἱ
108 1532 233 1586 φίλοι.
261 1531 396 1572 WEss.

150 1589 223 1628 34.
246 1589 317 1629 14.
353 1586 415 1629 Τὸ
443 1585 560 1641 γένος
575 1583 832 1642 Αἶγῦπτιον]
874 1587 1123 1626 Dissentiunt
1151 1589 1322 1638 plerique
1350 1599 1479 1625 rerum

36 1643 251 1682 Atticarum
272 1647 490 1694 scriptores.
548 1645 688 1683 Poetae
710 1653 837 1683 tamen
857 1644 965 1683 Iliad.
995 1645 1046 1683 B.
1080 1646 1183 1685 548.
1213 1651 1253 1683 et
1280 1643 1478 1681 Herodoto

38 1699 138 1738 VIII.
165 1700 236 1740 55.
266 1698 435 1753 γηγενὴς
462 1704 666 1751 terrigena
676 1712 691 1749 ,·
717 1713 792 1751 quo
821 1703 934 1739 titulo
962 1714 1046 1738 cum
1074 1701 1216 1750 passim
1246 1702 1305 1738 illi
1337 1713 1478 1738 ornen-

37 1763 114 1804 tur,
144 1768 304 1805 quorum
326 1760 511 1795 incertior
529 1760 653 1808 origo,
678 1757 779 1795 haud
799 1761 954 1796 omnino
975 1758 1137 1794 absurde
1158 1758 1352 1808 Aegyptii.
1379 1756 1478 1794 Nam

37 1824 133 1862 quae
154 1813 403 1851 Grammatici
422 1815 470 1851 ad
487 1827 573 1851 eum
591 1814 751 1851 Homeri
769 1827 923 1852 versum
945 1821 983 1850 et
1008 1813 1175 1862 Etymol.
1199 1816 1242 1850 in
1260 1809 1478 1863 Ἐρεχθεὺς

35 1871 236 1920 garriunt,
280 1883 323 1907 ea
353 1877 392 1907 et
419 1874 548 1919 turpia
572 1877 664 1907 sunt
695 1877 735 1907 et
764 1872 850 1908 veri
886 1870 1001 1908 fidem
1041 1869 1244 1906 excedunt.
1288 1867 1474 1907 Conf.10.

37 1925 249 1963 Meursium
270 1924 319 1964 11.
340 1924 434 1977 Reg.
455 1927 571 1964 Attic.
593 1939 625 1964 c.
648 1929 687 1966 7.
717 1926 852 1964 ῊῙΕεε.

148 1982 221 2022 34.
245 1984 316 2023 18.
349 1979 436 2022 Διὰ
466 1980 541 2034 τὴν
571 1979 758 2024 ἰδιότητα
787 1985 861 2034 τῆς
885 1978 1060 2033 χώρας]
1095 1981 1192 2019 Vide
1222 1993 1253 2018 c.
1280 1981 1351 2021 10.
1372 1986 1410 2017 et
1430 1978 1475 2018 de

36 2037 186 2076 Cereris
207 2039 307 2088 apud
326 2039 537 2091 Aegyptios
555 2042 753 2090 mysteriis
774 2053 806 2076 c.
834 2040 902 2080 14.
934 2038 1067 2076 Wssss.

152 2095 226 2134 34.
250 2096 322 2135 31.
342 2091 579 2148 Ὁμολογεῖν
600 2094 644 2135 δὲ
663 2095 730 2135 καὶ
749 2093 846 2142 τοὺς
865 2093 1142 2147 Ἀθηναίους]
1170 2092 1229 2131 De
1257 2090 1406 2130 Cereris
1434 2093 1476 2130 in

37 2152 204 2190 Atticam
227 2164 319 2203 rege
347 2151 564 2191 Erechtheo
602 2153 773 2191 adventu
804 2159 842 2189 et
869 2154 1140 2202 mysteriorum
1170 2163 1214 2188 ea
1252 2155 1474 2199 tempestate

35 2211 158 2248 initiis
201 2211 308 2258 paria
344 2207 597 2246 Philochorus
626 2212 668 2247 in
705 2208 846 2246 Euseb.
884 2207 1029 2246 Canon.
1057 2221 1093 2257 p.
1129 2209 1204 2247 28.
1236 2212 1274 2243 et
1310 2217 1475 2243 marmor

35 2264 204 2313 Parium,
227 2264 276 2303 ad
297 2265 397 2315 quod
415 2267 526 2316 plura
543 2265 599 2305 Io.
620 2264 812 2303 Prideaux
831 2278 870 2316 p.
895 2267 999 2306 182.
1028 2271 1067 2302 et
1089 2262 1291 2302 Marsham.
1310 2274 1346 2312 p.
1365 2263 1471 2303 260.

36 2321 172 2361 wass.

149 2377 222 2418 34.
243 2376 317 2419 38.
338 2373 439 2418 Ἀπὸ
461 2379 544 2418 τῶν
575 2374 672 2418 κατ’
704 2375 921 2430 Αἴγυπτον
954 2374 1119 2429 ἱερέων]
1152 2375 1186 2413 Α
1215 2374 1474 2413 sacerdotibus

37 2434 314 2486 Aegyptiorum
331 2437 444 2485 primi
463 2435 632 2484 ordinis,
667 2447 742 2483 quo
772 2435 817 2471 de
839 2447 977 2487 genere
1005 2431 1147 2479 Ὠδὸς,
1173 2427 1470 2483 Ἱερογραμμα-

37 2489 152 2537 τεὺς,
188 2488 415 2543 Στολιστὴς
458 2498 498 2528 et
526 2491 729 2543 Propheta
767 2493 808 2528 in
839 2490 1022 2527 Clement.
1058 2488 1169 2526 Alex.
1197 2488 1260 2525 Vl.
1290 2487 1470 2524 Stromat.

39 2560 75 2596 p.
98 2548 201 2587 758.
238 2545 312 2585 His
332 2547 494 2596 quodam
511 2548 624 2585 modo
644 2547 787 2586 similes
806 2547 1077 2596 Eumolpidae,
1105 2559 1126 2581 c
1155 2544 1291 2593 quibus
1311 2542 1472 2579 Athenis

33 2597 296 2655 Ἶεροφάντης
316 2611 356 2640 et
380 2604 618 2657 μυστηρίων
648 2602 884 2655 ἐπιμεληταὶ
913 2611 1027 2652 atque
1058 2604 1148 2649 alii,
1177 2600 1224 2637 de
1252 2600 1390 2649 quibus
1417 2597 1470 2635 Io.

39 2657 181 2696 Mem-s.
199 2657 370 2697 Eleusin.
389 2673 421 2696 c.
445 2661 515 2700 13.
539 2661 608 2701 14.
646 2660 781 2698 Wzss.

152 2715 225 2755 34.
247 2714 320 2755 39.
351 2713 461 2762 Τοὺς
484 2714 528 2755 δὲ
546 2712 762 2768 Κήρυκας]
788 2714 963 2752 Praestat
981 2721 1022 2752 et
1043 2713 1222 2764 Geryces.
1245 2710 1352 2748 Inter
1371 2711 1473 2747 enim

39 2773 324 2819 antiquissimas
353 2779 486 2823 gentes
506 2774 636 2822 populi
665 2772 957 2809 Atheniensium
979 2777 1060 2808 erat
1087 2778 1125 2807 et
1142 2781 1237 2820 gens
1268 2762 1472 2818 Κηρύκιον

44 2826 252 2877 Corycum,
280 2830 357 2878 [qui
385 2840 507 2877 neque
535 2829 804 2866 caduceatores
840 2840 962 2877 neque
992 2837 1221 2875 praecones,
1251 2823 1316 2861 sed
1347 2833 1474 2860 sacro-

99 2883 196 2923 Vol..
227 2882 253 2921 1.
1168 2881 1199 2921 4
