1828 3253
418 161 484 201 IN
514 159 626 200 LIB.
658 158 767 199 XII.
796 157 923 198 CAP.
954 159 1179 202 ⁵5.-57.
1435 163 1524 204 607

81 289 118 328 ι).
140 276 247 317 741.
286 270 550 330 ἐπολιόρκουν
578 270 731 320 αὐτοις
758 272 890 313 διπλῶ
918 272 1037 325 τείχει
1063 270 1404 326 περιτειχίσαντες
1430 273 1529 314 δέκα

82 331 165 385 ἕτη.
192 331 271 370 Sed
291 334 589 381 corruptissime.
620 329 816 378 Scriptum
843 331 962 368 fuisse
983 328 1094 369 δύο
1081 330 1150 382 ε’τη
1173 330 1272 368 vidit
1301 330 1358 370 CI.
1382 331 1528 381 Ioseph.

81 389 219 427 Wasse
249 391 287 426 in
309 387 485 440 Thucyd.
506 387 571 425 III.
596 388 669 427 52.
712 393 751 424 et
780 394 869 424 ante
900 400 986 425 eum
1005 387 1218 425 Palmerius
1251 387 1462 426 Exercitat.
1493 401 1528 438 p.

83 446 188 487 648.
215 445 349 482 Wcss.

198 503 302 542 516.
328 502 400 544 87.
421 493 815 550 Ἀποβεβλήκεισαν]
843 498 970 538 Huius
998 499 1143 537 formae
1167 501 1416 549 conpluscula
1436 512 1529 537 con-

82 557 261 596 duximus
280 557 328 594 ad
348 556 390 594 L.
410 556 482 594 XI.
504 558 580 597 26.
609 555 744 592 Wsss.

199 615 302 654 516.
334 614 408 654 91.
447 611 533 652 Καὶ
561 612 784 651 διεκπεσεῖν
813 610 869 658 εἷς
887 608 963 658 τὰς
978 607 1187 663 Ἀθήνας]
1216 610 1284 648 Sic
1305 610 1346 648 L.
1369 611 1429 648 IV.
1454 612 1526 651 51.

82 667 152 709 καὶ
171 669 392 709 διεκπεσεῖν
411 667 466 715 εἷς
487 664 647 721 Θήβας.
685 668 736 705 Et
757 667 799 705 L.
821 667 947 706 XVII.
973 669 1045 708 34.
1077 684 1114 707 οι
1135 667 1179 707 δὲ
1200 669 1380 706 πλεῖστοι
1403 667 1458 714 εἷς
1478 665 1527 706 τὰ

84 724 204 765 πεδία
235 720 524 772 διεκπεσόντες.
572 725 690 763 Plene
720 725 884 762 Pausan.
917 724 998 761 V.II
1035 726 1105 765 16
1140 738 1175 774 p
1215 725 1319 764 561.
1350 719 1441 762 τότε
1470 725 1527 762 τῶ

82 776 384 848 Καλλιστράτῳ
405 778 584 834 παρέσχε
611 777 747 831 τόλμα
768 778 973 819 διεκπέσαι
995 778 1064 819 διὰ
1085 783 1166 819 τῶν
1192 779 1411 829 πολεμίων
1453 765 1530 817 Ra-

81 840 164 876 rius
186 837 258 875 hoc
275 836 425 887 Iosephi
445 837 489 876 L.
510 837 593 875 VII.
614 835 695 874 Bel.
716 837 745 876 1.
764 840 804 878 6-
817 838 859 877 4
889 834 928 876 οἱ
948 835 1025 887 μὲν
1046 829 1119 876 οὖν
1139 832 1421 887 ἀνδρειότατοι
1445 838 1527 874 τῶν

83 889 274 941 ἐξιόντων
305 891 503 947 ἔφθασαν
532 891 852 939 διεκπέσασθαι,
883 894 996 930 modo
1018 893 1056 930 id
1076 893 1251 930 dederit
1242 905 1336 940 ipse.
1381 891 1527 929 Dubito

83 952 197 988 enim.
229 949 403 1000 Namque
427 957 465 987 et
485 948 555 987 hoc
574 963 659 997 usu,
679 949 780 998 quod
800 949 993 995 recordor,
1004 950 1164 986 verbum
1186 950 1342 986 obvium
1360 962 1438 985 non
1459 956 1530 995 est,

83 1013 124 1045 et
155 1008 290 1055 scripti
317 1005 436 1044 Codd.
477 1004 800 1045 διεκπαίσασθαι
823 1007 924 1042 clare
945 1005 1201 1055 suppeditant.
1248 1005 1291 1041 ld
1312 1012 1440 1042 autem
1460 1018 1529 1042 cur

16 1084 18 1087 ·
82 1076 153 1114 pro
183 1064 343 1100 reiiculo
374 1070 616 1109 censeretur,
649 1075 821 1099 caussam
840 1074 918 1098 non
940 1069 1094 1111 exputo.
1135 1060 1318 1110 Iosephus
1343 1064 1422 1109 ipse
1443 1068 1530 1111 post

83 1131 229 1170 pauca:
266 1115 380 1166 ὅπως
409 1123 496 1165 τοῖς
526 1117 810 1158 διεκπαίεσθαι
832 1119 1016 1168 τολμῶσι
1037 1120 1121 1157 τῶν
1141 1115 1391 1156 ²*Iomr‘mm
1376 1115 1531 1168 α’πορος

83 1171 251 1229 ηφυγὴ
283 1174 454 1228 γίν.ηται
501 1175 545 1212 L
576 1174 730 1212 Kuster.
759 1175 892 1212 confer
920 1176 963 1212 in
992 1173 1188 1224 Aristoph.
1215 1173 1318 1211 Plut.
1349 1187 1388 1213 v.
1422 1176 1529 1215 805.

85 1231 220 1270 w2ss.

202 1287 306 1328 517.
327 1287 402 1326 93.
440 1283 578 1326 Αὐτοὶ
600 1282 635 1325 δ’
658 1280 974 1337 ετοιμασᾶμενοι
1001 1307 1050 1315 —-
1070 1282 1189 1325 αὐτοὶ
1209 1285 1306 1337 etc.]
1334 1285 1532 1324 Posterius

86 1345 172 1383 sine
191 1345 404 1380 sententiae
425 1343 709 1380 intertrimento
730 1339 862 1379 deesse
881 1349 1066 1392 potuerat.
1114 1342 1192 1379 Sed
1214 1344 1339 1392 placet
1360 1342 1531 1381 Diodoro

85 1400 179 1440 haec
200 1399 383 1437 dictionis
405 1399 567 1436 subinde
586 1399 857 1438 redundantia.
887 1398 982 1435 Vide
1004 1405 1082 1435 not.
1108 1399 1150 1435 in
1171 1398 1214 1435 L.
1237 1398 1265 1435 1.
1289 1400 1363 1439 97.
1393 1399 1531 1436 Wssss.

203 1456 307 1496 517·
339 1457 413 1495 97.
441 1453 531 1494 Ἐπὶ
563 1453 610 1495 τὸ
641 1454 801 1521 τεῖχος)
837 1451 978 1501 Ἐντὸς
999 1456 1074 1494 τοῦ
1094 1455 1253 1506 τείχους
1272 1457 1433 1493 scilicet.
1463 1455 1532 1494 Sic

87 1512 264 1564 Scaliger
282 1518 319 1549 et
341 1512 387 1549 Is.
411 1511 584 1551 Vossius.
623 1510 759 1549 less.
785 1513 827 1549 in
847 1510 946 1548 Add.

204 1570 308 1609 517.
341 1570 385 1608 2.
424 1565 476 1607 Oc
507 1567 552 1607 δὲ
580 1567 808 1614 Πλαταιεῖς
835 1563 1164 1619 καταπλαγεντες
1192 1575 1263 1606 etc.
1275 1568 1292 1619 ]
1338 1566 1533 1606 Diodorus

87 1625 182 1662 haec
204 1625 320 1662 nimis
339 1631 419 1661 arte
441 1624 755 1674 praecedentibus
775 1627 983 1662 connectit.
1017 1624 1121 1662 Inter
1141 1626 1290 1674 elapsos
1311 1637 1360 1661 ex
1379 1626 1534 1662 obsessa

90 1682 184 1719 urbe
204 1688 242 1718 et
260 1681 496 1718 deditionem
512 1682 746 1728 reliquorum
766 1681 912 1729 aliquot
928 1683 1230 1719 intercesserunt
1242 1694 1405 1719 menses.
1424 1680 1458 1719 'l
1463 1681 1535 1719 hu-

89 1737 248 1789 cydides
271 1736 336 1773 III.
358 1739 433 1777 20.
455 1744 494 1773 et
519 1738 590 1776 52
611 1744 741 1786 aperte
762 1738 969 1788 significat.
994 1736 1132 1777 IVEss.

207 1794 415 1834 517.11.
454 1792 539 1832 Και
569 1788 914 1842 κατασκαψαντες
941 1791 1186 1843 ἐμίσθωσαν
1215 1791 1308 1846 etc.]
1348 1792 1534 1831 Videatur

92 1848 314 1900 Thucydid
325 1849 392 1888 111.
410 1851 483 1890 68.
475 1877 498 1895 .‚
529 1861 698 1898 quaeque
724 1850 782 1887 illi
805 1850 1012 1899 adscripsit
1032 1848 1109 1886 Cel.
1132 1848 1279 1887 Duker.
1301 1850 1346 1886 de
1366 1849 1532 1887 Plataeis'

89 1908 231 1944 iterum
266 1908 495 1943 instauratis
533 1907 748 1954 iterumque
788 1906 956 1953 eversis,
998 1913 1112 1954 atque
1149 1908 1312 1944 iuferius
1346 1909 1461 1944 etiam
1490 1906 1532 1943 L.

90 1962 179 2002 XV.
201 1963 276 2004 46.
312 1961 448 1999 WEss.

207 2020 311 2060 517.
337 2021 407 2060 16.
440 2013 593 2064 Στάσις
610 2015 677 2057 καὶ
699 2013 942 2071 φιλοτιμία]
974 2015 1143 2055 Concors
1164 2015 1283 2057 Codd.
1303 2021 1533 2069 scriptorum

91 2088 302 2114 consensus
322 2074 394 2113 hoc
412 2076 656 2123 reposcebat3
689 2075 905 2124 postulabat
930 2081 1080 2124 praeter
1083 2087 1126 2111 ea
1146 2088 1228 2111 mos
1246 2077 1428 2123 auctoris,
1458 2089 1533 2125 quo

91 2131 306 2185 φιλοτιμία
328 2134 486 2180 quaevis
505 2137 564 2168 est
590 2133 799 2168 contentio.
828 2129 956 2167 Sicl..
970 2130 1034 2167 IV.
1055 2132 1130 2170 23.
1153 2146 1220 2182 γει
1224 2147 1296 2182 ομ
1281 2130 1371 2183 ἔνης
1394 2131 1438 2171 δὲ
1459 2135 1534 2184 τῆς

92 2186 329 2241 φιλοτιμίας
345 2184 450 2238 μετὰ
474 2185 720 2238 προστίμου,
747 2201 832 2225 cum
854 2188 970 2234 rixa,
998 2189 1214 2226 constituta
1235 2188 1404 2235 mulcta,
1431 2195 1537 2226 esset

91 2250 204 2281 nata.
232 2243 284 2280 Et
300 2242 446 2283 L.X11.
461 2245 534 2284 32.
552 2241 659 2295 μετὰ
678 2244 834 2294 πολλῆς
853 2241 1089 2296 φιλοτιμιας
1108 2240 1404 2292 κατεσκεύαζον
1423 2242 1536 2297 τριή-

95 2313 188 2366 ρεις.
228 2298 329 2337 Τυιιι
355 2307 442 2350 post
469 2313 590 2349 pauca
617 2301 664 2337 (Ie
694 2299 935 2349 Corcyraeis,
968 2299 1036 2338 καὶ
1066 2305 1157 2345 ταῖς
1184 2300 1436 2353 φιλοτιμίαις
1459 2299 1533 2340 οὐκ

95 2354 505 2406 απολιμπανομὲνων.
544 2358 666 2401 Quem
696 2357 738 2393 in
764 2355 916 2393 modum
945 2355 1104 2406 Iosepho
1138 2356 1184 2393 de
1216 2356 1297 2396 Iud.
1329 2357 1460 2405 Antiq.
1491 2357 1532 2393 I.

96 2410 203 2448 XVI
227 2414 266 2451 8.
284 2412 326 2452 4.
355 2412 535 2451 νεανικαι
565 2411 793 2466 φιλοτιμίαι
826 2413 1114 2460 contentiones,
1153 2414 1290 2463 quibus
1313 2414 1379 2451 iuv
1383 2426 1472 2450 eues
1492 2416 1533 2451 in

96 2474 289 2504 certamen
311 2471 599 2506 conmittuntur.
628 2468 725 2505 Vide
747 2480 838 2506 mox
868 2482 899 2505 c.
922 2471 995 2509 61.
1034 2468 1082 2505 W
1088 2480 1173 2506 Ess.

213 2524 316 2563 517.
339 2525 414 2564 22.
443 2521 765 2578 Διεγγυῆθησαν
792 2521 873 2563 ἀπὸ
905 2526 988 2563 τῶν
1016 2522 1252 2577 προξένων]
1281 2524 1434 2562 Mallem
1453 2520 1532 2562 ὑπὸ

97 2580 181 2618 τῶν
204 2580 333 2631 προξ,
358 2581 457 2630 quod
478 2589 516 2618 et
535 2581 815 2618 Rhodomanno
836 2583 991 2629 placuit,
1016 2589 1054 2617 et
1071 2578 1398 2633 δι’·ιηῃιήθησαν.
1428 2579 1533 2617 Thu-

99 2635 185 2686 cyd.
207 2634 273 2672 III.
297 2637 369 2676 70.
398 2639 526 2685 paullo
545 2640 681 2684 aliter,
718 2633 798 2677 υπὸ
832 2636 1071 2689 Κορινθίων
1103 2636 1261 2690 αφεθει
1265 2651 1350 2683 τες,
1377 2651 1443 2701 τῳ
1459 2636 1533 2686 μὲν

98 2687 208 2746 λόγω
231 2688 486 2732 ὀκτακοσίων
513 2689 728 2733 ταλάντων
749 2698 836 2739 τοῖς
854 2690 1061 2745 προξένοις
1091 2690 1443 2746 ὁιιῃγυημέιοι,
1431 2692 1489 2744 ἔρ)
1492 2707 1533 2746 ’ῳ

99 2746 167 2796 δε,
204 2746 460 2798 πεπεισμένοι
487 2749 731 2816 Κορινθίοις
758 2747 974 2802 Κέρκυραν
1001 2751 1292 2802 προσποιῆσαι.
1326 2748 1448 2786 Porro
1468 2763 1535 2799 τη-

99 2805 267 2857 ροῦντες
287 2801 364 2856 τὴν
383 2808 467 2846 τῶν
486 2801 813 2860 ὡμολογημένων
834 2805 969 2846 πίστιν
991 2808 1074 2844 sine
1094 2807 1375 2857 praepositione
1400 2806 1534 2842 melina
