1828 3253
474 215 537 255 IN
579 215 690 256 LIB.
718 213 802 255 XI.
845 212 972 257 cAP.
999 219 1076 260 26.
1098 240 1145 249 —
1167 221 1242 261 29.
1478 219 1567 266 511

123 329 306 377 fratrem,
331 327 555 367 Herodotus
571 327 673 367 VIII.
693 330 782 376 93..
809 332 1003 380 ceterique
1021 326 1349 383 adpellant‚-quo‘
1362 334 1410 372 de
1428 337 1571 386 optime

124 385 252 426 Celeb.
274 386 348 423 Iac.
369 386 597 424 Perizonius
617 388 659 423 in
678 387 828 424 Aelian.
848 384 937 426 Var.
960 386 1106 425 Histor.
1125 389 1169 426 V.
1187 392 1264 429 -l9.
1299 391 1430 429 Wess.

236 444 345 484 426.
366 443 438 482 52.
463 441 645 493 Πρῶτος
662 440 839 492 ἔμβολον
859 440 983 483 ἔδωκε
1003 446 1054 496 τῇ
1077 440 1311 497 ναυαρχίδι]
1335 447 1466 485 Haud
1486 451 1569 486 scio

123 512 173 536 an
206 498 290 536 heic
320 505 359 536 et
393 499 435 536 L.
453 498 564 535 XIII.
583 500 657 538 99.
689 507 855 548 praestet
884 498 1065 550 ἐμβολὴν
1088 502 1235 551 ‹leget-e.
1271 503 1432 542 Λοῦναι
1464 508 1571 544 enim·

125 553 320 608 ἐμβολὴν,
332 555 418 592 culn
434 557 475 591 in
496 554 673 592 hostilem
694 565 831 592 navem
854 567 998 594 summo
1016 559 1146 604 inpetu
1166 560 1388 606 incurritur,
1408 561 1566 599 obvium

125 624 248 661 saepe.
288 611 425 661 Polyb.
455 609 484 647 Ι.
521 612 600 652 ὂψ.Δ
627 607 808 662 ἐμβολάς
836 609 878 650 τε
909 618 1087 662 συνεχεῖς
1117 612 1308 653 ἐδίδοσαν
1336 615 1405 654 καὶ
1434 616 1568 656 πολλὰ

124 670 209 706 τῶν
227 679 304 707 σκα
343 669 400 706 ῶν
419 662 646 716 ἐβάπτιζον.
662 667 804 704 Noster
825 667 870 704 L.
885 668 992 707 XIV.
1015 670 1091 708 49.-
1103 668 1177 708 ἓκαὶ
1197 675 1285 716 τοῖς
1303 676 1569 724 παρορμοῦσι

123 681 496 774 πλοιόιςῐῐῖιιβολᾶςν
512 719 662 770 διδούς.
717 722 829 760 EtL.
848 720 941 761 XX.
964 727 1036 765 89-
1065 729 1152 772 τοῖς
1168 725 1214 765 δὲ
1235 727 1392 774 πλοίοις
1411 727 1570 776 πολλὰς

126 776 316 830 ἐμβολὰς
327 774 488 825 &ivur-
535 778 629 816 Scio
657 777 835 830 ἔμβολον
863 779 1051 828 ἐπισείειν,
1098 778 1301 837 ἐμβρλοιζ
1328 780 1494 823 τύπτειν
1530 791 1571 825 et

124 831 445 887 &paheaewinvhis
464 836 573 873 libris
594 848 711 885 saepe¹
721 835 817 884 teri,
857 837 922 873 sed
943 851 987 874 ea
1006 841 1273 888 generis·sunt
1296 841 1409 879 alius.-
1449 840 1568 878 Prae·-

124 899 230 929 terea
255 890 325 930 καὶ
342 887 500 943 ταύτην
519 891 715 931 κατέλυσε
734 893 803 929 νὴ(
816 894 954 942 probo,
981 897 1134 931 tametsi
1150 894 1232 933 Ικαὶ
1256 894 1403 946 σχεδὸν
1431 895 1568 936 ἅπαν-

123 963 176 988 τα
197 945 271 1000 (τὰ
291 944 436 999 πλοῖα)
458 944 695 994 καταλύσας
711 951 878 985 recurrit
899 948 940 986 L.
959 949 1068 987 XIV.
1084 952 1162 990 49.
1186 944 1371 989 Arbitror
1390 951 1462 989 hoc
1482 955 1568 990 loco

124 1001 343 1053 κατέδυσε,
360 1005 444 1041 -illo
476 1001 716 1050 καταδύσας
744 1005 864 1042 fuisse
892 1007 1010 1053 olimg
1037 1013 1117 1045 tum
1141 1008 1242 1057 quod
1263 1009 1571 1062 confundirhaec

124 1062 238 1099 facile
268 1066 410 1110 queant
438 1067 477 1096 et
497 1068 720 1097 conmutata
737 1062 1098 1111 liquidissimo²sint
1116 1063 1158 1100 L.
1179 1063 1374 1104 XX.-‹53.
1388 1092 1400 1112 ‚
1429 1061 1567 1114 partim¹

123 1113 250 1155 etiam·
267 1115 368 1165 quod
386 1117 588 1166 utrobique
607 1118 792 1167 grandior
811 1120 862 1154 sit
881 1121 1083 1161 sentent-ia,
1125 1121 1160 1156 si
1179 1133 1324 1157 mersas
1347 1124 1474 1169 potius
1496 1135 1567 1160 na·-

123 1187 216 1221 ves,
241 1184 354 1221 quam
378 1184 534 1220 quassas
559 1175 767 1224 intelligas.
805 1173 912 1210 Adde
938 1173 979 1211 L.
996 1175 1102 1212 XIV.
1125 1177 1195 1215 55.
1225 1177 1360 1213 Wess.

233 1230 341 1270 426.
367 1229 439 1268 57.
468 1226 692 1280 Ἑτίμησαν
710 1226 838 1268 αὐτὸν
862 1229 1090 1277 διπλασίοις
1110 1231 1301 1283 δωρεαῖς]
1330 1232 1571 1273 Herodotum·

125 1286 160 1323 si
180 1285 317 1323 audias·
333 1283 375 1321 L.
396 1283 497 1321 VIII.
524 1287 640 1332 124..
671 1293 721 1332 et,
750 1287 815 1335 qui
837 1288 1015 1337 vestigiis
1043 1290 1124 1325 eius
1154 1289 1340 1336 inhaeret,
1370 1291 1571 1328 Plutarch:

125 1341 311 1379 Themist.
342 1353 378 1390 p.
404 1342 506 1380 120.
524 1339 579 1380 rD.
607 1351 675 1378 res
691 1350 800 1392 gesta
823 1341 1035 1383 diversiore
1063 1344 1139 1380 fuit
1165 1345 1292 1384 modo.
1322 1345 1444 1383 Porro
1464 1348 1572 1396 quod·

122 1398 168 1435 dc
190 1395 415 1446 Xanthippo
435 1400 619 1434 continuo
640 1398 825 1444 succedit,
853 1398 906 1445 id,
933 1399 1047 1436 modo
1069 1400 1114 1437 de
1137 1402 1268 1439 navali
1286 1404 1447 1451 imperio
1466 1406 1572 1441 acci-

121 1457 205 1504 pias
235 1465 284 1490 ex
310 1467 343 1490 c.
365 1453 438 1493 34.
468 1453 564 1490 bene
595 1451 761 1492 habebit.
796 1454 896 1492 Nam
922 1455 972 1493 ad
1003 1455 1178 1494 Plataeas
1200 1450 1355 1508 praet'or
1377 1458 1571 1497 Aristides

118 1512 206 1549 fuit.
234 1510 373 1547 Wnss.

233 1567 341 1606 426.
363 1564 437 1606 65.
453 1561 669 1618 ”Εφασαν,
698 1562 772 1605 τὸν
795 1563 1026 1620 στρατηγὸν
1046 1564 1296 1620 ΖΙἸαρδόνιον
1317 1567 1486 1624 ἕπαγγ]
1510 1571 1572 1610 Ob

123 1625 288 1670 scriptos
306 1621 429 1659 Codd.
457 1620 532 1658 hoc
556 1624 687 1659 malui.
715 1621 888 1671 Namque
911 1624 1115 1662 Persarum
1138 1627 1257 1676 legati
1273 1639 1351 1662 non
1372 1630 1440 1664 uni
1459 1641 1573 1677 prae-¹

122 1681 200 1716 tori
220 1677 458 1727 Xanthippo,
492 1678 559 1714 sed
578 1680 718 1728 populo
741 1681 937 1726 universo,
966 1679 1176 1728 Mardonii‚
1207 1682 1354 1719 Persici
1376 1686 1574 1722 exercitus-

123 1736 354 1785 praepositi,
383 1735 684 1783 pollicitationes
700 1743 980 1783 exposuerunt.
1029 1737 1073 1773 ld
1102 1737 1229 1775 firmat
1255 1746 1389 1777 auctor
1417 1742 1499 1790 ipse
1530 1747 1572 1779 el:

122 1790 352 1829 Plutarchus
371 1790 529 1828 Aristid.
548 1805 583 1840 p.
605 1792 709 1831 324.
731 1789 773 1828 C.
812 1791 948 1829 Wnss.

235 1841 349 1887 426.
375 1847 446 1886 73.
482 1843 554 1893 Ὡς
580 1844 673 1886 οὔτε
700 1843 820 1898 χώρα
851 1853 938 1894 τοῖς
965 1846 1152 1901 Πέρσαις
1179 1845 1351 1903 τοιαύτη
1372 1850 1475 1905 etc.]
1505 1852 1570 1891 Ex

121 1902 320 1941 Herodoto
340 1902 384 1942 L.
406 1901 509 1940 VIII.
531 1916 564 1942 c.
592 1904 707 1951 144..
725 1905 793 1942 ubi
812 1906 932 1941 multo
953 1904 1044 1941 haec
1065 1907 1227 1955 plenius.
1258 1907 1395 1945 VVESS.
1570 1926 1572 1929 v

233 1960 343 2000 426-
376 1960 447 1999 84.
488 1960 585 1998 Τῶν
613 1959 654 1998 ἕν
679 1961 909 1999 Πελοπονν.
937 1957 1095 2000 πόλεων
1124 1959 1446 2015 ἔπειρᾶτότινας
1470 1961 1568 2018 ἀφι-

122 2010 311 2066 στάνειν]
351 2014 527 2052 Thebani
546 2015 618 2053 hoc
642 2015 847 2054 Mardonio
870 2019 1096 2065 consilium,
1141 2022 1204 2056 cui
1223 2020 1474 2057 tamen‘dicto
1495 2034 1569 2058 au-

123 2072 232 2109 diens
252 2084 333 2108 non
350 2073 438 2118 suit,
465 2079 750 2122 suggesserant,
774 2076 806 2110 si
826 2072 1046 2110 Herodotus
1060 2074 1189 2114 ΙΧ.2.Ἰ
1206 2088 1285 2112 non
1304 2077 1416 2113 fallit.
1430 2076 1574 2114 Wssss.

233 2128 342 2168 427.
381 2129 456 2167 92.
507 2124 816 2181 Προαγούσης]
864 2127 1172 2183 Προσαγούσης
1197 2129 1244 2168 R.
1281 2134 1321 2173 1.
1362 2133 1450 2172 Vat.
1485 2135 1570 2170 sinc

122 2198 267 2222 caussa.
298 2183 387 2220 Vid.
409 2183 497 2221 XV.
521 2185 592 2224 52.
625 2185 759 2222 Wssss.

140 2259 143 2261 ·
234 2241 343 2280 427.
374 2243 413 2281 l.
446 2239 531 2279 Καὶ
562 2237 637 2293 τὴν
667 2237 787 2281 πόλιν
814 2243 1025 2288 παντελῶς
1044 2257 1221 2291 zaream,
1252 2243 1321 2283 καὶ
1350 2265 1398 2272 ·-—
1422 2259 1571 2284 παντε-

120 2298 204 2342 λῶς
224 2294 366 2346 ἔλυμ.]
398 2296 576 2334 Arbitror
601 2300 708 2347 prius
727 2300 937 2344 παντελῶς
958 2299 1165 2346 abundare,
1190 2307 1304 2350 atque
1327 2300 1424 2338 hanc
1446 2303 1487 2338 in
1509 2314 1572 2338 se-

123 2352 210 2389 dem*
241 2354 469 2403 inmigrasse
496 2355 616 2390 nimia
647 2355 796 2391 librarii
827 2355 1067 2392 liberalitate.
1121 2354 1181 2393 De
1204 2369 1246 2393 re
1275 2359 1358 2407 ipsa
1380 2356 1569 2398 Herodot.

125 2407 200 2445 IX.
226 2409 297 2449 13.
314 2416 352 2444 et
373 2407 620 2459 Thucydides
641 2409 671 2446 I.
698 2411 769 2451 89.
799 2409 932 2448 WESS.

238 2465 345 2504 427.
369 2465 411 2504 7.
432 2461 564 2516 ’Ἀγειν
581 2463 688 2505 κατὰ
704 2462 864 2517 »ταύτην
883 2464 960 2518 τὴν
978 2462 1137 2520 ἡμέραν
1154 2465 1465 2520 τοῦς’Ὲλληνας
1475 2465 1569 2520 etc.]

124 2519 334 2558 Victoriam
364 2519 503 2558 Graeci
532 2522 580 2559 ad
609 2521 786 2560 Plataeas
815 2523 861 2560 de
891 2522 1022 2560 Persis
1052 2531 1300 2573 reportarunt
1331 2525 1393 2562 die
1423 2528 1568 2563 mensis

123 2574 415 2613 Boedromionis
443 2580 556 2615 tertio
587 2580 652 2616 vel
681 2586 836 2627 quarto:
884 2591 1007 2628 neque
1027 2583 1129 2618 enim
1149 2581 1224 2618 sibi
1244 2588 1396 2619 constat
1413 2582 1566 2619 Plutar-

125 2631 231 2669 chus.
258 2632 430 2681 Namque
451 2634 494 2670 in
513 2632 671 2671 Aristid.
691 2647 727 2683 p.
750 2636 855 2674 330.
878 2634 923 2674 F.
952 2631 1129 2688 ταύτην,
1156 2638 1305 2687 inquit,
1330 2634 1406 2689 τὴν
1425 2633 1566 2688 μάχην

123 2686 376 2739 ἐμαχέσαντο
396 2690 446 2742 τῇ
469 2685 632 2741 τετράδι
652 2693 726 2730 τοῦ
747 2690 1071 2742 Βοηδρομιῶνος
1090 2690 1311 2743 ἱσταμένου
1335 2690 1422 2732 κατ’
1439 2690 1569 2744 Ἀθη-

123 2743 279 2790 ναίους.
311 2744 362 2780 At
383 2744 429 2781 de
453 2744 558 2783 Glor.
581 2745 719 2784 Athen.
739 2761 774 2796 p.
798 2748 904 2786 349.
925 2747 967 2783 F.
990 2746 1107 2801 τρίτῃ
1128 2747 1172 2787 δὲ
1193 2746 1413 2799 ἱσταμένου
1435 2747 1568 2800 (Βοη-

125 2798 375 2851 δρομιῶνος)
395 2797 470 2851 τὴν
491 2800 532 2839 ἐν
551 2803 786 2848 Πλαταιαῖς
804 2799 942 2853 μάχην
962 2802 1114 2844 ἐνίκων.
1139 2805 1241 2853 quod
1262 2808 1386 2852 ipsum
1404 2808 1569 2841 recurrit

125 2858 167 2893 in
186 2855 334 2895 Camill.
352 2869 389 2906 p.
417 2858 518 2898 138.
542 2856 585 2895 Β.
619 2859 702 2903 Quo
723 2860 856 2897 eodem
876 2860 937 2897 die
957 2862 999 2898 in
1020 2867 1242 2911 perpetuam
1265 2867 1432 2898 assertae
1451 2861 1569 2898 liber-
