1828 3253
421 187 486 227 IN
515 186 628 226 LlB.
659 187 733 228 lV.
778 185 904 228 CAP.
945 187 1020 229 24.
1043 208 1089 217 -—
1112 190 1188 231 26.
1439 192 1528 234 337.

248 301 442 341 Amissum
466 300 645 347 classem,
665 301 796 338 socios
814 310 839 338 a
861 305 988 338 morte
1015 301 1172 340 reduxi.

79 359 241 399 Aeneid.
263 359 316 396 X.
340 360 412 398 71.
460 368 469 373 ·

250 414 543 465 Tyrrhenamve
563 413 711 461 fidem,
740 417 814 450 aut
827 413 959 461 gentis
980 411 1145 463 agitare
1166 412 1352 464 quietas?

76 471 163 509 Vid.
184 469 363 508 Servium
383 469 541 506 Aeneid.
561 468 662 506 vm.
687 470 793 509 260.
820 468 960 507 VVESS.

187 529 293 567 270,
322 527 394 566 67.
423 524 631 563 Λακίνιον
650 521 727 574 μὲν
757 520 984 563 κλέπτοντα
1004 523 1088 563 τῶν
1107 525 1248 574 βοῶν]
1280 525 1338 563 De
1353 525 1513 573 Lacinio

72 583 119 619 ab
141 582 305 620 Hercule
336 582 562 619 obtruncato
598 579 759 617 Servius
789 579 884 616 Aen.
908 579 973 616 ΙΙΙ.
1006 581 1109 620 552.
1155 580 1379 629 Crotonem,
1410 585 1511 621 unde

72 639 157 676 urbi
177 650 336 684 nomen,
365 635 504 674 habent
537 635 681 672 scholia
701 638 741 673 in
765 635 966 673 Theocriti
988 635 1084 686 ldyl.
1107 636 1168 673 [V.
1192 638 1266 677 32.
1298 639 1430 676 1171355,

182 696 287 734 271.
310 694 381 733 79.
426 687 614 743 ,ηἸετὲσχε
646 694 729 732 τῶν
752 688 794 731 ἓν
808 689 1005 731 Ἐλευσῖνι
1031 692 1300 746 μυστηρίων]
1329 695 1424 733 Vide
1445 707 1509 733 su-

71 752 199 798 perius
232 763 264 787 c.
294 750 363 789 14.
400 749 534 786 Wftss.

179 808 285 846 271-
309 808 381 846 80.
421 801 646 844 ,Μουσαίου
666 805 738 842 τοῦ
758 797 943 857 Ὀρφέως
962 797 1086 857 υἷοῦ]
1114 804 1228 842 Pater
1248 802 1395 845 Musaei
1416 821 1509 845 con-

68 867 264 898 troversus
283 868 354 908 est,
378 866 493 908 atque
516 861 603 896 aliis
616 859 826 907 Eumolpus
845 860 1088 909 perhibetur,
1109 874 1204 910 quos
1224 863 1375 910 quidem
1398 877 1507 914 egre-

67 920 129 967 gie
159 923 329 954 tueretur
363 920 594 967 epigramma
627 918 667 952 in
696 915 826 952 Schol.
857 916 902 952 ad
933 916 1078 954 Comici
1108 916 1204 954 Ran.
1234 932 1271 955 v.
1299 921 1433 960 1065.
1468 928 1506 958 et

68 972 241 1023 Diogene
263 974 290 1010 Ι.
313 974 371 1019 3.,
401 976 434 1010 si
455 972 623 1009 eiusdem
644 979 744 1009 esset
772 974 921 1010 aetatis,
953 970 1050 1009 Aliis
1070 970 1335 1023 Antiphemus,
1361 983 1403 1013 ut
1423 976 1503 1014 An-

67 1029 232 1066 drotioni
255 1032 295 1066 in
319 1028 448 1066 Schol.
472 1028 589 1076 Soph.
613 1027 744 1076 Oedip.
766 1026 846 1064 Col.
867 1042 905 1065 v.
928 1030 1062 1069 1046.
1096 1029 1337 1078 Discipulum
1359 1032 1503 1082 Orphei

68 1087 132 1133 qui
170 1086 318 1131 ferant,
353 1097 432 1121 non
465 1085 623 1131 desunt;
658 1097 731 1132 quo
762 1097 877 1120 sensu
903 1085 1164 1134 accipiendum
1195 1094 1303 1135 putat
1334 1087 1387 1125 10.
1415 1087 1499 1128 Alb.

68 1140 266 1178 Fabricius
302 1140 328 1177 I.
357 1139 536 1177 Biblioth.
571 1140 706 1176 Graec.
733 1142 801 1180 16.
825 1141 892 1186 3.,
934 1152 1019 1177 cum
1046 1155 1068 1178 a
1097 1141 1282 1189 Platone,
1310 1142 1497 1193 Diodoro,

65 1196 212 1234 Iustino
247 1195 416 1246 Max-tyre
436 1204 474 1233 et
499 1199 584 1233 aliis
610 1194 755 1244 Orphei
783 1196 884 1232 filius
913 1197 1136 1245 appellatur.
1183 1197 1267 1249 Ego
1299 1213 1392 1237 vcro
1412 1204 1497 1238 viro

62 1254 388 1302 praestantissimo
419 1252 662 1301 cupidissime
694 1253 858 1302 largior,
887 1260 1150 1302 praeceptores
1173 1254 1370 1305 discipulis
1397 1256 1499 1296 ‘m‘fflv

62 1308 130 1347 καὶ
158 1307 308 1347 τέκνων
339 1309 536 1344 blandiora
556 1308 743 1345 vocabula
763 1307 971 1354 indidisse3
1000 1320 1111 1356 quein
1140 1317 1266 1347 tamen
1294 1325 1438 1350 morem
1458 1317 1498 1351 in

60 1363 307 1402 historiarum
325 1364 586 1400 conditoribus
614 1363 715 1400 haud
732 1370 874 1400 temere
892 1366 1047 1412 recipio.
1075 1365 1210 1403 WVESS.

173 1419 278 1460 271.
309 1421 379 1461 85.
416 1417 591 1471 Ποίημα
613 1415 804 1466 συνέταξε
827 1416 1178 1473 θαυμαζόμενον]
1215 1423 1415 1466 Quodnam
1434 1422 1500 1462 (le-

59 1478 204 1526 signet,
231 1489 309 1513 non
329 1474 598 1513 adfirmavere:
632 1474 882 1526 Hymnosne,
910 1488 961 1513 an
988 1475 1246 1528 Theologica,
1275 1492 1325 1523 an
1356 1481 1402 1517 de
1423 1494 1497 1531 quo

59 1531 262 1583 Euripides
284 1532 467 1569 Alcestid.
495 1546 533 1570 v.
556 1533 662 1572 967.

230 1609 278 1616 —
310 1586 410 1627 οὐδέ
436 1602 474 1627 τι
506 1584 728 1641 φάρμακον

220 1639 440 1739 >((ξρῂσῖῑαις
469 1642 511 1712 32:
541 1643 700 1750 σαᾷίσι,
725 1639 802 1690 τὰς

269 1714 390 1753 (up-fica
411 1714 584 1753 κατεγρα
626 1714 643 1738 ε

227 1756 267 1795 Γ
266 1759 375 1807 ἧρυς.
409 1777 457 1784 —-

58 1811 176 1849 Plura
206 1815 307 1848 enim
339 1814 397 1849 illi
428 1811 717 1859 tribuebantur,
748 1810 916 1848 incertae
937 1812 1116 1860 pleraque
1143 1812 1256 1861 fidei,
1286 1814 1332 1851 de
1357 1814 1494 1863 quibus

60 1865 185 1906 Celeb.
220 1867 272 1905 Ιο.
301 1867 344 1904 A.
365 1867 514 1905 Fabric.
537 1868 564 1905 Ι.
585 1867 685 1904 Bibl.
718 1866 784 1903 Gr.
810 1870 881 1907 18.
916 1868 1052 1904 Wrss.

169 1925 275 1964 271.
306 1924 379 1964 91.
423 1920 633 1976 Μέγιστος
655 1921 806 1976 ἐγένετο
832 1942 879 1951 ·-
903 1920 944 1962 ἕν
964 1939 1007 1962 τε
1028 1929 1118 1970 ταῖς
1141 1923 1348 1978 τελεταῖς]
1379 1925 1496 1965 Dixi-a

56 1992 140 2018 mus
160 1991 273 2028 supra
292 1979 333 2016 L.
359 1980 389 2019 Ι.
412 1982 487 2020 23.
529 1980 663 2017 WEss.

170 2038 277 2076 271.
310 2038 383 2076 99.
423 2034 737 2088 Παραπλίῑσίως
765 2035 822 2089 τῷ
843 2030 1067 2089 Διονύσῳ]
1112 2035 1370 2074 Conmeminit
1397 2037 1495 2077 Bac-a

58 2091 156 2129 chici
186 2093 392 2129 descensus
422 2090 470 2129 ad
500 2093 670 2139 inferos,
711 2098 754 2128 ut
783 2099 940 2128 matrem
970 2105 1192 2140 superorum
1221 2096 1263 2130 in
1294 2107 1492 2133 numerum

56 2150 341 2196 transcriberet,
372 2148 565 2185 Plutarch.
587 2147 632 2184 T.
655 2147 702 2184 ΙΙ.
734 2162 771 2197 p.
798 2149 900 2187 566.
926 2147 998 2195 Α.;
1029 2155 1067 2184 et
1087 2161 1133 2184 ne
1153 2150 1302 2196 locum,
1325 2152 1426 2187 unde
1449 2153 1491 2189 in

56 2217 168 2241 auras
188 2212 403 2251 emerserat,
429 2208 712 2256 ignoraremus,
740 2203 947 2241 Troezenii
966 2205 1008 2240 in
1031 2203 1179 2240 Dianae
1201 2204 1378 2253 Sospitae
1397 2214 1492 2245 tem-

57 2262 134 2310 plo,
162 2261 261 2308 quod
282 2262 322 2297 in
342 2262 447 2298 urbis
466 2262 552 2298 foro
571 2264 851 2306 excitaverant,
874 2273 1032 2310 peregre
1047 2260 1343 2298 advenientibus
1362 2270 1492 2300 osten·-

59 2317 192 2352 tabant
220 2318 259 2354 in
288 2315 451 2354 Pausan.
483 2317 531 2353 ΙΙ.
555 2318 628 2356 31.
668 2316 779 2360 Quod
807 2323 969 2353 matrem
998 2323 1145 2363 autem,
1187 2316 1262 2354 diis
1291 2320 1488 2369 insertam,

63 2368 238 2423 Θυώνην
265 2370 364 2424 (vid.
393 2376 566 2422 superius
588 2372 652 2410 ΙΙΙ.
679 2370 775 2423 62.)
803 2371 1033 2419 adpellavit,
1059 2373 1099 2409 id
1129 2375 1170 2410 in
1190 2378 1491 2423 consecratione,

57 2434 102 2464 ut
120 2440 256 2464 nomen
278 2435 489 2476 mutarent,
525 2428 708 2466 sollemne
729 2436 831 2475 erat,
860 2428 1020 2465 docente
1047 2428 1187 2466 Ezech.
1212 2429 1417 2478 Spanhem.
1450 2435 1490 2470 in

60 2482 211 2522 Caesar.
240 2482 380 2521 Iuliani
410 2498 444 2533 p.
470 2487 539 2525 12.
578 2484 712 2522 Vll-ms.

0 2563 1 2567 =
172 2541 278 2579 271.
312 2543 351 2580 8.
385 2539 510 2580 ΖΙῙετὰ
530 2539 764 2592 Πειρίθου]
794 2539 1022 2586 Pirithoum,
1050 2540 1218 2577 aeternis
1239 2544 1491 2579 constrictum

0 2574 2 2627 i
59 2596 251 2642 vinculis,
279 2595 362 2632 diro
379 2598 621 2634 mulcandum
641 2599 828 2645 supplicio
851 2598 1008 2643 inferis,
1037 2595 1187 2633 Theseo
1209 2596 1411 2634 Herculem
1442 2600 1489 2634 li-

58 2652 272 2688 beratorem
291 2651 338 2687 ad
359 2664 515 2701 superos
536 2656 754 2697 comitante,
776 2653 962 2701 relinquit
982 2667 1013 2690 c.
1028 2655 1113 2699 65,
1143 2652 1296 2690 Criticis
1319 2655 1358 2689 in
1373 2653 1488 2703 Apol-

57 2709 138 2746 lon.
162 2706 234 2744 Rh.
256 2707 283 2744 Ι.
311 2709 410 2747 102.
442 2708 538 2746 haud
568 2710 714 2746 invitis.
747 2709 877 2748 wass,

170 2765 276 2803 271.
306 2765 375 2803 17·
418 2763 534 2810 Τινὲς
555 2764 598 2804 δὲ
619 2763 778 2816 λέγουσι
801 2765 978 2815 ποίμνας
996 2759 1218 2816 προβάτων
1231 2763 1334 2813 etc.]
1366 2764 1408 2800 Ιη
1431 2764 1490 2802 his

60 2830 198 2856 nomen
235 2833 344 2857 suum
375 2820 574 2869 profitetur
606 2820 794 2871 Agroetas
826 2822 865 2858 in
896 2819 1026 2857 Schol.
1056 2822 1232 2868 Apollon.
1269 2818 1391 2858 Rhod.
1428 2820 1489 2857 lv.

118 2875 213 2912 Vm..
242 2875 269 2912 Ι.
1215 2877 1275 2915 22
