1828 3253
382 251 443 288 ΙΝ
476 249 586 289 Lm.
617 249 698 290 Xl.
743 249 868 291 CAP.
913 252 1136 292 83.—-85.
1420 252 1510 293 553

175 364 282 405 468.
302 363 376 404 49.
410 363 498 416 Τῆς
516 362 782 417 Κεφαληνίας
797 362 852 408 εἷς
871 358 1114 410 Ζάκυνθον]
1143 362 1452 418 Κεφαλληνίας,
1469 372 1513 403 ut

65 421 107 458 in
128 432 209 469 cap.
240 419 352 457 huius
373 426 621 471 argumento,
652 421 774 458 fronti
802 418 846 459 L.
879 419 951 457 XI.
980 421 1229 469 praescripto,
1261 424 1392 459 verius
1418 429 1512 471 erat,

66 488 141 525 quo
170 476 282 514 modo
313 483 352 513 et
370 478 463 513 citat
481 475 555 513 Iac.
583 476 804 514 Gronovius
828 476 875 513 ad
900 475 1088 524 Stephani
1106 472 1343 523 Ζάκυνθος.
1372 477 1513 517 Graeci

66 536 167 570 enim
187 540 335 570 veteres
356 545 503 582 semper
525 534 720 582 geminata
740 533 887 582 liquida
908 531 1203 585 Κεφαλληνίαν
1224 540 1262 570 et
1285 534 1371 587 Κεᾳ
1383 535 1513 586 αλλῆ»

66 603 142 635 νας
170 589 407 635 scribebant,
435 595 532 625 teste
559 588 760 626 Eustathio
782 590 823 625 in
852 587 1034 639 Dionysii
1054 589 1203 640 Perieg.
1234 603 1272 627 v.
1292 591 1424 639 431„
1449 593 1513 630 cui

67 643 107 682 C.
128 645 174 682 A.
194 643 340 681 Duker.
361 646 476 695 iunge
493 645 541 681 ad
562 643 717 682 Florum
738 644 785 682 Il.
806 646 846 684 9.
877 645 1010 682 Wssss.

71 712 75 715 ·
178 702 286 741 468.
317 701 388 740 53.
427 674 667 756 Καττρκισεν
686 701 741 747 εἷς
769 696 926 753 ταύτην
955 699 1210 754 ΤΙΙεσσηνίων
1241 698 1339 749 τοίς
1369 698 1514 756 ἐπισή-

64 756 197 808 μους]
229 756 431 795 Praedicat
457 743 556 794 hanc
574 759 814 809 popularium
843 771 999 795 suorum
1028 771 1119 808 erga
1138 757 1350 796 Messenios
1379 759 1514 797 huma-

65 815 247 861 nitatem,
277 813 343 850 sed
364 826 460 863 quae
487 817 641 863 proprio
664 827 711 851 ex
732 814 918 852 conmodo
939 820 977 851 et
999 812 1276 862 Spartanorum
1299 815 1387 853 odio
1410 815 1514 853 haud

64 881 196 918 parum
227 871 368 916 traxit,
409 869 594 907 Isocrates
621 870 781 909 Panath.
812 884 848 922 p.
878 871 985 911 369.
1033 870 1294 921 Naupactum,
1333 883 1516 919 quorsum

63 923 249 964 Messenii
270 925 449 974 deducti,
475 925 608 964 Locris
632 926 764 964 Ozolis
781 926 1034 964 Athenienses
1054 929 1284 977 eripuerant.
1315 926 1515 978 Thucydi-

65 980 172 1020 desl.
190 983 292 1022 103
311 981 352 1028 ἐς
366 978 620 1022 Ναύπακτον
624 979 888 1049 κατῴκισαν,
909 999 960 1035 ην
982 980 1124 1034 ἔτυχον
1145 978 1345 1038 ᾑρηκότες
1355 983 1516 1034 νεωστὶ,

63 1037 249 1091 Λοκρῶν
269 1041 354 1078 τῶν
370 1035 546 1087 Ὀζολῶν
568 1035 757 1090 ἐχόντων
791 1040 930 1077 Wnss.

177 1095 284 1135 468.
318 1095 389 1135 56.
428 1096 571 1135 Πεπολ
563 1093 768 1147 „emnam
798 1095 860 1135 ἐπὶ
894 1097 1032 1135 πλεΐον
1041 1123 1052 1143 ,
1077 1109 1171 1135 τοτε
1201 1091 1516 1158 κρατησαντες]

66 1148 265 1188 veriorem
293 1153 543 1200 scripturam,
572 1151 667 1203 Reg.
694 1155 728 1193 l.
758 1152 941 1189 beneficio
963 1159 1174 1200 servatam,
1202 1155 1398 1202 amplexus
1420 1167 1516 1191 sum.

66 1204 357 1244 Lacedaemonii
370 1206 582 1246 Messenios
600 1221 666 1257 per
682 1212 824 1246 contin·
818 1222 884 1246 tos
903 1209 1031 1245 decem
1048 1222 1170 1245 annos
1189 1216 1516 1260 oppugnaverant.

71 1261 198 1299 Saluti
224 1264 341 1300 victis
370 1264 445 1301 fuit
474 1266 572 1311 loci,
602 1277 676 1314 quo
706 1278 745 1301 se
769 1266 995 1312 tuebantur,
1024 1272 1186 1312 natura,
1217 1273 1255 1302 et
1277 1265 1378 1315 quod
1405 1279 1518 1315 prae-

67 1321 208 1356 moniti
227 1317 409 1368 Spartani
431 1327 573 1368 essent,
603 1322 798 1371 piaculum
816 1335 934 1372 grave
958 1321 1206 1368 admissuros,
1236 1324 1270 1358 si
1289 1321 1392 1359 Iovis
1412 1321 1517 1359 Itho-

68 1382 192 1412 matae
212 1377 400 1426 supplices
423 1378 655 1425 violassent,
683 1378 781 1427 apud
805 1377 970 1415 Pausan.
995 1376 1059 1415 lV.
1078 1378 1153 1417 24.
1192 1376 1277 1414 Hoc
1300 1391 1394 1415 vero
1413 1391 1516 1416 anno

67 1430 220 1468 finitum
238 1436 272 1470 si
293 1432 434 1470 bellum
465 1433 504 1470 id
525 1437 596 1481 sit,
619 1440 657 1470 et
687 1433 871 1471 Messenii
890 1436 1005 1471 certis
1031 1434 1181 1485 legibus
1212 1447 1231 1470 e
1250 1434 1517 1482 Peloponneso

70 1487 243 1535 dimissi,
271 1491 500 1539 principium
518 1493 600 1528 eius
621 1493 868 1539 anticipatum
889 1497 948 1528 est
967 1503 1081 1539 supra
1110 1503 1143 1527 c
1165 1490 1238 1531 64.
1270 1490 1321 1527 W
1324 1500 1406 1527 Ess

180 1545 289 1585 469
311 1546 384 1585 63.
420 1545 468 1585 Γ.
487 1542 679 1586 Κλώδιον
702 1541 933 1608 ιῬἦ-ῃιλλοπ]
972 1541 1237 1599 Ῥηγιλλάιόν
1260 1547 1425 1584 fortasse
1446 1558 1518 1596 pro

64 1593 288 1651 εΡῆςιλ.λον
317 1600 452 1641 RHOD.
503 1601 628 1654 Supra
657 1617 689 1640 c
712 1605 784 1644 78.
805 1604 939 1641 simile
971 1615 1184 1654 cognomen
1215 1601 1518 1641 Rhodomannus

69 1657 113 1693 in
134 1652 361 1709 ‘Ptyycmtevg
381 1662 595 1708 convertit,
626 1660 725 1708 quod
747 1673 769 1697 a
798 1661 883 1697 lacu
910 1658 1066 1710 Regillo
1087 1666 1275 1705 sumtum,
1302 1666 1346 1696 ut
1376 1659 1447 1697 hoc
1469 1660 1518 1696 ab

69 1710 259 1764 Regillis,
289 1713 427 1781 oppido
454 1714 707 1764 Sabinorum,
733 1715 836 1753 unde
861 1717 1098 1766 Regillanus
1126 1715 1226 1765 apud
1247 1714 1407 1753 Sueten.
1447 1714 1521 1753 Ti-

69 1769 149 1807 ber.
181 1783 213 1806 c.
238 1773 307 1817 2.;
339 1772 415 1808 nisi
446 1773 479 1808 si
501 1781 627 1810 tamen
648 1773 889 1823 Regillensis
918 1773 973 1810 lbi
991 1773 1128 1809 melius
1160 1774 1231 1819 sit,
1264 1785 1339 1822 quo
1374 1785 1521 1823 cogno-

71 1828 173 1863 mine
205 1824 357 1865 Claudii
381 1828 544 1878 publicis
572 1830 613 1866 in
643 1831 899 1867 monumentis
931 1834 970 1865 et
1001 1827 1098 1878 apud
1127 1827 1281 1866 Livium
1309 1827 1409 1865 Vlll.
1446 1830 1519 1869 15.

70 1889 253 1931 utuntur,
291 1890 470 1921 monente
508 1884 568 1924 lll.
602 1884 836 1935 Spanhemio
872 1884 1037 1924 Dissert.
1072 1883 1125 1921 X.
1156 1884 1202 1920 de
1228 1883 1311 1922 Usu
1344 1891 1382 1921 et
1413 1897 1518 1922 num.

70 1937 218 1976 Praest.
246 1953 282 1990 p.
306 1941 380 1981 48.
423 1939 534 1978 Certe
558 1937 787 1995 Ῥηγιλλεὺς
807 1954 830 1979 a
857 1943 1015 1993 vulgato
1034 1942 1208 1993 proxime
1230 1940 1348 1978 abest.
1379 1939 1522 1979 Confer

72 1994 239 2033 L.X11.
274 1998 349 2037 23.
390 1996 525 2035 WVEss.

182 2053 291 2093 469.
322 2054 395 2094 65.
435 2056 531 2094 Τῶν
552 2051 591 2107 ἀ)
594 2055 726 2095 αθῶν
749 2051 937 2109 ἀιᾶρῶν]
973 2053 1168 2102 Interpres
1191 2053 1435 2091 doctissimus
1458 2066 1522 2091 ar-

70 2108 218 2146 tissime
248 2109 340 2148 haec
378 2113 507 2149 iunxit
541 2112 811 2161 sequentibus:
855 2113 909 2148 sic
949 2108 1102 2163 ἀγαθοὶ
1144 2111 1262 2147 sortes
1303 2117 1342 2146 et
1373 2111 1524 2148 strenui

73 2172 208 2214 erunt,
236 2163 390 2219 ἀγαθοὶ
421 2166 478 2214 εἷς
505 2164 686 2234 πόλεμον
715 2167 967 2216 Xenophonti
991 2167 1090 2216 Exp.
1115 2164 1208 2216 Cyri
1229 2166 1270 2204 L.
1294 2166 1320 2202 l.
1353 2178 1386 2215 p.
1411 2167 1520 2206 211.

73 2223 155 2259 sive
189 2219 343 2274 ἀγαθοι
364 2223 530 2278 πολέμῳ
563 2227 604 2262 in
625 2224 792 2262 eiusdem
814 2225 1023 2261 Oeconom.
1055 2235 1089 2272 p.
1111 2224 1236 2268 655..
1266 2222 1365 2260 bello
1387 2224 1523 2260 melio-

75 2290 144 2314 res
171 2279 269 2328 apud
296 2278 454 2319 Sallust.
475 2280 646 2331 Iugurth.
677 2294 708 2317 c.
737 2282 806 2322 13.
853 2280 978 2317 Aliter
997 2278 1048 2316 H.
1067 2278 1310 2317 Dodwellus:
1328 2277 1523 2346 Ἀὶαθῶν

74 2335 228 2371 nomine
247 2337 450 2386 intelligit,
470 2337 708 2384 nisifallor,
728 2334 881 2383 καλοὺς
901 2332 1117 2391 κᾷγαθοὺς
1140 2335 1245 2373 Plut.
1268 2335 1361 2372 Cim.
1365 2331 1521 2389 ,ὁημῳ

77 2393 296 2441 oppositos,
324 2406 459 2445 nempe
480 2392 760 2447 Εὐπατρίὸας.
796 2392 866 2430 Sic
877 2393 1021 2440 fuerit
1043 2391 1258 2443 ‚sophocles
1268 2399 1396 2444 poeta
1417 2394 1525 2429 inter

78 2447 166 2484 illos
194 2452 486 2497 agnoscendus,
515 2464 625 2501 quem
660 2450 830 2488 Periclis
850 2451 997 2487 socium
1019 2454 1242 2499 agnoscunt
1267 2448 1418 2486 Auctor
1448 2449 1525 2486 Vit.

79 2501 308 2555 Sophoclis,
331 2504 571 2544 Plutarchus
595 2509 634 2544 in
654 2506 834 2553 Pericle,
868 2513 909 2543 et
926 2505 1117 2551 Iustinus,
1142 2505 1283 2542 Annal.
1304 2503 1522 2555 Thucydid.

77 2571 113 2607 p.
137 2560 209 2600 98.
239 2561 305 2598 sed
326 2575 457 2612 parum
489 2563 685 2602 conmode.
739 2563 907 2600 Pericles
934 2561 1176 2599 multitudini
1206 2563 1366 2598 nimium
1396 2561 1527 2598 stude-

78 2616 164 2662 bat,
195 2629 265 2653 nec
286 2620 364 2654 suis
385 2620 530 2656 artibus
559 2620 835 2666 conveniebat,
863 2625 907 2655 ut
929 2621 1129 2666 optimates
1160 2620 1361 2667 praecipue
1391 2621 1432 2654 in
1452 2616 1526 2653 hoc

77 2673 218 2710 bellum
237 2673 477 2712 adscisceret.
522 2675 629 2713 Adde
655 2675 884 2724 Sophoclem
903 2672 1081 2711 habuisse
1110 2675 1317 2724 collegam,
1344 2674 1526 2722 illiusque

79 2728 173 2765 adeo
198 2728 429 2782 στρατηγὸν
451 2744 529 2768 non
551 2733 683 2771 fuisse.
731 2731 919 2779 Equidem
952 2731 1204 2780 opportunius
1232 2731 1315 2766 fore
1345 2730 1525 2776 arbitror,

79 2787 114 2822 si
133 2787 392 2833 superioribus
412 2786 505 2824 haec
527 2794 828 2834 connectantur,
857 2794 899 2824 ut
918 2786 1105 2824 Periclem
1125 2792 1319 2834 spectent,
1347 2787 1413 2832 qui
1441 2786 1526 2824 τῶν

81 2838 256 2893 ἀγαθῶν
287 2839 450 2894 ἀνδρῶν
479 2843 619 2891 fuerit,
645 2846 708 2882 vir
738 2845 876 2894 quippe
906 2845 1107 2895 egregius,
1133 2848 1172 2880 et
1199 2842 1440 2880 nobilissimo
1458 2853 1527 2894 ge-

82 2910 172 2934 nere
194 2901 429 2949 progenitus.
463 2898 598 2937 VVESS.
