1828 3253
413 169 476 208 IN
505 168 616 208 Lm.
647 169 691 207 v.
729 167 856 207 cAP.
886 157 961 210 44.
989 191 1035 198 -
1059 171 1133 212 46.
1414 174 1508 214 445

173 285 280 325 367.
311 285 387 324 22.
433 280 634 336 Θοασέων
652 280 720 321 καὶ
740 277 996 333 παρανόμων
1019 278 1286 334 ἀνθρώπιον]
1319 283 1507 335 Supplevi

56 339 221 378 Diodori
241 343 485 385 orationem,
504 339 595 375 Mss.
617 338 905 384 addicentibus,
924 350 1019 387 quos
1046 346 1173 376 tamen
1191 353 1240 376 an
1264 354 1400 389 sequar
1419 350 1506 390 post

58 410 177 446 pauca
196 399 246 450 τῇ
267 393 500 447 λεπτότητι
506 416 554 422 -—
576 391 807 462 ὸιαᾳόοοῑς
828 396 1109 442 praeferentes,
1137 396 1281 433 dubito.
1310 398 1421 435 Proh:
1425 400 1504 435 nba-

58 462 121 489 tur
144 456 184 490 in
206 437 318 490 l'inen's
348 452 519 490 vestibus
552 447 598 489 τὸ
630 449 778 489 λεπτὸι
806 448 985 503 ἱῖᾳασιια
1014 451 1114 500 apud
1136 452 1282 489 Polluc.
1305 454 1386 490 xli.
1411 456 1484 494 35.
1476 482 1502 501 .‚

57 523 129 545 nec
148 512 275 546 minus
297 503 506 559 λευκότης,
530 509 611 544 sive
637 508 800 551 candor,
828 509 892 554 qui
915 506 976 544 hic
998 509 1144 558 negli01
1165 521 1242 545 non
1264 522 1372 558 posse
1392 525 1415 547 v
1422 511 1501 547 ide-

57 572 141 611 tur,
170 578 256 601 cum
274 566 324 617 τῆ
342 560 600 614 μαλακότητι
623 566 715 599 satis
744 575 930 612 superque
950 564 1165 610 indicetur,
1191 574 1318 601 vestes
1339 568 1425 602 illas
1445 575 1502 603 te-

56 624 125 658 nui
145 622 209 657 filo
238 621 358 658 fuisse
376 626 516 656 textas.
550 618 631 656 Fav
635 626 700 655 ent
728 626 857 655 tamen
881 622 1034 669 scriptis
1064 591 1182 657 Codd.
1211 617 1362 659 ὀθόιια
1381 625 1429 673 τῇ
1457 638 1500 661 τε

55 673 270 727 λεπτότητι
291 674 358 714 καὶ
378 679 429 728 τῇ
455 671 714 725 μαλακότντι
747 674 976 726 διαπρεπῆ,
1013 688 1110 724 quae
1142 679 1185 713 in
1209 679 1337 714 insula
1367 677 1502 716 Melita

55 734 307 778 texebantur,
336 743 416 779 cap.
447 734 517 771 12.
537 730 651 767 huius
671 731 772 768 libri.
806 731 855 768 W
860 742 943 771 Ess

167 789 272 829 367.
295 789 367 827 30.
399 783 611 826 Σανὸάλια
632 786 795 826 ποικίλα
818 790 952 840 ᾳιλοτ.
973 786 1234 840 εἶργασμείἀ]
1268 788 1319 826 Et
1341 789 1402 826 hic
1424 803 1501 828 una

53 858 150 883 voce
167 847 377 882 auctiorem
406 845 594 881 orationis
622 850 770 880 textum
792 857 875 881 esse
908 847 1026 892 iussi;
1056 845 1158 894 quod
1186 844 1286 882 haud
1306 848 1448 883 iniuria
1477 859 1502 883 a

54 915 114 938 me
131 902 274 938 factum
298 900 507 947 declarant,
530 907 568 937 et
588 911 684 948 quae
703 899 911 948 adduntur,
936 908 974 939 et
992 903 1124 940 soleae
1145 901 1292 939 rubrae
1313 903 1355 939 in
1375 902 1502 940 Persii

56 956 139 995 Sat.
151 956 196 994 V.
216 958 317 997 169.
339 963 378 993 et
391 957 576 1003 sandalia,

216 1010 303 1065 Ἐφ’
328 1007 387 1058 οἷς
407 1010 458 1051 τὰ
473 1013 611 1063 χρυσᾶ
632 1009 746 1051 ταῦτ’
771 1009 930 1052 ἔπεστιν
955 1010 1134 1064 ἄνθεμα,

54 1083 104 1107 ex
127 1067 379 1117 Cephisodori
399 1068 622 1118 Trophonio
645 1069 746 1118 apud
769 1069 912 1106 Polluc.
935 1070 1017 1107 Vll.
1044 1073 1114 1111 87.
1146 1070 1280 1107 ἮἘΞΒ.

170 1126 276 1166 368.
303 1125 378 1164 37.
415 1120 525 1164 ιΥπὸ
557 1122 662 1170 Διὸς
690 1123 880 1177 ἠγμένοις
911 1125 966 1171 εἷς
993 1124 1069 1178 τὴν
1100 1125 1350 1178 Παγχαίαν]
1389 1125 1500 1164 Nihil

56 1181 149 1218 hinc
178 1181 344 1217 demuto.
390 1179 558 1218 Deducti
584 1193 629 1217 eo
659 1189 827 1230 tempore
856 1182 1059 1229 videntur,
1097 1196 1172 1232 quo
1197 1182 1371 1219 Historia
1392 1196 1502 1220 sacra

54 1238 188 1275 Iovem
208 1239 250 1274 in
269 1236 501 1274 Panchaiam
519 1239 672 1274 venisse
693 1251 778 1275 cum
798 1251 944 1286 magna
972 1239 1216 1276 Cretensium
1236 1240 1500 1286 multitudine,

60 1293 322 1344 Titanumque
350 1305 401 1329 ac
416 1294 534 1341 filios
564 1295 648 1331 eius
667 1295 888 1345 pugnando
919 1296 1083 1341 vicisse,
1103 1302 1302 1345 parentes
1330 1296 1501 1333 vinculis

56 1352 268 1396 exemisse,
299 1350 424 1401 patri
450 1363 613 1400 regnum
643 1351 884 1396 reddidisse,
925 1358 1045 1401 utque
1076 1353 1135 1387 itu
1171 1353 1210 1388 in
1246 1351 1405 1388 Cretam
1434 1364 1500 1388 re-

54 1418 229 1453 measse,
255 1405 433 1443 tradebat
454 1407 497 1443 in
525 1405 719 1444 Lactantii
739 1406 782 1442 L.
801 1406 829 1443 1.
852 1405 902 1445 D.
926 1406 1019 1444 Inst.
1041 1421 1072 1443 c.
1096 1407 1167 1447 14.
1208 1408 1330 1445 Porro
1351 1407 1500 1446 διαπο-

54 1459 267 1516 ρευόμενοι
280 1489 292 1509 ,
319 1462 421 1510 quod
441 1463 483 1499 in
501 1464 761 1511 superioribus
779 1464 942 1513 legitur,
968 1465 1128 1514 parilem
1146 1466 1226 1501 vim
1245 1477 1289 1500 ac
1312 1459 1501 1503 διελθόν-

53 1533 121 1565 τες
140 1518 272 1565 habet,
297 1531 368 1555 usu
396 1531 488 1556 sane
507 1531 617 1567 quam
638 1532 737 1556 raro.
762 1518 898 1555 XVEss.

166 1575 272 1615 368.
293 1575 369 1614 42.
393 1571 608 1626 Ἐγγόνοις]
629 1570 832 1627 Ἔκγόνοις
853 1574 904 1611 Μ.
917 1573 963 1611 R.
974 1574 1020 1611 V.
1038 1575 1134 1612 Vide
1150 1589 1250 1625 supr.
1265 1589 1296 1612 c.
1313 1578 1350 1616 1.
1363 1576 1498 1613 ἎἘεε.

169 1631 274 1671 368.
301 1631 379 1670 43.
410 1627 481 1676 Ἅς
502 1628 663 1684 ἔφασαν
687 1628 759 1670 τὸν
777 1630 865 1670 Δία
894 1633 1172 1681 πεποιῆσθαι]
1206 1631 1416 1669 Euemerus
1439 1633 1501 1669 hi-

55 1688 220 1725 storiam
250 1688 458 1724 contexuit
483 1700 533 1724 er
566 1688 696 1724 titulis
726 1692 767 1723 et
794 1687 1116 1738 inscriptionibus
1146 1691 1298 1735 sacris,
1325 1702 1426 1739 quae
1458 1691 1501 1726 in

55 1745 344 1794 antiquissimis
374 1744 526 1794 templis
564 1742 834 1788 habebantur,
878 1745 1125 1794 maximeque
1169 1746 1208 1781 in
1236 1745 1347 1791 fano
1387 1744 1501 1782 Iovis

61 1799 282 1851 Triphylii,
318 1798 385 1836 ubi
413 1813 579 1837 auream
611 1800 828 1836 columnam
856 1802 1035 1850 positam
1067 1812 1150 1837 esse
1192 1800 1241 1837 ub
1272 1803 1354 1852 ipso
1388 1801 1500 1847 Iove,

55 1857 196 1893 titulus
214 1855 439 1902 indicabat,
472 1858 511 1893 in
535 1870 613 1907 qua
634 1857 813 1893 columna
838 1863 954 1905 gesta
974 1869 1047 1893 suu
1060 1859 1327 1908 perscripsit,
1355 1864 1401 1894 ut
1418 1870 1500 1894 mo-

52 1914 265 1950 nimentum
293 1919 397 1949 esset
413 1915 594 1963 posteris
625 1926 758 1949 rerum
781 1925 965 1958 suarum,
995 1915 1049 1949 sic
1077 1911 1298 1950 Lactantius
1327 1913 1371 1951 L.
1398 1913 1426 1950 1.
1446 1912 1496 1949 D.

53 1969 148 2006 Inst.
170 1981 202 2005 c.
220 1970 304 2015 l].,
325 1980 436 2017 quem
448 1970 589 2006 nollem
609 1982 632 2005 a
651 1967 819 2005 Doctiss.
836 1968 983 2006 sevino
1003 1971 1245 2019 castigatum,
1266 1971 1375 2017 quasi
1397 1982 1497 2006 con-

51 2026 173 2062 traria
193 2023 366 2062 Diodoro
393 2032 679 2079 proponentem.
717 2021 976 2076 Ἀναγραᾳαὶ
1006 2026 1095 2061 illae
1127 2027 1232 2073 ipsae
1262 2033 1376 2071 sunt,
1404 2037 1498 2073 quas

53 2094 170 2118 aurea
189 2082 367 2117 columna
389 2082 719 2129 conplectebatur:
748 2081 849 2130 quod
868 2084 969 2117 enim
988 2089 1074 2130 post
1094 2080 1231 2118 deinde
1252 2088 1429 2118 narratur
1450 2082 1496 2118 de

54 2136 259 2184 Mercurio,
284 2136 324 2173 id
342 2150 404 2173 res
423 2137 613 2186 Apollinis
627 2145 664 2174 et
683 2136 831 2173 Dianae
853 2144 1012 2185 spectat,
1039 2149 1132 2185 quas
1143 2136 1312 2174 Deorum
1331 2137 1499 2175 admini-

54 2199 135 2230 ster
153 2194 351 2230 columnae
371 2192 583 2241 addiderat,
611 2191 944 2245 προσανέγραψε,
970 2201 1014 2230 ut
1031 2200 1164 2230 auctor
1191 2195 1329 2243 inquit.
1360 2194 1500 2232 WVESS.

169 2249 275 2289 368·
306 2250 381 2289 45.
418 2247 528 2301 ’Έχει
559 2271 607 2277 -
635 2247 821 2300 μέταλλα
850 2248 1008 2300 δαψιλῆ
1043 2271 1091 2277 -
1125 2249 1193 2288 καὶ
1221 2247 1497 2303 κασσιτέρου]

53 2303 236 2342 Caussam
261 2317 340 2342 non
358 2306 494 2354 video,
525 2319 592 2343 cur
613 2307 777 2353 scriptos
807 2305 926 2341 libros
955 2305 1137 2343 deseram.
1170 2305 1404 2354 Euemerus,
1432 2309 1500 2355 qui

54 2359 285 2398 Panchaiam
305 2362 489 2409 condidit,
515 2363 645 2399 eadem
665 2374 780 2411 opera
799 2361 915 2397 ubere
933 2364 1030 2408 auri,
1047 2365 1212 2412 argenti,
1234 2365 1348 2410 aeris,
1368 2365 1499 2400 stanni

56 2429 100 2459 ac
118 2417 214 2453 ferri
232 2419 341 2466 copia
368 2431 412 2455 ac
432 2419 576 2455 fodinis
597 2420 786 2455 instruxit
808 2419 982 2454 insulam.
1014 2418 1064 2455 W
1069 2428 1154 2455 Ess.

167 2473 272 2512 368
303 2473 374 2512 55.
396 2471 484 2513 ’Έτι
507 2473 552 2513 δὲ
571 2470 705 2519 θύους
726 2472 1154 2526 ὁεὸημιουογημείας]
1187 2471 1388 2524 Corrige
1375 2473 1431 2514 ἔτι
1455 2473 1499 2514 δὲ

55 2521 188 2575 θυου,
219 2542 270 2565 ac
288 2536 420 2576 verte,
450 2537 488 2567 et
507 2532 617 2567 citro.
652 2529 915 2567 Doctissimus
946 2533 1144 2582 interpres
1166 2533 1334 2569 ridicule
1363 2532 1500 2568 reddi-

58 2586 135 2630 dit,
162 2597 206 2621 ac
230 2583 362 2631 thure,
393 2588 511 2636 quusi
538 2582 646 2632 θύος
670 2586 725 2623 ibi
751 2592 855 2622 esset
871 2584 980 2632 thus,
1009 2594 1083 2624 aut
1102 2590 1219 2637 quusi
1239 2587 1367 2624 thuris
1389 2589 1497 2636 legno

46 2640 169 2688 fores
191 2642 547 2692 compingerentur.
579 2642 731 2694 Inepte.
769 2642 912 2688 Varro,
940 2641 1002 2679 En
1031 2644 1168 2692 quibus
1190 2643 1353 2693 Libyssa
1377 2645 1498 2680 citrus

56 2698 187 2733 fasciis
208 2699 331 2747 cingit
352 2697 468 2735 fores.
498 2698 570 2736 Sic
588 2699 686 2748 Iege.
724 2697 830 2735 Haec
850 2697 1013 2735 Salmas.
1032 2702 1074 2735 in
1096 2699 1219 2736 Solin.
1242 2712 1276 2747 p.
1298 2701 1403 2739 667.
1433 2701 1496 2735 cui

56 2753 279 2801 adstipulor.
307 2751 516 2791 Pausanias
535 2754 577 2790 L.
594 2754 697 2792 Vlll.
719 2757 738 2794 l
751 2756 789 2794 7.
809 2750 919 2793 θύου
944 2753 987 2793 δὲ
1006 2753 1277 2806 πεποιημένον
1298 2752 1344 2794 τὸ
1370 2752 1499 2805 ἄγαλ-

55 2806 116 2859 μά
136 2808 257 2850 ἐστιν.
287 2808 484 2849 Mercurii
506 2810 675 2861 Cyllenii
691 2824 742 2850 ea:
769 2811 873 2849 citro
899 2812 1074 2852 dolatum
1095 2814 1246 2863 signum
1269 2818 1340 2849 est.
1361 2811 1498 2852 wass.
