1828 3253
302 82 394 122 382
776 77 1288 129 ANNOTATIONES

303 187 535 244 Παρνασὸν
556 186 601 228 τὸ
626 186 723 243 ὅρος
742 189 859 239 κτίζει
883 187 1019 238 πόλεις
1039 187 1180 238 Βοιόν.
1206 190 1388 236 litium),
1413 187 1603 242 Ἐρινεὸν,
1633 189 1674 237 ἐξ
1694 181 1741 229 οὗ

302 249 490 299 Δωριὲΐς.
518 245 649 297 Longe
669 260 760 284 vero
780 246 1008 297 flagitiosius
1026 260 1106 284 rem
1129 261 1233 284 suam
1254 247 1571 283 administrarant
1589 248 1678 285 infr.
1700 245 1740 282 L.

304 303 376 342 XI.
399 304 471 343 79.
494 301 712 341 Κυνῖίιίον
733 302 800 341 καὶ
826 302 1013 355 'Ept'fflvov
1034 303 1101 341 καὶ
1126 300 1325 356 Ἑριναιὸν
1348 303 1458 340 nobis
1481 310 1743 349 exstruentesg

306 360 347 396 id
376 372 468 397 vero
497 359 592 395 alias
623 359 911 396 eradicabimus.
960 358 1020 396 Tu
1040 359 1130 397 vide
1151 359 1198 396 ls.
1217 359 1376 397 Casaub.
1401 361 1440 395 in
1463 357 1642 396 Strabon.
1666 357 1740 396 IX.

305 428 341 465 Ι).
366 416 470 455 654.
490 413 533 450 Α.
553 413 609 450 X:
629 426 665 463 p.
691 416 795 455 729.
816 416 860 453 A.
891 422 928 452 et
961 414 1023 453 Ti.
1052 415 1268 453 Hemsterh.
1292 415 1339 452 ad
1368 415 1470 452 Piut.
1499 413 1742 463 Aristophan.

306 485 342 523 p.
369 473 472 513 117.
502 470 637 508 Wssss.

420 529 524 567 311.
548 527 619 566 55·
645 522 1092 580 Προσαναὸραμόντας
1115 532 1200 574 τοῖς
1223 523 1416 578 χρόνοις]
1459 525 1572 562 Haud
1594 526 1672 562 scio
1695 538 1745 562 an

306 597 386 622 non
405 583 606 634 legendum
627 585 677 620 sit
696 580 1110 636 προαναδραμόντας,
1125 596 1327 633 regressos
1346 585 1402 620 ad
1416 584 1627 634 superiora
1651 589 1746 618 tem-

296 653 421 694 pora.
449 639 583 676 RHOD.
611 639 741 676 Indice
764 653 801 681 v.
825 640 1080 693 προσαναδρ.
1112 640 1222 677 Conf.
1242 653 1342 690 supr.
1361 653 1394 678 c.
1419 642 1492 679 62.
1522 639 1656 676 Wnss.

422 697 528 736 311.
560 697 632 735 61.
679 691 842 734 Τούτου
875 692 1080 748 δὲ”Αρνη
1110 692 1300 748 θυγάτηρ
1332 693 1525 747 γενομένη
1559 690 1745 733 ,Βοιωτὸν

307 750 400 804 etc.]
428 752 555 789 Habet
573 750 705 788 Arnen
724 750 833 788 Aeoli
856 751 973 789 filiam
994 753 1159 790 Pausan.
1181 751 1253 788 lx.
1273 753 1346 791 40.
1368 765 1404 801 p.
1423 753 1544 798 793..
1572 765 1591 787 e
1613 763 1685 799 qua
1711 757 1748 786 et

306 808 486 858 Neptuno
505 807 688 844 Boeotum
709 808 866 844 furtivis
886 809 1078 845 amoribus
1098 815 1221 845 satum
1240 808 1408 856 produnt
1426 807 1556 844 Schol.
1578 808 1619 843 in
1641 806 1748 843 iliad.

309 865 364 911 Β.
397 865 504 904 494.
543 863 718 900 Eustath.
740 866 782 900 in
808 862 972 914 Dionys.
1000 864 1148 914 Perieg.
1168 878 1204 901 v.
1228 865 1336 903 426.
1368 870 1406 899 et
1434 870 1583 911 praeter
1601 869 1746 898 ceteros

307 920 534 969 Euphorion
554 919 654 968 apud
676 918 858 970 Stephan.
889 919 1079 960 Βοιωτία.
1113 919 1253 965 Ceteri,
1275 919 1460 967 Euripide
1490 921 1529 956 in
1550 919 1747 969 cognomi-

308 989 357 1013 ne
376 976 520 1013 Fabula
540 983 768 1024 praeeunte,
808 975 1071 1026 Melanippae,
1108 989 1220 1026 quam
1239 976 1439 1024 Neptunus
1471 980 1747 1023 conpresserat,

307 1031 493 1070 Boeotum
524 1033 617 1069 dant
643 1032 789 1078 filium,
820 1033 921 1069 unde
943 1046 1081 1070 nomen
1101 1031 1304 1079 Boeotiae,
1335 1031 1474 1069 Strabo
1495 1030 1557 1067 Vl.
1582 1045 1619 1080 p.
1642 1031 1748 1070 406.

310 1087 351 1126 C.
379 1096 416 1126 et
436 1088 628 1125 Diodorus
646 1091 726 1137 ipse
746 1087 858 1125 XIX.
884 1090 955 1128 53.
982 1089 1121 1126 VVEss.

423 1146 527 1184 311.
551 1146 623 1185 64.
654 1144 934 1199 Ζίίῖξταποντίῳ
964 1145 1090 1200 ξένῳ]
1121 1145 1302 1182 Straboni
1324 1138 1621 1189 ΖΠετάποντος,
1645 1142 1749 1179 urbis

310 1201 443 1238 eodem
464 1203 504 1238 in
525 1200 635 1238 ltalia
657 1204 810 1238 nomine
842 1202 1042 1249 conditor,
1069 1209 1107 1239 et
1126 1201 1285 1253 Hygino
1305 1200 1347 1238 F.
1370 1199 1649 1246 CLXXXVI„
1684 1198 1750 1235 sed

312 1258 555 1295 dissentienti
576 1259 617 1294 in
635 1258 778 1294 multis.
807 1257 942 1295 Wssss.

311 1350 313 1352 .
423 1315 528 1353 312.
552 1314 625 1353 69.
668 1309 971 1366 Υἷοποιήσατο]
1012 1310 1134 1359 Υἶοῦς
1161 1309 1381 1365 ἐποιήσατο
1414 1310 1480 1351 Co.
1516 1310 1568 1349 M.
1588 1310 1633 1348 V.
1659 1312 1750 1348 satis

310 1371 518 1421 eleganter.
547 1370 755 1420 Vulgatum
775 1368 889 1407 habes
911 1384 942 1407 c.
965 1371 1038 1410 40.
1069 1370 1203 1407 wass.

424 1427 529 1466 312.
552 1428 622 1467 78.
646 1424 974 1478 Ὀνομαζομὲνην
995 1423 1061 1465 ἀπ’
1087 1424 1244 1475 αὐτοῦ]
1275 1424 1398 1461 Credo
1418 1418 1484 1461 ὑπ’
1510 1419 1638 1461 αὐτοῦ
1661 1424 1751 1459 olim

308 1483 448 1520 fuisse:
487 1495 609 1532 neque
630 1485 732 1520 enim
755 1495 802 1519 ex
821 1496 890 1520 suo
911 1484 1064 1520 nomine
1086 1482 1262 1532 Liparam
1288 1482 1508 1530 appellavit.
1544 1479 1629 1516 Vid.
1661 1479 1751 1515 infr.

310 1537 354 1576 L.
376 1539 420 1575 V.
447 1540 488 1578 7.
530 1538 666 1575 lVEss.

426 1595 532 1634 312.
559 1597 630 1636 80.
658 1592 743 1634 Καὶ
762 1593 981 1641 τεκνωθεὶς
998 1589 1065 1633 ὑπ’
1092 1590 1235 1644 αὐτοῦ]
1261 1593 1316 1630 Et
1331 1592 1379 1629 ab
1401 1605 1445 1629 eo
1467 1593 1506 1628 in
1517 1592 1606 1639 filii
1624 1591 1750 1628 locum

311 1652 502 1690 adscitus.
555 1662 650 1699 quae
680 1651 789 1689 verbi
812 1652 892 1688 eius
915 1659 1082 1701 potestas
1101 1653 1225 1687 rarior
1253 1650 1501 1686 confirmatur
1520 1642 1752 1692 τεκνώσεως

309 1708 512 1754 vocabulo,
538 1707 584 1744 de
605 1709 817 1759 adoptione
838 1710 964 1756 posito
988 1709 1129 1755 c.40.;
1149 1708 1282 1753 altera,
1303 1718 1376 1754 qua
1396 1706 1593 1744 τεκνῶσαι
1614 1716 1751 1752 paren-

310 1770 381 1811 tes,
411 1764 525 1800 liberi
555 1765 836 1815 τεκνωθῆναι,
866 1778 952 1801 cum
980 1767 1215 1815 gignuntur,
1243 1762 1504 1812 perhibentur,
1529 1761 1650 1796 multo
1671 1772 1752 1796 om-

309 1821 420 1857 nium
441 1822 482 1857 in
504 1818 575 1858 hoc
595 1823 782 1868 scriptore
803 1822 1004 1858 tritissima
1019 1827 1087 1859 est.
1115 1819 1268 1856 Habent
1289 1825 1326 1855 et
1336 1815 1578 1867 Lycophron.
1591 1829 1628 1853 v.
1644 1816 1749 1855 963.

311 1883 350 1913 et
369 1875 565 1913 Plutarch.
586 1875 701 1913 Thes.
724 1890 759 1926 p.
783 1877 823 1916 3.
842 1876 884 1913 Β.
905 1878 1057 1925 aliique.
1091 1876 1222 1913 Wssss.

426 1933 531 1972 312.
555 1934 627 1973 83.
652 1933 842 1972 Βοιωτοῦ
875 1932 919 1972 δὲ
935 1930 1102 1979 Ἴτωνος
1121 1925 1363 1983 γενόμενος]
1399 1928 1485 1965 Alia
1505 1930 1633 1965 omnia
1651 1925 1751 1964 Pau-

312 2001 394 2026 san.
416 1988 486 2025 IX.
516 1991 551 2029 l.
584 1989 646 2026 cui
678 1989 811 2026 Itonus
843 1988 1157 2038 Amphictyonis,
1186 1987 1286 2023 Itoni
1312 1986 1416 2022 filius
1436 1984 1622 2030 Boeotus3
1650 1983 1749 2032 quod

313 2052 471 2081 stemma
493 2058 572 2081 non
591 2046 769 2094 inprobat
786 2044 915 2082 Schol.
936 2048 978 2082 in
1001 2044 1108 2081 lliad.
1129 2044 1181 2091 B,
1202 2043 1309 2082 495.
1355 2041 1528 2077 Necdum
1545 2054 1637 2077 vero
1658 2052 1750 2076 con-

313 2101 487 2138 stitutum
517 2100 659 2148 habeo,
697 2104 796 2138 sitne
821 2090 1099 2153 Hippalcimus
1127 2112 1175 2136 ex
1195 2100 1347 2147 optimis
1368 2096 1520 2134 schedis
1545 2096 1750 2147 Hippoda-

311 2169 395 2194 mus
417 2155 719 2206 nuncupandus?
748 2157 784 2194 N
788 2171 838 2194 on
858 2160 959 2195 enim
980 2157 1171 2194 hominem
1191 2156 1286 2192 bene
1306 2156 1410 2199 novi,
1432 2155 1508 2190 nisi
1526 2154 1626 2190 forte
1646 2152 1750 2203 Hip-

302 2214 506 2266 palcimus
526 2216 588 2260 sit,
617 2225 727 2262 quem
747 2216 849 2250 inter
867 2214 1108 2265 Argonautas
1127 2217 1340 2256 recensent,
1366 2209 1431 2246 sed
1451 2211 1558 2246 cuius
1573 2216 1749 2257 parentes

311 2271 380 2306 alii
401 2270 500 2318 apud
524 2269 671 2320 Hygin.
690 2269 782 2306 Fab.
797 2270 906 2307 XIV.
936 2269 1064 2306 Habet
1082 2273 1182 2307 inter
1203 2268 1355 2304 eosdem
1373 2266 1614 2317 Argonautas
1633 2265 1750 2313 Apol-

310 2325 388 2362 lod.
411 2326 438 2363 1.
460 2326 501 2365 9.
528 2327 596 2366 16.
626 2324 848 2377 Πηνέλεων
862 2322 1105 2376 (Ιππάλμου,
1124 2320 1290 2375 Λήϊτον
1303 2320 1571 2374 Ἀλὲκτορος.
1599 2322 1665 2368 qui
1680 2333 1750 2357 no-

313 2384 385 2418 stri
405 2389 537 2428 erunt,
566 2382 680 2418 modo
695 2377 965 2432 Ἱππαλκίμου
988 2390 1026 2419 et
1042 2375 1343 2433 Ἀλεκϊρυόιός
1362 2378 1578 2416 τθίὶηκεῐίε,
1617 2377 1752 2413 Poste-

312 2440 394 2474 rius
423 2437 614 2474 Homerus
650 2437 758 2475 Iliad.
787 2438 834 2485 P,
863 2441 967 2478 602.
998 2438 1236 2486 expostulat,
1267 2434 1556 2485 negandumque
1579 2431 1749 2470 Diodoro

314 2492 414 2530 haud
444 2495 565 2540 foret,
596 2496 629 2530 si
657 2493 774 2531 Codd.
804 2495 1037 2531 addicerent.
1075 2493 1176 2530 Itoni
1205 2499 1385 2540 nepotes,
1414 2490 1460 2526 ad
1485 2488 1640 2525 Troiam
1662 2501 1748 2537 pro-

311 2551 457 2596 fectos,
489 2549 608 2586 Poeta
629 2564 695 2597 eo,
724 2563 834 2599 quem
854 2553 1017 2599 primum
1040 2551 1213 2600 signavi,
1240 2549 1325 2585 loco
1346 2552 1550 2583 memorat:
1589 2558 1749 2594 quorum

317 2606 476 2643 Clanius
498 2619 546 2642 ex
566 2605 913 2644 Grammaticorum
942 2607 1041 2657 apud
1060 2604 1235 2642 Eustath.
1255 2618 1290 2654 p.
1310 2603 1417 2643 264.
1449 2602 1601 2638 decreto
1634 2600 1748 2639 Κλο-

314 2661 400 2708 νίος
442 2662 665 2700 scribendus
707 2665 791 2701 erit.
839 2663 927 2701 vid.
955 2670 994 2701 et
1021 2660 1223 2701 Muncker.
1265 2662 1308 2698 in
1338 2658 1485 2710 Hygin.
1516 2656 1558 2695 F.
1585 2655 1743 2694 XCVII.

312 2718 446 2756 Wuss.
