1828 3253
413 161 475 200 IN
505 160 776 216 maxim.
813 159 939 199 CAP.
972 160 1200 202 69.·-72.
1426 160 1517 199 679

194 274 298 315 597.
330 275 403 314 72
435 270 577 320 “norme
608 268 687 313 ὅσα
717 269 767 312 ἄν
787 266 1083 324 -χορηγήσαι
1113 266 1276 323 αὐτοῖς]
1311 269 1402 309 Fuit
1430 283 1516 309 cum

75 333 305 383 χορηγῆσαι
313 330 567 397 praeferrem,
594 329 693 380 quod
715 335 848 366 auctor
866 328 1055 366 infinitam
1075 339 1347 376 nonnunquam
1371 329 1515 364 oratio-

79 398 168 424 nem
198 393 283 434 post
311 383 422 431 ὅπως
451 385 648 431 admittat,
677 392 720 422 ut
739 383 781 421 L.
801 383 894 421 XX.
917 385 958 424 4.
988 383 1103 420 Nunc
1122 383 1248 420 nihil
1239 396 1394 421 1nn0v.o
1436 382 1513 419 Ge-

78 446 223 479 minum
242 448 299 478 est
317 454 349 478 c.
370 442 442 482 75.
474 437 585 487 ὅπως
616 436 636 481 ὃ
671 439 746 493 μὲν
765 440 947 492 Διοκλνς
979 435 1216 493 προσκόψαι
1237 444 1324 486 τοῖς
1352 435 1511 490 πλήθμ

80 513 156 538 σιν.
190 498 322 536 Vl‘Ess.

195 555 297 594 597.
321 552 392 594 85.
420 550 526 603 Περὶ
548 549 593 591 τὸ
616 548 801 602 Νότιον]
844 551 1124 602 Harpocration
1139 549 1294 603 χωρίον
1317 551 1435 589 fuisse
1456 552 1511 586 ait

76 609 340 662 προκείμενον
358 610 431 660 τῆς
451 608 734 664 Κολοφωνίων
754 605 831 648 πό)
836 623 921 654 ἕως.
960 608 1010 645 At
1032 607 1250 645 Herodotus
1284 606 1324 643 1..
1354 607 1509 646 [149.

75 667 177 703 inter
196 665 371 702 Aeolicas
392 666 570 701 civitates
589 665 728 703 diserte
749 672 936 705 numerat.
979 664 1066 702 vid.
1088 663 1130 700 L.
1149 662 1324 701 Holsten.
1352 662 1401 700 ad
1422 658 1509 701 Λό-

75 736 163 761 τιον
186 719 382 770 Stephani.
419 719 557 758 Wnss.

190 777 293 816 597.
327 776 402 816 93.
437 774 553 815 Δίκα
585 773 629 814 δὲ
657 777 758 822 ναῦς
789 773 962 829 ἀρίστας
989 773 1083 825 etc.]
1112 773 1277 813 Duabus
1300 772 1511 811 Antiochus

74 832 301 871 triremibus
329 834 370 869 in
399 831 652 881 Ephesiorum
681 839 834 880 portum
862 836 1035 871 invectus
1062 830 1263 882 Lysandro
1292 831 1509 878 insultavit,

76 892 109 927 si
135 889 231 926 fides
263 887 363 927 Plut.
398 887 565 938 Lysand.
593 901 627 938 p.
646 889 754 928 435.
774 888 816 926 C.
846 896 883 926 et
902 888 1026 925 Alcib.
1055 900 1091 938 p.
1112 889 1219 928 211.
1242 886 1295 934 C.‚
1316 893 1367 933 et,
1394 888 1454 922 cui
1475 887 1508 921 is

76 958 145 983 sua
162 945 295 990 debet,
334 942 516 994 Xenoph.
536 943 626 984 Rer.
650 944 786 983 Graec.
806 943 896 982 1..1.
917 958 953 997 p.
974 944 1080 984 344.
1105 943 1152 985 A.
1184 943 1250 981 sed
1268 942 1411 981 Noster
1435 942 1511 979 sibi

73 1007 240 1039 constat
265 1000 314 1037 W
319 1011 404 1040 ess.

189 1058 292 1097 597.
313 1057 390 1097 98
420 1053 507 1108 Tru
530 1052 707 1124 ἴᾳοὸον]
735 1055 881 1094 Sensus
902 1058 1070 1107 postulat
1088 1053 1163 1108 τὴν
1185 1050 1356 1108 ἄφοδον.
1375 1052 1512 1090 RHon.

189 1114 292 1153 597.
315 1115 356 1153 8.
388 1088 479 1152 Azid
501 1108 604 1163 πρὸς
625 1117 716 1158 ταῖς
739 1110 893 1164 εἰκοσι]
916 1111 1208 1156 Ἀπολέσαντες
1227 1110 1511 1149 πεντεκαίδεκα

71 1164 247 1222 τριήρεις
281 1167 502 1219 Xenophon
521 1151 676 1210 Hellen
699 1168 729 1208 I.
763 1183 798 1222 p.
823 1170 953 1218 344..
979 1177 1017 1207 et
1039 1165 1268 1207 Plutarchus
1288 1166 1454 1217 lysand.
1476 1180 1512 1217 p.

72 1226 183 1265 435.
210 1225 342 1263 Wssss.

188 1282 296 1321 598
323 1281 394 1321 13
441 1277 502 1319 Οὐ
531 1281 770 1331 ’τολμῶντος
798 1276 843 1319 ‹5'
874 1276 1141 1333 ἀναχθῆναι]
1170 1278 1317 1328 Scripti
1337 1276 1455 1315 Codd.
1477 1277 1511 1313 si

73 1335 316 1383 addicerent,
345 1334 588 1387 ἀνταιάχθῖ
596 1351 657 1374 ναι
691 1344 972 1385 praeoptarem.
1014 1337 1265 1386 opportunius
1287 1337 1399 1372 enim.
1429 1332 1512 1371 Xe·

73 1393 228 1442 nophon
248 1392 402 1429 Hellen
421 1392 450 1428 I.
474 1405 510 1440 Ρ.
536 1393 640 1432 344
672 1391 754 1432 ἐπεὶ
784 1391 829 1432 δὲ
855 1389 1114 1446 Λύσανδρος
1143 1390 1217 1432 οὐκ
1245 1387 1510 1442 ἀντανήγαγ-

73 1448 218 1486 Auctor
246 1451 326 1498 ipse
355 1451 397 1485 in
420 1449 703 1498 superioribus,
741 1444 894 1495 πάσαις
932 1454 1023 1495 ταΐς
1051 1447 1195 1488 ναυσὶν
1224 1463 1274 1487 αι
1278 1445 1510 1497 sarug-9515·

73 1504 125 1543 At
146 1505 186 1542 hi
204 1511 354 1551 tacent3
383 1516 498 1552 quare
517 1506 738 1542 coniectura
759 1511 854 1542 esto.
882 1505 1017 1543 Wnss.

189 1560 400 1601 598-19.
438 1556 668 1612 Ἠνάγκασε
697 1575 795 1607 τους
825 1557 1037 1613 φυγάδας,
1075 1557 1173 1606 τοὺς
1201 1556 1252 1599 τὰ
1281 1560 1363 1598 τῶν
1390 1555 1516 1609 {5432-

73 1633 200 1657 waccar
230 1615 321 1669 etc.]
361 1615 420 1652 Ad
449 1617 746 1654 illustrationem
770 1616 883 1654 huius
911 1618 989 1654 loci
1022 1623 1060 1653 et
1087 1618 1237 1665 plenior
1240 1629 1297 1652 em
1333 1614 1515 1652 historiae

77 1674 338 1725 cognitionem
358 1672 573 1709 addendum
597 1685 645 1709 ex
665 1671 945 1710 Demosthene:
982 1670 1248 1735 Ἐκᾳάντουᾈ
1240 1677 1276 1709 ‘r
1278 1667 1516 1721 ιιτιράττον-

74 1744 160 1776 τος,
187 1728 254 1768 καὶ
278 1726 351 1780 τὴν
369 1728 491 1767 Λακε
481 1727 720 1779 ὸαιμοιίων
741 1743 848 1780 ([ροῑ
854 1743 930 1780 ραν
948 1726 1043 1779 μεθ)
1072 1725 1210 1767 ‹371ch
1232 1727 1299 1776 ἕκρ
1298 1723 1404 1764 asmo
1397 1740 1517 1772 ιντος,

74 1785 282 1836 Ecpltcmto
303 1786 518 1822 admvante
550 1791 591 1821 et
612 1784 1015 1822 Lacedaemoni-mum
1030 1785 1254 1836 praesidia
1251 1798 1281 1820 ’ll
1304 1785 1428 1819 (az-'mzs
1447 1796 1518 1819 ev-

63 1843 255 1894 pellente.
295 1841 424 1878 PALM.
453 1841 484 1878 l
490 1841 549 1878 ide
574 1839 822 1877 Demosthen.
844 1843 885 1877 in
907 1840 1055 1889 Leptin.
1075 1853 1110 1888 p.
1125 1841 1244 1886 341„
1264 1842 1326 1887 qui
1349 1838 1381 1874 'l
1387 1838 1519 1874 basum

76 1906 165 1936 aute
195 1897 296 1934 hunc
327 1910 470 1934 annum
500 1910 522 1934 a
543 1895 787 1947 Thrasybulo
807 1896 1102 1934 Atheniensium
1121 1896 1258 1933 ditioni
1277 1895 1447 1932 additum
1467 1897 1519 1932 si-

74 1955 245 2006 gnificat.
275 1953 411 1992 WEss.

191 2012 294 2051 598.
333 2011 406 2048 22.
446 2002 642 2055 Πλεῦσας
671 2007 726 2055 εἷς
748 2005 970 2062 Ἄβδηρα]
1021 2008 1087 2046 Sic
1124 2014 1298 2050 veterum
1334 2008 1518 2056 plerique.

79 2066 248 2105 Marmor
279 2068 380 2103 inter
407 2063 573 2102 Donian.
605 2064 705 2102 Clas.
737 2064 763 2101 I.
795 2067 869 2105 98.
918 2065 1129 2104 HOAIN
1161 2063 1237 2101 ΤΕ
1264 2062 1521 2102 ABAl-JPA

76 2123 188 2163 EHI
218 2121 467 2161 ΘΡΑΚΗΣ
490 2121 800 2160 ΙἸΡΑΚΛΗΣ
828 2120 1036 2160 ΩῙΚΙΣΕ
1070 2120 1196 2159 ΤΟΥ
1224 2117 1530 2158 ΘΡΟΝΙΚΟῩ

85 2179 221 2217 YIOY
248 2176 598 2217 EHQNYMON
624 2177 929 2216 ABAHPOY.
970 2178 1037 2214 ubi
1072 2177 1110 2214 id
1139 2175 1291 2224 quidem
1315 2176 1524 2226 singulare,

82 2235 300 2280 Abderam,
347 2232 527 2270 Herculis
557 2233 736 2280 delicias,
787 2233 978 2271 Thronion·
1008 2232 1051 2271 F.
1083 2232 1288 2283 adpellari,
1327 2234 1391 2280 qni
1424 2238 1525 2267 cete-

81 2294 135 2328 ris
159 2292 294 2328 Erimo
313 2296 419 2338 patre
441 2289 582 2326 dicitur
602 2296 728 2326 natus.
766 2288 844 2326 Sed
865 2292 906 2326 in
926 2289 1144 2326 huiusmodi
1164 2288 1304 2325 fabulis
1327 2290 1410 2324 veri
1433 2299 1524 2324 con-

83 2348 223 2384 stantia
249 2345 489 2382 desideratur
505 2346 659 2394 ubique.
698 2343 816 2383 Urbis
839 2348 1050 2396 originem,
1085 2358 1174 2394 opes
1199 2351 1237 2380 et
1254 2345 1333 2380 fata
1354 2345 1526 2380 exsecuti

87 2410 177 2440 sunt
198 2401 254 2439 Cl.
277 2401 487 2438 Salmasius
509 2402 549 2438 in
571 2401 695 2439 Solin.
719 2413 754 2449 p.
781 2402 884 2441 114.
916 2409 953 2438 et
972 2400 1121 2452 Ioseph.
1137 2400 1275 2438 VVasse
1296 2400 1341 2436 ad
1367 2398 1524 2449 Thucy-

86 2459 163 2496 did.
187 2461 228 2496 in
248 2465 327 2496 not.
353 2456 526 2494 Addend.
546 2471 581 2508 Ρ.
604 2458 710 2498 669.
752 2458 848 2508 Agri
867 2471 982 2503 vero,
1012 2470 1124 2506 quem
1147 2456 1378 2506 occupabat,
1416 2457 1527 2492 ferti-

84 2516 158 2552 lem
187 2514 395 2551 ubertatem
426 2521 559 2551 auctor
585 2513 732 2551 indicat
760 2513 803 2551 L.
823 2513 910 2551 XV.
931 2515 1004 2554 36.
1030 2521 1067 2550 et
1086 2513 1138 2550 ls.
1157 2513 1317 2550 Vossius
1337 2512 1384 2548 ad
1405 2511 1527 2548 Melae

85 2571 127 2608 L.
150 2570 196 2607 ll.
218 2572 259 2609 2.
282 2571 354 2610 82.
384 2569 519 2607 wass.

203 2627 306 2666 598.
332 2626 403 2665 35.
429 2620 501 2671 ι,Ως
521 2622 565 2664 δ’
590 2621 706 2677 ἔγγὺς
725 2620 898 2679 ἐγενήθη
920 2627 994 2677 τῆς
1014 2621 1198 2671 πόλεως]
1223 2624 1330 2661 Haec
1349 2624 1440 2660 alibi
1460 2626 1530 2660 vix

86 2685 265 2731 reperies.
293 2680 510 2730 Xenophon
531 2682 683 2731 quidem
703 2689 806 2719 certe
826 2689 938 2728 tacet,
958 2681 1057 2718 hanc
1078 2680 1311 2718 Athenarum
1334 2692 1530 2729 oppugna-

91 2741 233 2776 tionem
257 2738 411 2788 dignam
433 2750 509 2774 non
528 2738 749 2786 arbitratus,
778 2741 841 2775 cui
862 2740 985 2775 locum
1008 2738 1125 2775 daret.
1156 2736 1282 2774 Habet
1302 2737 1417 2774 aliam
1440 2736 1480 2771 L.
1498 2734 1528 2774 1.

91 2794 180 2831 Rer.
204 2794 270 2831 C-r.
294 2807 329 2843 p.
353 2794 481 2841 336.,
501 2793 567 2830 sed
587 2792 658 2831 hac
683 2797 862 2845 priorem.
889 2794 1028 2832 R'Ess.
