1828 3253
281 101 374 142 524
738 92 1262 136 ANNOTATIONES

277 212 516 259 Oxoniensi,
546 211 588 248 in
608 222 682 259 quo
713 209 866 248 Chares
884 208 1038 246 Archon
1059 221 1081 246 o
1112 208 1357 247 Tanosthene
1389 210 1570 258 septimus
1598 211 1717 248 fuisse

277 269 533 321 significatur,
563 270 629 315 qui
648 269 690 304 in
710 265 881 304 Diodoro
899 271 937 301 et
957 263 1150 316 Dionysio
1169 279 1191 303 a
1215 265 1460 303 sl'imosclzene
1480 275 1610 303 sextus
1630 274 1717 304 tan-

279 335 370 364 tum.
400 324 649 362 Inserendum
668 330 794 360 autem
815 323 1051 368 Aristidem,
1082 322 1184 369 quod
1208 324 1266 360 illi
1290 321 1477 358 Arclionti
1494 323 1718 360 conmodior

277 386 319 423 in
334 381 462 418 Fastis
483 379 641 417 Graecis
662 380 768 416 locus
791 392 872 415 esse
894 385 1068 428 nequeat.
1094 377 1198 415 Haec
1219 380 1383 429 speciem
1403 377 1545 415 habent
1563 380 1718 429 elegan-

278 446 379 484 tem,
405 437 472 474 sed
502 448 614 484 quam
639 434 834 473 Diodorus
859 440 898 471 et
925 433 1160 483 Dionysius,
1187 446 1348 483 quorum
1369 436 1538 470 rationes
1565 434 1637 471 hoc
1656 437 1718 471 in-

277 502 379 532 serto
409 491 604 529 Archonte
637 491 916 528 conturbantur
944 492 1187 541 planissime,
1226 491 1438 528 disiiciunt.
1478 490 1560 528 Nec
1589 491 1719 528 valida

277 552 406 590 omnia
426 556 537 594 sunt,
569 548 706 597 quibus
725 559 896 584 caussam
918 559 957 582 se
975 553 1105 583 tenere
1132 548 1195 583 vir
1214 546 1534 596 diligentissimus
1556 548 1720 584 arbitra-

276 615 350 646 tur.
379 605 543 651 Desunt,
565 606 701 649 fatcor,
727 602 834 640 Coss.
858 602 903 649 Q.
934 601 1085 641 Fabius
1112 609 1150 638 et
1175 602 1216 642 C.
1241 602 1390 649 Iulius,
1424 603 1469 639 de
1498 603 1636 652 quibus
1655 602 1721 639 Li-

274 666 364 704 vius
384 661 431 698 11.
454 662 528 702 43.
520 688 550 707 .,
590 660 654 696 sed
684 659 754 695 hos
786 661 827 696 in
854 658 981 697 Fastis
1007 661 1194 707 reperisse
1223 671 1302 696 non
1328 659 1481 696 videtur
1511 658 1720 706 Diodorus,

276 722 438 758 omissos
466 718 630 756 fortasse
660 716 706 752 ab
738 718 821 763 ipso
850 714 969 752 Fabio
999 714 1175 761 Pictore,
1212 716 1278 764 qui
1311 722 1351 751 et
1377 716 1475 752 alios
1506 716 1717 763 praeteriit.

276 775 388 820 Quod
408 775 455 810 de
479 772 670 810 Marmore
691 771 952 810 Arundeliano
972 772 1039 816 ait,
1063 772 1147 809 eius
1165 770 1389 820 dignitatem
1407 773 1450 808 iu
1467 772 1579 808 rebus
1599 771 1720 808 Grae-

274 844 406 870 corum
428 830 678 866 excellentem
708 840 898 878 agnosco,
931 840 1001 865 nec
1021 829 1176 863 inmune
1207 833 1334 863 tamen
1365 826 1403 867 id
1424 830 1528 864 omni
1546 828 1651 874 labe,
1679 835 1721 864 ut

275 889 338 926 vel
360 900 425 932 ea,
452 898 546 937 quae
567 885 612 920 de
635 883 795 921 Gelonis
814 886 927 919 aunis
948 891 1060 920 antea
1078 882 1284 931 disputavi,
1312 883 1561 931 patefaciunt.
1593 882 1720 927 Quid?

275 957 323 981 ne
355 943 393 979 id
415 942 568 990 quidem
599 940 773 979 Aristidi
795 938 980 976 Archonti
1001 939 1098 975 hanc
1125 939 1253 977 sedem
1282 939 1512 986 contribuit,
1540 951 1635 987 quae
1651 966 1662 986 ,
1688 941 1722 976 si

275 1013 372 1050 quae
387 998 485 1036 fides
516 996 713 1033 Demetrio
734 996 921 1033 Phalereo
950 995 1048 1045 apud
1069 993 1261 1033 Plutarch.
1287 995 1447 1035 Aristid.
1473 1008 1508 1046 p.
1530 996 1635 1035 318.
1658 994 1722 1043 D.,

276 1056 377 1106 quod
412 1068 463 1093 ne
488 1056 570 1103 ipse
600 1053 753 1102 quidem
781 1051 1004 1092 Dodwellus
1032 1054 1204 1101 negarit,
1243 1058 1332 1087 ante
1362 1050 1552 1088 Medicum
1582 1052 1722 1089 bellum

276 1110 495 1161 quaerenda
524 1116 594 1146 est.
645 1109 736 1147 Scio
765 1108 926 1145 eundem
954 1107 1200 1148 Demetrium
1238 1109 1314 1145 alio
1343 1110 1384 1146 in
1414 1120 1526 1156 opere
1568 1108 1722 1146 diversa

277 1170 498 1218 scripsisse,
519 1166 592 1249 *sed
615 1173 652 1202 et
687 1179 730 1202 ea
750 1163 958 1204 Plutarcho
983 1177 1061 1200 non
1083 1165 1252 1212 potuisse
1272 1164 1448 1213 probari,
1473 1177 1521 1201 ex
1542 1164 1723 1202 Aristidis

275 1227 358 1263 vita
390 1237 426 1273 p.
454 1224 512 1262 32
552 1222 628 1260 .E.
665 1229 826 1259 constat.
876 1220 1052 1257 Gaudeat
1084 1233 1176 1270 ergo
1210 1223 1337 1269 quieta
1373 1221 1464 1257 loci
1482 1223 1722 1269 possessione

276 1282 488 1326 Phaedon,
516 1291 628 1326 quam
653 1279 936 1315 vetustissimos
956 1278 1115 1313 annales
1135 1278 1256 1312 secuti
1279 1275 1493 1326 Dionysius
1519 1283 1556 1312 et
1576 1275 1722 1314 Diodo-

274 1351 341 1376 rus
371 1339 430 1374 illi
450 1337 706 1384 assignarunt.
737 1333 876 1371 lVEss.
905 1331 949 1369 V.
972 1331 1121 1372 Corsiu.
1152 1332 1194 1370 F.
1219 1332 1264 1371 Α,
1284 1332 1330 1368 ΙΙ.
1361 1335 1398 1372 l.
1431 1345 1468 1380 p.
1499 1334 1598 1372 171.

388 1393 499 1433 440.
523 1392 598 1430 43.
638 1386 817 1441 Σπόοιος
845 1385 1024 1440 Φουριος
1052 1389 1141 1427 ΖΙΙει
1145 1387 1327 1437 ἐ7λαιος]
1367 1388 1442 1424 Pro
1464 1389 1559 1426 Ma
1563 1387 1603 1426 e'7
1607 1389 1721 1434 λαιος

273 1452 433 1489 restitue
454 1446 752 1491 ΖΙἸε(3”οι7..’7ΐιος.
778 1444 914 1482 Ruun.
947 1445 1091 1481 Eadem
1113 1444 1409 1494 PighiiFastor.
1434 1443 1476 1480 Ι
1501 1444 1544 1480 ΙΙ.
1569 1458 1601 1493 p.
1624 1446 1720 1484 105.

276 1506 482 1544 sententia.
512 1503 709 1542 Deficiunt
729 1510 853 1538 autem
873 1501 943 1537 hoc
967 1503 1050 1537 loco
1072 1499 1176 1538 Coss.
1191 1528 1202 1545 ,
1230 1502 1288 1537 uti
1308 1500 1402 1547 dixi,
1437 1500 1486 1549 Q
1507 1499 1657 1538 Fabius
1685 1507 1724 1537 et

281 1564 322 1602 C.
344 1563 496 1606 Iulius,
526 1572 621 1610 quos
642 1558 671 1594 l*
675 1561 747 1595 «ts-ti
771 1565 982 1595 ceterorum
1001 1557 1131 1594 edunt.
1157 1557 1206 1593 W
1211 1567 1292 1596 Ess.

389 1619 498 1657 410
528 1617 603 1656 46.
655 1612 744 1665 Τὴν
774 1613 818 1654 δὲ
847 1611 979 1665 αοχῂ)
1014 1609 1305 1664 ὸιαὸεξάμειος
1324 1609 1572 1662 Ἀρχθαος]
1618 1611 1722 1663 lego

267 1673 531 1726 Ἀρχίδαμος,
561 1685 649 1708 nam
670 1683 718 1709 ex
739 1671 872 1707 ordine
891 1677 928 1706 et
946 1683 1104 1706 numero
1121 1682 1309 1706 annorum
1330 1671 1441 1718 regni
1460 1669 1498 1705 id
1517 1683 1564 1705 ev
1568 1670 1723 1706 incitur.

274 1733 404 1770 Ρ-ιιΜ.
445 1730 652 1766 Verissima
673 1728 804 1777 opinio
825 1726 1039 1762 Clarissimi
1059 1725 1253 1764 Palmerii.
1282 1724 1441 1772 Semper
1468 1727 1522 1762 ita
1544 1727 1584 1761 iu
1602 1726 1723 1762 histo-

273 1792 353 1826 rial
356 1801 417 1824 um
436 1797 641 1836 progressu
660 1797 787 1834 regem
803 1783 981 1834 adpellat‚
1001 1796 1071 1819 nec
1092 1784 1204 1821 aliter
1224 1782 1436 1830 quisquam.
1478 1782 1611 1818 Annos
1632 1792 1723 1818 Χῐιι

277 1853 315 1883 et
335 1841 491 1880 infraL.
502 1840 592 1879 ΧΙΙ.
605 1842 691 1887 35Ὃ
713 1843 786 1876 etsi
804 1853 940 1904 prave,
953 1839 1075 1876 eidem
1097 1838 1246 1886 tribuit,
1270 1840 1383 1874 sicuti
1404 1838 1563 1875 (licetur.
1590 1839 1722 1875 Wrss.

389 1900 495 1939 440-
535 1899 610 1939 48.
661 1888 894 1942 Ἀναξίλας
923 1890 943 1934 ὃ
972 1891 1132 1946 ιΡηγιόυ
1163 1894 1231 1933 καὶ
1270 1890 1461 1945 Ζαγκλης
1492 1889 1722 1947 τύρατιος]

276 1956 442 1994 Perinde
481 1957 555 1991 erit
610 1954 695 1990 sive
742 1952 814 1989 hoc
856 1965 906 1990 an
950 1948 1127 1997 Ἀναξῦ
1133 1964 1206 1996 αος
1253 1952 1378 1987 malis.
1428 1949 1532 1987 ldem
1569 1963 1723 1997 nomen,

274 2013 377 2050 unde
399 2011 541 2048 Strabo
559 2009 672 2046 modo
699 2006 954 2054 'Ara‘g‘tkam
981 2007 1093 2046 modo
1122 2004 1377 2052 Ἀναξίλαον
1407 2005 1451 2043 L.
1474 2006 1504 2042 V
1510 2006 1536 2042 1.
1560 2019 1595 2055 p.
1615 2007 1721 2050 394.

278 2070 386 2109 395.
418 2067 597 2115 adpellat.
649 2064 799 2103 Bellum
834 2064 893 2101 illi
911 2064 987 2100 fuit
1016 2076 1100 2099 cum
1127 2062 1403 2108 Locrensibus,
1434 2075 1528 2111 quos
1559 2070 1596 2099 et
1622 2065 1724 2099 occi-

273 2126 392 2162 dione
413 2123 632 2168 occidisset,
658 2123 736 2158 nisi
760 2122 916 2170 tyranni
938 2121 1100 2157 consilia
1119 2120 1400 2167 interpellasset
1418 2118 1579 2166 Hieron,
1610 2121 1725 2157 sicuti

278 2182 416 2219 docent
438 2179 573 2216 Critici
596 2178 644 2215 ad
675 2177 835 2214 Pindari
855 2174 1035 2226 Pythion.
1057 2175 1131 2211 Od.
1153 2174 1181 2211 Ι.
1204 2182 1241 2211 et
1262 2174 1308 2212 ll.
1336 2175 1470 2214 W'Ess.

390 2238 499 2277 440.
527 2235 601 2276 49.
651 2231 740 2285 Τὴν
764 2232 807 2271 δὲ
825 2231 1048 2285 τυραννίδα
1072 2229 1276 2277 διεδέξατο
1299 2231 1528 2277 Μίκυθος]
1577 2230 1723 2268 Servus

277 2300 315 2332 et
336 2300 514 2342 quaestor
544 2298 625 2329 erat
654 2289 865 2335 Anaxilae,
895 2302 1028 2326 verum
1060 2290 1203 2336 optima
1233 2287 1319 2323 fide.
1368 2286 1480 2326 Unde
1511 2290 1661 2336 imperii
1684 2294 1724 2324 et

277 2351 486 2389 liberorum
514 2360 645 2385 curam
673 2346 860 2383 decedens
880 2346 939 2383 illi
966 2345 1175 2390 Anaxilas,
1203 2343 1324 2379 donec
1352 2344 1423 2383 filii
1449 2344 1722 2391 adolescerent,

277 2408 462 2456 permisit.
491 2403 677 2442 Herodot.
697 2402 779 2438 VH.
795 2403 896 2441 170.
927 2408 965 2438 et
983 2401 1161 2447 Pausan„
1181 2400 1244 2437 cui
1265 2398 1493 2451 Σμίκυθος,
1521 2399 1563 2436 L.
1585 2399 1630 2438 V.
1647 2401 1722 2440 26.

281 2462 394 2503 Conf.
419 2461 580 2499 inferius
606 2473 638 2496 c.
664 2461 737 2499 66.
770 2458 906 2495 WEss.

391 2519 499 2560 440.
528 2517 599 2555 52.
633 2511 758 2554 Mn&
779 2511 854 2565 τὴν
873 2514 947 2553 τοῦ
970 2509 1156 2558 Γέλωνος
1174 2509 1392 2564 τελευτὴν]
1426 2512 1555 2550 Series
1576 2515 1721 2551 oratio-

278 2576 342 2612 nis
362 2574 435 2614 hoc
455 2573 633 2623 postulat.
673 2570 827 2608 Mortuo
851 2569 998 2606 Gelone
1029 2568 1233 2618 Polyzelus
1261 2570 1391 2606 fratris
1410 2569 1582 2606 defuncti
1602 2582 1721 2606 uxore

279 2632 395 2669 ducta
443 2630 635 2667 exercitus
675 2629 874 2676 imperium
903 2626 1220 2671 administrabat,
1256 2630 1427 2673 cumque}
1452 2627 1578 2675 gratia
1621 2626 1721 2672 apud

279 2686 433 2724 Siculos
453 2687 620 2728 valeret,
649 2690 740 2720 nata
760 2696 845 2719 eum
867 2685 968 2718 iuter
998 2688 1035 2718 et
1055 2681 1212 2719 fratrem
1232 2681 1440 2718 Hieronem
1460 2683 1630 2718 simultas
1651 2688 1721 2728 est,

281 2750 322 2779 ut
340 2741 576 2779 Scholiastes
601 2740 758 2776 Pindari
785 2742 825 2776 in
847 2737 920 2776 Od.
946 2737 991 2773 ll.
1011 2739 1086 2776 29.
1108 2737 1331 2788 Olympion.
1352 2737 1473 2774 docet.
1502 2737 1635 2774 Wnss.
