1828 3253
549 166 610 206 IN
644 166 752 205 LIB.
779 167 807 205 1.
855 166 979 205 CAP.
1007 169 1080 208 37.
1469 171 1526 211 65

205 284 279 325 45.
305 284 376 325 56.
397 278 528 335 ’Ῡγὶἒς
552 277 670 321 οὐδὲν
699 278 905 334 λέγοντες]
934 278 1128 330 Frequens
1157 279 1228 318 hoc
1247 281 1294 319 de
1314 281 1524 333 nugae-us

92 341 420 389 mendacibusque.
459 337 704 375 Demosthen.
728 338 774 374 dc
793 336 930 374 Coron.
948 349 983 387 p.
1007 337 1108 377 137.
1132 334 1237 376 οὔθ’
1272 329 1392 385 οὗτος
1418 334 1526 391 ὑγιὲς

92 397 184 449 περὶ
223 393 379 436 τούτων
410 393 579 448 εἴρηκεν.
627 402 665 431 et
694 393 822 445 Legat.
851 394 937 430 fals.
974 406 1010 442 p.
1034 394 1139 434 238.
1179 391 1294 433 αὐτοὶ
1327 391 1369 433 δ”
1405 392 1524 434 οὐδὀ-

91 456 204 492 τιοῦν
230 448 335 504 ὑγιὲς
367 447 612 504 γράψαντες.
650 449 760 487 Conf.
791 448 847 487 Cl.
875 448 937 486 Ti.
972 448 1187 487 Hemsterh.
1223 452 1264 486 in
1293 450 1452 488 Luciani
1474 449 1523 488 D.

91 508 204 547 Mort.
230 507 412 545 XXVIII.
441 509 480 547 3.
518 506 651 544 W'Ess.

201 566 274 604 45.
301 565 370 603 57.
392 562 464 610 ,Εἷς
483 562 616 602 πίστιν
637 559 792 612 αὐτῶν]
815 561 860 599 Ιη
879 561 1053 600 omnibus
1066 563 1208 599 nostris
1218 560 1411 599 codicibus
1427 563 1522 614 legi-

92 627 156 658 tur
167 618 316 667 αὖτῶν,
338 619 404 656 sed
426 620 601 656 omnibus
621 619 732 656 fidem
751 617 813 656 hic
833 619 987 670 derogo,
1016 632 1060 655 ac
1079 632 1221 668 repono
1239 615 1379 665 αὐτὸν,
1408 626 1451 656 ut
1472 621 1522 656 sit

91 689 246 723 sensus,
279 679 473 713 rationem
502 677 719 725 afferentes
748 675 1083 726 adprobandum,
1122 688 1223 725 quae
1242 676 1521 726 t'psametpro-

89 732 245 770 batione
265 734 425 782 infliget.
482 732 550 769 Sic
570 739 694 769 autem
717 743 826 780 saepe
849 743 1057 780 pronomen
1075 731 1147 767 hoc
1169 737 1384 778 usurpatur.
1439 730 1520 767 Nec

86 796 213 826 tamen
228 790 363 839 ignoro
376 786 512 828 αὐτῶν
532 801 641 837 posse
659 789 704 825 ab
723 791 940 826 accusativo
964 786 1212 838 m'o‘vevregi:
1239 785 1306 822 sed
1319 785 1408 836 quid
1419 787 1519 822 refe-

63 869 69 873 -
86 852 147 882 ret
166 844 227 883 hic
245 843 465 896 genitivus?
495 842 842 883 STE1²}1.etRHOD.
872 844 960 881 Non
979 844 1153 894 refragor
1174 844 1256 880 viro
1277 842 1521 890 doctissim03

87 913 219 950 posses
251 903 393 951 alioqui
424 902 568 948 delere,
609 908 652 938 ut
675 914 764 937 sane
785 902 878 937 fecit
907 899 1228 950 Theophylactus.
1284 897 1442 936 Retinui
1461 905 1520 935 ta-

87 970 175 995 men
193 958 288 996 illud
311 956 469 1005 αὐτῶν,
507 957 608 1006 quod
629 955 746 993 Codd.
775 959 928 1005 scriptis
955 955 1056 993 haud
1079 956 1357 1004 inprobaretur.
1382 953 1516 993 Wnss.

198 1015 272 1054 45.
297 1015 366 1053 59.
398 1009 809 1066 Προσαγορευόμειόι
838 1012 881 1052 δὲ
908 1008 1109 1064 Mdmoc]
1150 1010 1276 1048 Habet
1294 1007 1519 1061 Κυναμόλ-

82 1076 183 1122 ’γους
215 1070 281 1107 III.
299 1070 371 1110 31.
403 1070 469 1107 sed
488 1069 709 1118 Aethiopas:
745 1069 943 1118 ΖΙῙολίβας
961 1068 1200 1106 Ptolemaeus
1228 1067 1291 1103 IV.
1314 1066 1454 1116 Geogr.
1477 1069 1516 1107 8.

87 1126 175 1163 Utri
206 1126 339 1164 horum
365 1140 451 1164 cum
482 1127 642 1174 legiis
672 1139 736 1162 seu
762 1125 919 1175 Bolgz'is
946 1127 1204 1170 conveniant,
1240 1135 1291 1160 an
1321 1135 1518 1159 commune

86 1182 184 1220 nihil
209 1182 396 1230 habeant,
424 1181 524 1220 haud
546 1189 685 1219 temere
705 1182 880 1220 dixerim.
909 1181 1042 1218 VVEss.

197 1239 271 1278 45.
294 1239 368 1279 63.
399 1236 478 1278 Aa)
500 1238 566 1277 καὶ
586 1234 939 1289 πολυγονώτατον]
973 1235 1082 1274 Conf.
1103 1248 1135 1273 c.
1155 1236 1228 1275 40.
1256 1234 1390 1272 wass.

195 1296 271 1335 45.
305 1297 377 1335 66.
425 1296 511 1346 Τῆς
552 1289 822 1346 εὕρεσιλογίας
849 1289 954 1332 πολὺ
985 1290 1289 1343 κεχωρισμένοι]
1335 1289 1519 1327 Ordinem

85 1352 288 1389 verborum
310 1353 343 1388 si
376 1358 544 1400 spectes,
582 1363 661 1387 non
682 1350 865 1387 dissimile
894 1348 965 1386 hoc
986 1348 1166 1385 Demadis
1186 1349 1393 1393 orationis,
1423 1357 1518 1394 quae

84 1408 146 1445 illi
171 1409 376 1455 tribuitur,
412 1409 622 1457 principio,
662 1404 712 1445 ἂν
751 1404 792 1445 δ’
827 1401 1074 1457 εὑρίσκωμαι
1108 1406 1192 1443 τῶν
1219 1401 1516 1455 ἐγκεκλημένων

85 1462 390 1517 κεχωρισμένος.
459 1462 538 1500 Sed
575 1464 686 1500 nobis
721 1461 784 1500 hic
822 1464 1017 1513 negotium
1053 1462 1210 1498 facessit
1254 1454 1517 1510 εὖρεσιλογιά,

85 1533 179 1570 quae
199 1522 310 1569 parili
329 1519 441 1557 modo
462 1521 601 1570 scripta
613 1521 811 1557 invenitur
838 1518 930 1556 XII.
955 1522 1025 1558 16.
1060 1524 1099 1554 at
1117 1515 1240 1554 XVII.
1267 1517 1370 1555 116.
1399 1510 1517 1570 εὓρη-

86 1576 268 1630 σιλογία,
301 1576 367 1613 sed
390 1578 514 1614 invito
541 1575 632 1613 cod.
657 1574 751 1627 Reg.
781 1583 819 1613 et
847 1570 1119 1628 εὖρεσιλογιάν
1148 1573 1342 1622 probante.
1400 1570 1518 1620 Poly-

82 1634 168 1671 bius
186 1639 312 1670 tamen
339 1632 518 1683 Excerpt.
548 1632 679 1683 Legat.
709 1645 745 1682 p.
780 1633 914 1673 1108.
948 1628 1024 1683 τὴν
1051 1627 1154 1680 πρὸς
1173 1623 1375 1680 ἀλλήλους
1395 1621 1518 1680 εὓρη-

85 1689 266 1742 σιλογίαν
318 1694 474 1726 mutuas
513 1689 718 1726 verborum
761 1689 1046 1726 altercationes
1092 1685 1228 1732 habet,
1272 1683 1383 1720 Philo
1423 1694 1516 1720 vero

82 1746 164 1784 Iud.
201 1745 312 1790 Quod
340 1745 426 1784 Om.
459 1745 572 1782 Prob.
607 1744 691 1784 Lib.
732 1757 768 1794 p.
793 1746 896 1785 867.
917 1742 962 1780 Ε.
1001 1737 1211 1786 ἀνελόντες
1232 1732 1304 1779 οὖν
1334 1734 1517 1777 ἐκποδῶν

81 1799 157 1848 τὰς
179 1799 506 1854 προφασιστικὰς
523 1797 828 1855 εὖρεσιολογιάς.
868 1803 924 1837 ita
942 1799 1044 1835 enim
1072 1796 1162 1834 cod.
1180 1796 1404 1846 Augustam,
1424 1805 1516 1840 non,

83 1860 141 1897 uti
159 1860 298 1909 vulga,
327 1856 573 1906 ἐλευθερίας.
630 1857 675 1894 In
693 1858 810 1895 verbo
830 1856 959 1893 eadem
980 1854 1192 1899 discordia,
1221 1864 1333 1900 quam
1352 1849 1403 1889 H.
1425 1848 1516 1886 Ste-

83 1915 231 1966 phanus
249 1917 430 1952 intactam
452 1913 550 1950 haud
570 1916 767 1963 praeteriit
783 1913 832 1950 ad
852 1911 1014 1962 Diogen.
1038 1910 1161 1947 Laert.
1181 1908 1228 1946 11.
1259 1907 1359 1947 134.
1419 1904 1514 1943 Mihi

85 1972 249 2021 exempli
271 1984 405 2007 caussa
414 1969 617 2020 Porphyrii
630 1968 931 2006 Commentarius
951 1974 1141 2004 extremus
1161 1965 1205 2001 de
1220 1963 1341 2000 Antro
1351 1961 1515 2012 Nymph.

84 2030 176 2066 satis
204 2030 296 2065 erit:
335 2024 383 2066 οὗ
417 2026 484 2065 ὸέΐ
506 2025 549 2065 δὲ
574 2023 649 2072 τὰς
673 2022 866 2071 τοιαύτας
893 2018 1097 2076 ἐξηγήσεις
1114 2016 1389 2072 βεβιασμένας
1404 2013 1515 2070 ἡγεῖ-

85 2086 211 2131 σθαι,
238 2082 305 2122 καὶ
329 2078 700 2135 εὖρησιλογούντων
719 2077 1014 2132 πιθανότητας.
1071 2078 1223 2127 Optime
1251 2076 1354 2112 enim
1376 2073 1511 2112 Nostri

83 2142 211 2180 verbis
228 2139 444 2188 respondet,
475 2146 513 2176 et
532 2139 788 2187 plausibilium
805 2150 992 2189 nugarum
1014 2139 1225 2172 commenta
1247 2132 1508 2180 conplectitur.

83 2197 130 2234 In
160 2203 266 2234 tanto
297 2208 389 2234 vero
423 2198 631 2245 scripturae
661 2195 820 2232 dissidio
852 2207 875 2231 a
902 2194 1052 2240 scriptis
1074 2192 1182 2227 libris
1209 2200 1289 2226 non
1309 2185 1510 2233 discedam,

84 2248 356 2308 εὖρεσιλογΙαν
377 2265 470 2289 vero
489 2259 527 2288 et
545 2251 742 2302 analogiae
762 2252 982 2287 similiorem
1003 2247 1220 2285 arbitratus.
1253 2243 1387 2282 WESS.

193 2309 268 2349 45.
292 2310 363 2349 70.
383 2303 614 2347 Ἀστάπουν
635 2302 1024 2360 προσηγορεύκασιν]
1050 2303 1164 2340 Nilus
1184 2301 1331 2339 medios
1349 2296 1510 2336 Aethio-

73 2378 156 2418 pas
175 2371 306 2412 secat,
340 2366 635 2414 cognominatus
654 2363 847 2414 Astapus,
884 2363 989 2413 quod
1007 2361 1164 2398 illarum
1179 2358 1354 2408 gentium
1372 2356 1509 2403 lingua

76 2423 289 2471 >aigmficat
310 2433 454 2471 aquam
483 2433 503 2457 e
537 2419 706 2458 tenebris
723 2420 1002 2471 profluentem,
1039 2416 1084 2453 V.
1112 2414 1162 2452 H.
1196 2413 1244 2450 N.
1267 2414 1309 2453 9-
1347 2411 1508 2449 Plinius·

84 2478 164 2515 Alii
202 2478 383 2527 Astapum
417 2490 441 2514 a
483 2476 572 2514 Nilo
613 2476 874 2528 distinguunt:
922 2474 969 2511 de
1005 2473 1141 2522 quibus
1167 2468 1234 2507 Ch.
1263 2467 1401 2505 Cellar.
1436 2465 1502 2504 lv.

85 2533 225 2585 Geogr.
251 2537 289 2574 8.
317 2547 352 2583 p.
371 2534 478 2573 241.
506 2532 639 2571 Wnss.

193 2589 269 2629 45.
295 2591 365 2630 71.
390 2589 464 2635 Εἷς
481 2586 556 2641 τὴν
569 2583 774 2640 Ἑλλήνων
793 2581 1020 2637 διάλεκτον]
1049 2581 1320 2632 Tautologiam
1342 2591 1424 2616 esse
1444 2589 1506 2613 su-

84 2647 232 2696 spicor,
267 2652 308 2682 at
337 2646 584 2683 tolerandam.
609 2643 743 2681 Rnon.
810 2644 928 2680 Posse
959 2641 1051 2678 haec
1087 2640 1169 2676 sine
1197 2638 1336 2675 damno
1376 2634 1505 2671 abesse

82 2714 217 2750 nemo,
254 2701 319 2751 qui
347 2703 410 2739 vel
426 2701 474 2739 N.
499 2701 546 2740 T.
575 2702 694 2738 libros
712 2713 783 2737 usu
803 2700 973 2745 triverit,
1006 2695 1239 2734 diffitebitur.
1297 2690 1431 2729 Nostri
1449 2695 1505 2724 ta-

82 2770 169 2795 men
201 2764 260 2795 est
291 2770 321 2794 e.
354 2759 423 2797 ll.
449 2757 560 2795 huius
589 2758 699 2803 libri,
739 2750 1155 2806 μεθερμηνευομένων
1181 2747 1259 2803 γὰρ
1275 2742 1432 2787 τοτ’ντων
1452 2742 1507 2788 ὁῖς

79 2809 398 2865 τὸνἚλληνικόν
417 2815 490 2864 τῆς
508 2811 717 2852 διαλέκτου
738 2808 903 2864 τρόπον.ι
931 2810 1063 2848 Wnss.
1208 2860 1227 2881 Γ

139 2870 234 2908 Vol.
262 2870 290 2906 l.
1206 2874 1230 2898 .)
