1828 3253
425 221 491 260 ΙΝ
521 220 630 260 LIB.
662 219 734 260 lv.
772 219 902 259 CAP.
935 223 1007 262 79.
1030 224 1101 264 80.
1383 228 1475 270 395

36 337 167 376 urbem
188 348 253 386 per
272 334 730 382 Siciliam-quaerentem,
757 332 898 385 Poggii
929 336 1169 384 versionem,
1197 349 1270 387 qua
1296 351 1387 377 usus
1410 342 1475 379 ille

37 401 116 441 est,
143 395 334 443 cognitam
359 390 535 428 habuisse
556 403 634 427 non
656 390 820 428 videtur.
857 389 991 429 W'Ess.

150 449 255 489 323.
287 449 359 488 37.
407 443 627 498 ,ΤΠηριόνου
655 449 729 485 τοῦ
757 444 948 496 Κρητὸς]
987 445 1234 486 Conveniunt
1261 449 1354 488 haec
1384 452 1477 491 Plu-

37 506 160 543 tarchi
188 505 315 543 verbis
354 507 393 541 in
425 503 582 540 Marcel.
614 516 649 552 p.
681 504 784 542 309.
815 502 857 540 B.
905 502 988 552 lpse
1020 502 1213 541 Meriones
1246 508 1284 543 in
1324 507 1473 548 Cretam

38 562 175 599 deinde
203 561 340 608 rediit,
368 561 402 597 si
432 573 476 597 ea
507 572 600 596 vera
629 567 739 606 sunt,
769 570 863 607 quae
894 560 984 596 infr.
1021 559 1063 596 L.
1084 560 1128 597 V.
1161 564 1232 602 80.
1264 569 1475 616 perscripta

40 626 141 656 sunt.
181 617 311 654 wass.

152 674 256 714 323.
279 673 353 712 43.
393 670 477 711 Καὶ
498 666 878 716 κατασκευάσαντες
902 666 1012 723 ἱερὸν
1046 673 1130 711 τῶν
1150 674 1362 728 Μητέρων
1383 680 1478 732 etc.]

37 729 263 769 Plutarchus
292 735 444 765 servata
472 727 737 778 Enguinorum
765 727 927 764 dialecto
958 727 1162 779 ΖΠατέρας
1199 744 1292 770 vero
1324 738 1478 773 nomine

39 793 152 825 vocat
171 788 195 823 l.
230 798 261 822 e.
286 780 404 830 πόλις
425 783 510 823 ἐστὶ
539 786 613 835 τῆς
634 783 841 830 Σικελίας,
872 785 1070 833 inquiens,
1094 783 1299 838 Ἐγγύὶον,
1326 788 1373 828 οὐ
1402 807 1478 842 με..

37 839 166 895 γάλη,
194 838 345 893 ἀρχαία
376 841 420 879 δὲ
448 836 578 887 πάνυ,
607 839 673 878 καὶ
703 837 770 878 διὰ
803 841 914 879 θεῶν
943 837 1182 893 ἐπιφάνειαν
1212 841 1400 895 ἔνδοξος,
1430 847 1480 897 ἃς

39 900 208 937 καλοῦσι
233 895 449 946 ΖΠατέρας.
501 895 634 933 Cicero
668 895 729 932 lv.
751 899 791 933 in
823 895 929 932 Verr.
960 910 991 933 c.
1013 898 1089 936 44.
1130 898 1280 938 Matris
1308 916 1479 954 magnae

28 955 180 1003 fanum
216 954 325 1004 apud
350 952 553 1003 Enguinos
586 959 668 990 est:
706 953 838 990 forsan
879 952 1059 1001 deceptus
1088 958 1231 993 matris
1267 961 1479 1011 vocabulo3

40 1012 140 1060 qnod
165 1011 209 1046 de
229 1009 422 1056 Diodoro,
453 1009 564 1046 domo
585 1008 742 1054 Siculo,
774 1010 871 1045 etin
900 1011 1049 1046 insulae
1067 1015 1186 1048 sacris
1217 1013 1480 1057 describendis

41 1069 329 1113 sollertissimo,
357 1073 400 1102 ut
428 1069 620 1115 suspicer,
649 1065 781 1102 induci
801 1078 878 1101 non
897 1078 1073 1114 possum,
1101 1068 1242 1106 nedum
1261 1071 1306 1108 de
1327 1072 1481 1112 Plutar-

43 1123 137 1170 cho,
160 1124 234 1172 ipsi
254 1121 324 1159 hac
348 1124 389 1159 in
412 1135 454 1158 re
484 1128 753 1159 consentaneo.
791 1121 923 1159 Potest
946 1122 994 1158 ad
1024 1136 1087 1159 eas
1115 1125 1252 1163 referri
1280 1130 1481 1180 inscriptio

44 1179 287 1230 Syracusana
314 1178 474 1216 NJKH
498 1175 773 1218 MATEPQi
800 1205 811 1224 ,
841 1190 952 1226 quam
971 1191 1166 1227 perperam
1187 1182 1233 1218 ad
1253 1182 1378 1223 Deum
1402 1201 1484 1226 ma-

41 1244 138 1273 trem
162 1236 359 1272 transtulit
378 1234 493 1270 Geor.
515 1234 737 1270 Gualterius
757 1236 796 1271 in
818 1233 914 1272 Tab.
939 1234 1184 1285 Antiq.Sicil.
1207 1251 1242 1287 p.
1265 1241 1371 1282 383,
1387 1244 1481 1285 edit,

41 1291 319 1340 Havercampi,
349 1298 386 1327 et
403 1291 478 1326 alia
502 1289 637 1340 Sponii
659 1289 817 1327 Miscell.
836 1289 952 1328 Erud.
976 1291 1106 1340 Antiq.
1128 1293 1344 1336 LXXVssl.

212 1346 367 1386 AI'HI
393 1345 678 1385 MH'I'PAEI
706 1346 819 1384 ΚΑΙ
843 1346 1223 1388 ΔῙΟΣΚΟΡΟΙΣ.

41 1403 131 1441 Non
155 1405 246 1441 item
278 1402 416 1441 DEAE
441 1401 669 1449 MATRES,
697 1413 856 1450 quarum
877 1403 916 1439 in
938 1404 1127 1451 lapidibus
1148 1418 1215 1453 per
1226 1407 1486 1461 Germaniam,

45 1460 234 1507 Galliam,
283 1458 510 1507 Hispaniam
543 1467 581 1496 et
608 1457 849 1495 Britanniam
881 1464 1001 1496 erutis
1028 1461 1211 1512 frequens
1243 1471 1302 1501 est
1329 1471 1487 1506 mentio.

44 1516 138 1554 Illae
160 1516 437 1554 Germanorum
464 1518 753 1565 vicinarumque
772 1517 944 1566 gentium
974 1519 1015 1553 in
1035 1518 1216 1556 fatidicas
1235 1521 1398 1561 feminas
1426 1539 1491 1563 su-

46 1575 272 1622 perstitione
293 1571 462 1609 Dearum
492 1573 534 1608 in
554 1585 753 1609 numerum
781 1573 1037 1621 transierunt,
1070 1574 1231 1614 docente
1261 1577 1315 1616 10.
1347 1579 1489 1634 Georg.

47 1628 224 1680 Keysler.
252 1627 662 1677 Antiq.Septemtrion.
693 1640 728 1676 p.
752 1628 858 1667 377.
903 1629 1041 1667 Wssss.

161 1686 265 1724 323.
300 1686 370 1725 56.
417 1681 608 1735 Οὐρανὸν
641 1682 912 1735 εἰσανέβησαν
931 1685 1028 1736 etc.]
1070 1686 1176 1725 Inter
1203 1686 1307 1727 hunc
1336 1704 1491 1734 versum

49 1748 86 1778 et
106 1743 279 1789 proxime
309 1748 527 1789 sequentem
556 1739 656 1789 apud
689 1739 847 1777 Aratum
866 1743 1058 1780 interiecti
1088 1743 1279 1783 habentur
1307 1746 1382 1785 duo
1401 1751 1489 1789 isti:

49 1797 191 1851 Δίκτῳ
215 1796 257 1836 ἐν
281 1793 442 1844 εὐώδει,
463 1794 578 1849 ὄρεος
603 1793 750 1846 σχεδὸν
769 1795 929 1836 Ἰδαίοιο
943 1795 1102 1852 ’Ἀντρῳ
1133 1798 1399 1852 ἐγκατέθεντο
1423 1806 1492 1845 καὶ

50 1851 221 1906 ἔτρεφον
243 1853 298 1900 εἷς
317 1849 516 1892 ἐνιαυτόν.
536 1851 691 1890 STEPH.
722 1851 767 1888 In
786 1852 992 1891 Phaenom.
1012 1868 1050 1894 v.
1068 1856 1141 1895 30.
1161 1856 1227 1893 sed
1248 1861 1380 1898 omissi
1401 1870 1492 1901 sunt

50 1923 186 1948 versus
215 1909 291 1948 duo
320 1908 463 1962 Δίκτῳ
494 1907 535 1948 ἓν
555 1905 694 1948 εὐώδει
716 1916 786 1945 etc.
830 1910 935 1953 Quos
954 1913 1082 1950 versio
1102 1919 1235 1950 nostra
1255 1918 1366 1953 simul
1385 1931 1494 1956 com-

51 1967 253 2016 plectitur,
283 1972 326 2002 ut
345 1977 478 2003 sensus
498 1968 648 2015 integer
667 1965 777 2002 citati
798 1967 872 2004 loci
893 1965 1089 2006 habeatur.
1111 1966 1246 2006 RHOD.
1287 1970 1374 2010 Duo
1396 1973 1494 2013 Ara-

51 2025 104 2060 tei
125 2035 258 2060 versus
277 2022 426 2058 librarii
450 2022 738 2060 inobservantia
760 2023 950 2059 excidisse
971 2023 1172 2072 videntur,
1202 2028 1266 2075 qui
1285 2028 1427 2070 Λίκτω
1452 2030 1495 2071 ἐν

54 2074 193 2118 εὐώδει
224 2078 390 2116 scribere
419 2091 505 2115 cum
535 2077 710 2124 deberet,
747 2079 878 2116 oculos
908 2080 948 2116 in
979 2079 1170 2120 Δικταῖοι
1198 2073 1414 2136 Κούρητεξ
1437 2089 1496 2125 fe-

54 2136 179 2172 stinus
207 2135 396 2180 coniecit,
422 2135 681 2181 transiliitque
711 2133 806 2171 adeo
836 2137 1107 2186 interpositos,
1136 2149 1210 2188 quo
1241 2153 1368 2180 errore
1399 2143 1499 2181 nihil

54 2192 275 2241 proclivius·
322 2188 441 2228 Recte
468 2203 561 2228 vero
590 2189 784 2229 Diodorus
814 2187 1042 2244 Κρήτηθεν
1070 2194 1203 2233 κεῖναί
1227 2210 1269 2248 γε
1301 2195 1407 2245 Διὸς
1426 2207 1498 2238 etc.

57 2249 171 2298 legit:
199 2247 328 2285 turbat
346 2249 449 2284 enim
468 2249 681 2284 orationem
710 2251 835 2285 κεῖναι
858 2247 924 2294 δὲ,
952 2249 1053 2298 quod
1085 2252 1126 2287 in
1147 2250 1265 2289 Arato
1284 2266 1388 2292 nunc
1416 2256 1500 2294 edi-

57 2310 142 2350 tur,
169 2305 380 2351 meritoque
403 2303 627 2342 mutandum
655 2305 804 2340 censuit
823 2305 1174 2353 praestantissimus
1198 2307 1340 2362 Georg.
1360 2312 1502 2350 Arnal-

61 2359 132 2396 dus
152 2359 257 2398 Lect.
283 2358 417 2396 Graec.
441 2358 484 2397 L.
506 2359 552 2396 ll.
581 2372 613 2397 c.
646 2361 683 2400 1.
711 2373 746 2410 p.
768 2360 871 2400 136.
900 2360 1035 2399 Wrzss.

173 2415 279 2455 323.
302 2416 374 2456 64.
405 2411 705 2468 Πυθόχρηστοι
722 2415 904 2468 χρησμοὶ
924 2415 1204 2471 προσέταξαν]
1237 2420 1391 2471 Optime
1410 2423 1504 2463 haec

62 2484 145 2508 sese
176 2471 337 2508 habent:
377 2469 569 2524 χρησμὸν
599 2468 897 2522 πυθόχρηστον
925 2474 1061 2523 probat
1089 2477 1170 2526 ipse
1200 2476 1243 2514 L.
1273 2478 1381 2519 XVI.
1415 2483 1503 2529 93„

61 2523 337 2579 πυθόχρηστα
355 2524 624 2578 μαντεύματα
645 2527 823 2585 Aeschyl.
845 2527 1056 2578 Choephor.
1077 2544 1115 2569 v.
1135 2533 1260 2580 900..
1288 2532 1504 2589 πυθόχρη-

66 2598 164 2622 στον
191 2582 388 2635 μαντείαν
418 2582 645 2622 Demaratus
672 2587 714 2621 in
747 2584 902 2622 stobaei
930 2585 1052 2624 Titul.
1080 2586 1282 2627 XXXIX.
1315 2605 1350 2641 p.
1373 2594 1504 2641 228.;

65 2636 202 2691 λόγιον
214 2635 509 2692 πυθόχρηστον
520 2639 715 2679 Plutarch.
730 2639 845 2678 Thes.
858 2655 892 2691 p.
908 2644 976 2683 12.
988 2642 1049 2690 D.,
1068 2651 1182 2692 atque
1197 2646 1244 2683 ad
1256 2660 1341 2685 eum
1353 2650 1507 2687 modum

64 2692 306 2746 θεόχρηστα
327 2692 442 2748 λόγια
461 2696 507 2732 de
527 2698 611 2747 lege
625 2696 792 2735 Mosaica
811 2696 922 2736 Philo
940 2698 1023 2738 lud.
1046 2699 1138 2752 Leg.
1156 2700 1236 2739 Cai.
1256 2715 1292 2751 p.
1312 2704 1505 2746 1022.D.

68 2751 225 2800 Alioqui
242 2754 370 2789 omnia
389 2749 663 2803 πυθόχρηστα
683 2761 785 2799 sunt,
815 2765 909 2802 quae
928 2767 976 2792 ex
995 2757 1145 2806 tripode
1168 2771 1191 2795 a
1208 2757 1349 2809 Pythia
1371 2762 1508 2799 iuben-

67 2815 131 2845 tur
144 2815 182 2844 et
197 2809 505 2856 pronuntiantur.
530 2810 650 2852 Quem
667 2811 709 2846 in
727 2809 881 2847 modum
900 2807 1196 2864 πυθόχρηστον
1209 2814 1376 2864 θυσίαν,
1396 2830 1510 2866 quam

72 2871 180 2902 vates
202 2864 338 2912 Apollo
360 2866 582 2902 iniunxerat
602 2864 835 2902 offerendam
864 2866 1058 2905 Plutarch.
1079 2868 1128 2906 T.
1150 2869 1197 2906 Il.
1215 2883 1251 2920 p.
1273 2873 1378 2913 628.
1398 2873 1442 2913 F.
1475 2882 1513 2913 et
