1828 3253
477 203 543 246 {N
578 202 695 246 LIB.
724 203 866 247 X111.
901 202 1029 244 cAP.
1062 206 1166 248 103.
1462 209 1554 255 707

97 319 293 360 Lucianus
310 327 438 358 tamen
457 317 562 360 aliud
582 319 719 356 mortis
737 331 860 370 genus
880 318 922 356 in
943 315 1113 356 Macrob.
1132 331 1165 355 c.
1186 320 1260 359 23.
1289 322 1436 371 optimo
1456 331 1547 374 poe-

98 385 158 416 tae
188 375 396 423 adscribit,
436 387 595 424 cumque
625 374 796 412 Luciano
829 377 957 412 iunior
986 373 1206 412 Simonides
1236 376 1417 431 Florileg.
1450 380 1545 433 Epi..

95 448 256 486 gramm.
280 432 320 471 L.
340 432 406 470 ΙΙΙ.
427 445 461 482 p.
484 432 588 472 396.
621 429 797 468 Ceterum
819 431 972 478 drama,
999 430 1098 480 quod
1119 433 1268 469 auctori
1288 435 1404 473 fatale
1423 438 1545 478 fuisse

96 490 318 540 perhibent,
347 501 425 527 non
452 486 557 525 aliud
580 494 692 536 atque
722 487 920 537 Antigone
950 495 1053 535 erat,
1090 490 1123 525 si
1154 491 1318 537 scriptor
1337 490 1446 530 Vitae
1468 494 1542 533 So-

96 547 244 597 phoclis
263 559 285 583 a
303 558 394 583 vero
421 556 500 581 non
518 543 738 581 aberravit:
767 556 857 581 nam
881 543 1159 595 Argumentum
1181 547 1264 582 eius
1292 545 1458 588 Fabulae
1477 554 1543 601 qui

95 604 318 654 conposuit,
348 603 463 652 longe
483 602 570 638 alia.
597 599 733 639 WVEs&

209 660 315 699 626.
347 658 421 696 43.
464 653 585 696 Κατὰ
612 653 686 695 τὸν
716 652 844 695 αὐτὸν
866 653 1053 695 ἓνιαυτόν
1083 655 1354 712 τελευτῆσαι]
1386 660 1543 704 Parium

93 715 262 753 Marmor
281 712 479 762 Euripidis
497 719 657 750 mortem
678 711 872 750 Archonte
892 713 1096 764 Antigene,
1116 715 1140 750 i.
1158 726 1190 750 e.
1211 726 1312 752 anno
1333 722 1542 770 superiore,

92 771 296 821 Sophoclis
326 783 442 817 vero,
477 769 546 806 sub
579 767 721 807 Calliae
752 772 978 820 magistratu
1005 771 1213 821 contigisse
1244 772 1455 823 significat:
1482 779 1538 816 ita

89 828 278 866 vertentis
298 827 391 863 anni
420 825 582 862 decursu
609 826 723 862 rebus
741 824 920 862 humanis
949 828 1045 875 eripi
1064 833 1282 876 potuerunt.
1326 828 1538 883 Utrumque

89 890 193 921 certe
212 881 334 920 Callia
351 881 560 928 Archonte,
579 894 692 931 quum
716 881 858 919 Ranae
880 882 1108 919 docerentur
1126 883 1408 934 Aristophanis,
1436 890 1540 928 inter

89 942 204 979 vivos
232 952 310 976 non
334 940 472 990 egisse,
494 938 643 976 indicat
661 937 829 975 Fabulae
850 939 932 975 eius
952 952 988 976 v.
1013 940 1096 986 76,
1118 938 1368 990 adfirmatque
1380 943 1539 993 Apollo-

91 997 178 1034 doir
188 996 409 1046 opinionem
421 996 586 1046 egregie.
597 994 817 1041 Eusebium,
834 995 1033 1045 utriusque
1044 999 1177 1044 poetae
1187 1003 1346 1035 mortem
1361 1013 1438 1049 προ
1437 1015 1541 1052 χρο-

88 1055 221 1106 νισμῷ
244 1053 530 1099 anticipantem,
550 1051 826 1102 >castigavitllh
839 1049 1014 1102 Scaliger
1023 1051 1070 1089 ad
1082 1050 1223 1092 Chron.
1248 1066 1337 1092 ann.
1350 1054 1535 1099 MDClX.

89 1107 233 1147 Contra
259 1114 419 1156 peccant
447 1121 518 1145 nec
548 1114 687 1144 temere
708 1108 885 1144 excusari
904 1115 1085 1157 possunt,
1112 1109 1177 1157 qui
1198 1108 1400 1159 Lysandro
1419 1113 1538 1152 Athe-

87 1178 157 1203 nas
178 1164 401 1209 obsidente,
425 1163 506 1201 fato
526 1165 762 1201 concessisse
793 1162 1021 1212 Sophoclem
1042 1165 1218 1212 tradunt,
1251 1180 1270 1203 e
1292 1168 1429 1215 quibus
1452 1168 1539 1208 Pli-

86 1224 176 1260 nius
198 1219 240 1257 L.
263 1219 348 1268 Vss.
372 1220 446 1260 29.
484 1233 570 1257 nam
603 1219 752 1258 obsidio
782 1221 850 1256 illa
886 1223 1019 1257 serior.
1061 1219 1295 1259 Prudentius
1325 1223 1537 1265 Pausanias

86 1278 132 1318 L.
166 1276 195 1314 1.
219 1278 295 1317 21.
337 1278 577 1314 excursionis
607 1275 887 1324 Spartanorum
921 1277 962 1313 in
991 1276 1161 1314 Atticum
1191 1290 1324 1329 agrum
1353 1285 1539 1332 meminit,

88 1333 155 1382 sed
177 1334 275 1378 nihil
294 1331 340 1369 ‹le
363 1332 472 1369 ducis
489 1333 657 1369 nomine.
687 1331 739 1368 At
760 1330 967 1369 Plutarcho
990 1333 1080 1381 quid
1105 1334 1319 1372 faciemus?
1348 1335 1538 1377 Memora-

85 1396 197 1430 verat
226 1386 513 1438 Euripidempeo
541 1395 671 1425 natum
700 1389 819 1425 fuisse
849 1387 932 1436 die,
963 1400 1037 1437 quo
1068 1388 1207 1427 Graeci
1234 1392 1282 1428 ad
1304 1390 1538 1435 Salaminem

86 1458 172 1484 cum
200 1444 319 1489 Persa
349 1444 621 1491 conflixerunt.
660 1443 780 1481 Addit
809 1447 1018 1492 continuo,
1046 1442 1337 1494 ἀποθανόντος
1362 1448 1405 1488 δὲ
1427 1450 1534 1491 καθ’

84 1499 136 1555 ἢν
158 1496 356 1555 ἐγεννήθη
377 1496 598 1547 Διονύσιος
621 1495 641 1540 ὃ
663 1495 940 1553 πρεσβύτερος
962 1503 1046 1540 τῶν
1065 1500 1107 1540 ἓν
1128 1501 1291 1558 Σικελίᾳ
1313 1502 1541 1557 τυράννων,

87 1555 175 1610 ἅμα
206 1560 280 1610 τῆς
308 1552 436 1608 τύχης
461 1552 539 1610 (ὡς
564 1555 740 1608 Τιζιιαιος
768 1553 868 1609 ἔφη)
897 1554 970 1596 τὸν
994 1555 1179 1610 μιμητὴν
1208 1557 1433 1614 ἐξαγούσης
1454 1567 1545 1603 τῶν.

86 1616 292 1667 τραγικῶν
322 1614 504 1660 παθῶν,
555 1612 622 1651 καὶ
657 1609 730 1652 τὸν
758 1609 989 1665 ἀγωνιστὴν
1018 1611 1313 1667 ἐπεισαγούσης
1355 1617 1399 1658 L.
1435 1618 1537 1658 vm.

88 1671 267 1722 Sympos.
292 1681 328 1718 p.
352 1671 459 1710 717.
480 1668 523 1708 C.
547 1667 711 1706 Hiccine
730 1664 888 1720 ἡμέρα,
914 1666 1011 1708 καθ’
1035 1665 1086 1722 ἣν
1110 1667 1310 1723 ἐγεννήθη
1341 1674 1422 1711 dies
1453 1679 1539 1725 erit,

88 1741 164 1779 quo
183 1726 372 1776 quondam
393 1728 516 1775 prima
535 1727 637 1764 vitae
657 1737 773 1762 usura
784 1723 998 1775 Dionysius
1017 1726 1096 1763 frui
1116 1728 1361 1777 occoeperat?
1390 1729 1478 1770 Dici
1499 1733 1540 1771 id

88 1790 228 1835 potest,
260 1783 451 1827 Quorsum
475 1794 569 1820 vero
587 1789 666 1818 tum
688 1779 840 1819 Timaei
861 1782 959 1819 illud
979 1782 1253 1832 epiphonema?
1289 1784 1344 1832 ld,
1370 1796 1413 1824 ut
1435 1801 1538 1827 nunc

89 1841 210 1887 verba
231 1841 379 1886 iacent,
409 1841 602 1889 requirere
627 1837 801 1885 videtur,
825 1850 869 1874 eo
899 1837 960 1874 die
988 1838 1034 1875 ad
1057 1841 1185 1887 plures
1213 1839 1356 1878 abiisse
1384 1842 1540 1895 Euripi—

89 1896 196 1944 dem,
225 1908 300 1944 quo
327 1898 494 1945 primum
521 1893 738 1945 Dionysius
767 1895 891 1931 lucem
919 1894 1109 1944 adspexit.
1159 1893 1298 1944 Dices,
1329 1899 1425 1936 illud
1455 1914 1538 1939 esse

87 1954 358 1999 falsissimum:
387 1952 523 1988 fateor.
565 1950 700 2001 Neque
719 1950 886 1987 scribere
915 1952 1104 1999 potuisse,
1136 1959 1239 1989 certe
1261 1966 1339 1991 non
1364 1955 1540 1995 debuisse

89 2008 312 2056 rffimawm,
339 2008 464 2046 fateor
492 2005 533 2045 id
555 2019 716 2056 quoque.
764 2005 842 2044 Sed
863 2006 926 2044 sac
954 2007 1155 2056 reliquisse
1175 2021 1284 2056 eum,
1315 2009 1539 2061 Euripidem

87 2061 369 2122 ἦμέρᾳ,,κα3·’
397 2062 448 2116 ἢν
471 2062 648 2116 ἐγένετο,
680 2066 762 2101 sive
782 2058 982 2115 ἐγενήθη,
1009 2057 1231 2111 Διονύσιος
1261 2060 1281 2104 ὅ
1313 2065 1541 2118 πρεσβύτε-

91 2136 163 2177 ρος
184 2123 259 2174 τῆς
279 2119 468 2168 Σικελίας
487 2116 710 2172 τύραννος,
736 2132 810 2170 quo
830 2120 964 2156 senior
978 2118 1194 2170 Dionysius
1210 2121 1380 2161 Siciliae
1401 2130 1543 2175 tyrane-

90 2191 165 2218 nus
187 2177 430 2225 estfactue,
461 2176 562 2214 diem
593 2176 734 2213 obiisse
763 2187 977 2225 supremum
992 2203 1003 2223 ,
1031 2183 1068 2214 et
1098 2177 1191 2214 bene
1211 2180 1383 2226 profecto
1402 2194 1542 2230 seque—

90 2242 173 2273 tur:
196 2234 414 2281 fortunam
434 2235 551 2271 simul
577 2232 808 2270 subduxisse
833 2235 1034 2282 egregium
1055 2236 1306 2283 tragicarum
1328 2238 1542 2275 calamita-

93 2297 173 2329 tum
195 2292 458 2337 imitatorem,
489 2297 530 2327 et
559 2302 696 2326 earum
725 2295 928 2326 auctorem
957 2295 1078 2340 atque
1107 2297 1284 2328 actorem
1313 2294 1352 2330 in
1382 2306 1540 2332 scenam

91 2348 374 2391 introduxisse.
416 2347 500 2391 Quo
520 2348 620 2385 enim
642 2345 702 2382 die
722 2343 934 2395 Dionysius
956 2346 1201 2396 tyrannidem
1221 2352 1447 2398 occupavit,
1476 2365 1542 2388 oc·-

94 2405 250 2452 cupavit
270 2409 398 2441 autem
429 2404 525 2450 citra
547 2404 848 2439 controversiam
871 2400 942 2438 hoc
971 2414 1096 2449 anno,
1128 2415 1202 2453 quo
1225 2402 1432 2454 Euripides
1458 2408 1540 2445 fato

92 2460 250 2498 functus
269 2465 350 2505 est,
377 2461 507 2508 utique
535 2460 664 2495 statim
693 2454 922 2509 ἀγωνιστὴς
948 2458 1023 2495 suit
1039 2461 1244 2511 vpaypxcbv
1264 2463 1431 2501 παθῶν.
1472 2463 1543 2500 At-

95 2528 166 2566 que
191 2514 262 2551 hoc
283 2513 376 2562 mihi
405 2515 440 2551 si
459 2515 634 2561 dederis,
662 2513 840 2561 expedita
868 2527 928 2550 res
951 2516 1044 2551 erit:
1078 2516 1188 2565 culpa
1218 2517 1362 2554 recidet
1385 2522 1424 2554 in
1449 2519 1542 2556 Plu-

95 2570 291 2617 tarchum,
318 2583 428 2620 quem
457 2578 497 2608 tu
516 2573 550 2608 si
572 2583 646 2619 quo
675 2571 751 2607 alio
773 2569 885 2607 modo
904 2570 1054 2608 absolvi
1086 2583 1197 2621 posse
1219 2580 1349 2621 putes,
1373 2586 1448 2611 una
1470 2587 1542 2626 ego

95 2628 155 2667 illi
172 2629 292 2664 litura
310 2627 559 2665 satisfaciam.
587 2626 724 2665 wsss.

210 2684 316 2737 626.
338 2682 413 2722 45.
441 2682 550 2722 Κυσὶ
570 2684 796 2734 περιπεσεῖν
818 2679 885 2720 καὶ
904 2680 1239 2734 διασπασθῆναι]
1257 2684 1361 2727 Quae
1374 2684 1445 2722 huc
1459 2698 1544 2734 per-

98 2741 247 2786 tinent,
276 2739 465 2776 conduxit
485 2739 526 2776 in
549 2752 666 2776 unum
688 2737 759 2775 los.
781 2736 987 2775 Barnesius
1008 2738 1085 2778 Vit.
1107 2738 1308 2788 Euripidis
1327 2754 1362 2790 p.
1383 2741 1541 2782 XXXI.

98 2796 239 2835 Poetae
257 2796 493 2844 sepulcrum,
522 2802 560 2832 et
583 2795 757 2832 diversae
779 2793 824 2829 de
856 2807 900 2830 eo
924 2797 1159 2842 sententiae,
1190 2803 1232 2832 ut
1251 2798 1435 2835 constitui
1455 2810 1543 2846 pos·-

100 2855 202 2901 sint,
231 2852 320 2891 vide
340 2853 381 2889 in
403 2858 482 2889 not.
500 2851 550 2890 ad
572 2851 703 2890 ltiner.
724 2849 915 2888 Hierosol.
936 2863 971 2902 p.
994 2852 1100 2892 605.
1128 2849 1178 2890 W
1183 2862 1265 2891 less.

1174 2908 1271 2948 45*
