1828 3253
387 260 448 301 {N
480 259 991 314 1.1B.x11.0A1›.24„
1015 265 1155 304 -2o
1407 265 1492 307 581

47 375 198 424 hibuit,
226 375 304 414 nisi
321 376 420 414 velis
449 388 498 414 ex
526 378 608 414 eius
636 376 695 413 rei
725 377 919 414 mentione
949 376 1092 414 iniecta
1121 376 1162 414 in
1183 387 1350 415 errorem
1379 379 1487 416 illum

48 433 243 471 incidisse.
281 431 365 483 Ego
381 434 488 481 prius
511 432 688 471 arbitror.
719 431 856 472 WESS.

158 489 267 528 494.
297 490 369 529 86.
417 489 591 535 Ζῶντας
614 486 958 540 κατακαυθῆναι]
1007 485 1069 525 Ex
1101 488 1212 526 Livio
1241 487 1282 525 L.
1314 489 1380 527 Ill.
1408 490 1480 530 55,

42 544 98 583 Μ.
127 544 305 582 Duillius
335 543 515 582 tribunus
533 544 664 596 plebis
694 545 850 596 plebem
880 547 1060 594 rogavit,
1097 546 1306 595 plebes-qne
1337 549 1479 583 scivit:

42 612 118 645 QU!
148 611 325 638 PLEBEM
367 611 468 638 S1NE
503 611 712 639 TRIBUle
739 612 1021 644 RELIQUISSET
1054 612 1213 644 QUIQUE
1243 613 1479 640 ‚vnn-'mmer-

41 668 134 696 TUM
166 668 268 696 SINE
295 666 620 694 PROVOGATIONE
642 668 879 704 CREASSET,
911 668 1045 694 TERGO
1079 669 1132 695 Ac
1163 668 1321 695 (ἈΡΙΤΕ
1351 669 1477 696 l’cwl-

38 724 192 752 RETUR.
239 711 387 750 Tamen
417 725 466 750 ex
491 715 655 751 vetustis
686 715 891 750 annalibus
908 716 1011 764 ignis
1038 715 1080 750 in
1109 726 1174 750 eos
1202 727 1325 763 poena
1356 716 1476 752 fuisse

36 769 366 816 animadversum,
395 770 463 817 qui
491 769 666 807 tribunos
687 782 764 806 non
784 770 1076 820 subrogassent,
1101 781 1179 806 non
1201 771 1343 807 iniuria
1365 772 1476 808 colliae

32 828 160 877 gitur,
189 824 290 874 quod
312 837 384 861 uec
411 825 592 875 Pighium
619 826 742 876 fugit,
768 838 816 862 ex
846 825 973 862 Valer.
993 824 1162 862 Maximo
1192 825 1235 863 L.
1258 826 1321 863 Vl.
1344 827 1384 865 3.
1417 829 1474 874 2.,

32 895 120 919 cum
165 881 212 920 P.
243 880 420 927 Mucius,
451 883 603 931 inquit,
645 881 823 919 tribunus
845 882 996 932 plebis,
1032 883 1103 932 qui
1130 895 1260 920 omnes
1299 884 1472 932 collegas

30 950 134 984 suos,
160 939 230 988 qm·
247 939 345 975 duce
375 936 443 988 Sp.
470 937 609 975 Cassio
631 940 675 976 id
693 945 874 988 egerant,
902 945 948 975 ut
964 939 1266 987 magistratibus
1285 952 1360 975 non
1381 940 1469 976 sab-

31 997 208 1044 rogatis,
235 995 434 1031 comannis
453 993 618 1031 libertas
637 996 677 1032 in
695 994 849 1032 dubium
868 1001 1098 1041 vocaretur,
1117 997 1227 1032 vivos
1249 998 1465 1032 cremavit.-

30 1057 132 1088 errat
161 1052 195 1088 is
227 1049 378 1099 quidem
407 1052 449 1087 in
468 1063 626 1087 numero
654 1051 919 1099 tribunorum,
949 1057 992 1087 ut
1018 1053 1095 1088 viri
1123 1051 1228 1088 docti
1254 1051 1466 1088 admonue-

26 1112 140 1153 runt,
173 1107 274 1142 clare
303 1112 429 1143 tamen
456 1106 655 1154 indicans,
695 1106 742 1143 de
770 1109 978 1156 supplicio,
1019 1106 1120 1155 quod
1146 1107 1466 1145 vivicomburium

26 1161 159 1199 Latini
188 1163 423 1199 recentiores
445 1169 608 1209 vocant,
637 1176 677 1199 se
698 1163 845 1211 aliquid
872 1163 1038 1200 vetustis
1067 1165 1108 1199 in
1131 1165 1240 1200 libris
1267 1166 1464 1212 reperisse.

23 1218 146 1256 Porro
164 1214 212 1257 τὸ
243 1214 323 1256 ἀνὰ
340 1215 468 1268 μέσον
489 1217 672 1269 κείμενον
702 1220 936 1267 praeferam,
958 1221 1035 1255 nisi
1049 1215 1204 1271 χρόνον
1222 1233 1356 1257 vocem
1376 1221 1464 1256 sub-

21 1275 191 1324 intelligi
207 1274 398 1310 malueris.
424 1273 524 1312 Nam
545 1270 675 1325 κύριοι
697 1270 798 1314 εἶναι
817 1271 1052 1313 κωλύεσθαι
1081 1277 1214 1312 tritum
1232 1278 1327 1314 satis
1342 1290 1465 1328 genus

22 1337 92 1368 est.
132 1329 219 1367 Vid.
247 1328 322 1366 Iac.
342 1329 513 1368 Gronov.
542 1332 585 1367 in
605 1331 741 1381 Polyb.
763 1330 808 1368 V.
830 1332 934 1370 100.
968 1330 1103 1369 WEss.

132 1385 242 1425 494.
266 1386 342 1425 92.
377 1380 780 1438 Koiyxov‘Opo'trtov]
807 1386 883 1424 Pro
902 1381 1068 1439 Ko'eyxov
1087 1388 1171 1437 lege
1195 1383 1400 1441 ,nzmpnom
1426 1394 1465 1425 et

21 1454 90 1492 pro
131 1442 388 1494 Τουρπῖνον,
424 1442 610 1481 Ποτῖτον
640 1454 689 1479 ex
715 1441 912 1490 triumpho
944 1445 1026 1479 eius
1065 1440 1293 1492 Capitolino.
1328 1443 1461 1482 Rnon.

132 1498 241 1537 494.
270 1499 309 1538 l.
345 1494 640 1550 Προσήλωσαν
658 1503 746 1545 τοΐς
765 1496 843 1552 πρὸ
874 1501 948 1537 τοῦ
967 1499 1085 1549 βουλ.
1115 1514 1216 1549 netga.
1240 1495 1460 1550 ἐμβόλοις]

19 1551 80 1590 De
99 1555 239 1592 rostris
267 1566 330 1590 res
348 1567 471 1591 nova:
501 1561 654 1591 centum
683 1558 785 1592 enim
814 1562 851 1591 et
872 1556 1033 1603 amplius
1063 1558 1176 1592 annis
1197 1563 1352 1604 postea,
1374 1570 1462 1594 cum

20 1623 140 1647 naves
158 1609 374 1646 Antiatium
397 1617 527 1647 essent
555 1618 710 1661 captae,
735 1625 863 1649 earum
883 1612 1021 1647 rostris
1040 1618 1284 1662 suggestum,
1312 1614 1352 1648 in
1376 1614 1461 1649 foro

20 1672 279 1712 exstructum,
310 1666 491 1702 adornari
520 1668 687 1715 placuit,
714 1674 868 1704 auctore
892 1668 1003 1705 Livio
1024 1666 1064 1704 L.
1081 1667 1181 1704 Vlll.
1208 1668 1277 1707 14.
1316 1668 1460 1706 Nostro

20 1728 149 1758 tamen
169 1721 382 1758 adsentitur
401 1721 633 1771 Pomponius
653 1723 699 1760 de
711 1723 820 1773 Orig.
847 1723 919 1759 lur.
943 1723 979 1771 ξ.
1000 1723 1041 1762 4.
1082 1724 1191 1768 Quas
1210 1725 1317 1773 leges
1335 1726 1373 1761 in
1397 1732 1459 1761 ta-

18 1778 132 1815 bulas
151 1777 314 1814 choreas
325 1781 582 1831 perscriptas
593 1792 674 1830 pro
699 1779 736 1818 R
743 1779 810 1818 OS
817 1779 918 1817 TRI
919 1779 948 1815 S
968 1787 1277 1829 conposuerunt,
1309 1787 1352 1816 ut
1366 1794 1459 1831 pos-

17 1835 296 1885 sentapertius
305 1837 479 1887 percipi.
504 1834 580 1871 Ubi
598 1836 688 1873 vide
698 1834 920 1884 Rupertum,
935 1835 1298 1885 diligenter-lapsxun
1318 1850 1460 1873 memo-

15 1893 96 1943 riae
107 1888 297 1941 Scaligeri
311 1893 580 1942 corrigentem,
600 1904 674 1941 quo
684 1893 807 1929 solum
820 1891 1051 1940 Dionysium
1065 1894 1168 1942 leges
1185 1895 1227 1928 iu
1244 1905 1307 1929 aas
1319 1895 1460 1930 incisas

16 1945 229 1996 prodidisse
248 1948 510 1996 suspicabatur
531 1946 736 1999 Animadv.
765 1950 806 1985 in
828 1947 1104 1984 Guilandinum
1126 1961 1160 1997 p.
1182 1949 1251 1988 19.
1282 1948 1328 1985 W
1335 1960 1412 1984 uss.

128 2002 236 2043 494.
257 2004 301 2041 2.
332 1999 594 2056 ’Λπερίττως
617 2001 886 2055 συγκειμένη]
912 2002 970 2040 De
991 2002 1063 2040 hoc
1081 2005 1224 2052 publici
1243 2007 1458 2053 privatique

17 2058 117 2106 apud
136 2057 331 2096 Romanos
353 2061 450 2096 iuris
469 2060 577 2097 fonte
598 2061 726 2108 paullo
747 2062 948 2111 augustius
962 2087 972 2105 ‚
999 2073 1069 2096 nec
1096 2063 1178 2097 sinc
1199 2063 1345 2109 patriae
1365 2073 1459 2109 quo-

18 2114 104 2152 dam
123 2127 252 2153 amore
266 2141 278 2162 ,
301 2113 439 2152 Cicero
465 2115 511 2151 de
535 2115 643 2152 Orat.
666 2115 694 2152 Ι.
714 2117 790 2155 44.
828 2115 1023 2153 Fremant
1041 2129 1169 2153 omnes
1188 2118 1302 2163 licet,
1328 2119 1460 2155 dicam

17 2172 124 2223 quod
139 2173 264 2208 sentio
277 2184 297 2207 :¹
317 2170 574 2224 bibliothecas
596 2172 818 2210 mehercule
838 2175 1004 2209 muniam
1016 2173 1337 2224 philosophorum
1360 2186 1459 2211 unus

17 2227 114 2264 mihi
131 2228 291 2265 videtur
308 2237 383 2265 Χιι
417 2228 641 2265 tabularum
661 2228 837 2275 libellus,
869 2231 905 2266 si
934 2231 1002 2280 qui
1022 2229 1305 2279 legumfontes
1328 2237 1368 2267 et
1389 2244 1458 2267 ca-

9 2285 103 2335 pita
122 2285 294 2330 viderit,
323 2290 363 2320 et
382 2286 845 2337 auctoritatispondere,
878 2291 919 2322 et
934 2285 1123 2323 utilitatis
1141 2286 1322 2323 ubertate
1342 2300 1457 2338 supe-

17 2352 127 2376 rare.
174 2338 353 2376 Auctoris
380 2342 499 2378 verba
528 2341 764 2389 respondent
791 2344 1004 2378 sententiae
1039 2341 1131 2379 Sex.
1161 2340 1342 2389 Caecilii,
1381 2353 1457 2391 qua

18 2396 198 2444 eleganti
213 2401 333 2445 utque
355 2396 535 2434 absoluta
558 2397 754 2434 brevitate
773 2398 979 2435 verborum
999 2401 1174 2451 scripsrcs
1197 2401 1301 2451 leges
1318 2409 1378 2435 ΧΗ
1400 2407 1456 2436 ta-

20 2452 195 2489 bularum
217 2449 439 2500 perhibebat
456 2457 498 2491 in
528 2453 572 2491 A.
591 2453 709 2492 Gellii
730 2453 843 2490 Noct.
873 2454 990 2491 Attic.
1009 2455 1054 2492 L.
1073 2455 1169 2492 XX.
1194 2458 1232 2495 Ι.
1262 2455 1402 2494 wass.

133 2506 242 2546 494.
269 2508 310 2547 7.
352 2505 439 2554 Τὰς
467 2508 543 2560 μὲν
572 2507 676 2561 πρὸς
698 2507 948 2562 Ἀθηναίους
969 2512 1069 2562 etc.]
1114 2511 1200 2549 Hoc
1231 2512 1276 2549 de
1304 2511 1458 2550 foedere

22 2563 301 2614 disputavimus
323 2576 437 2614 supra
457 2578 488 2602 c.
508 2567 550 2605 4.
578 2566 714 2605 wass.

131 2618 240 2658 494.
265 2619 307 2658 9-
329 2618 449 2672 Πρὸς
467 2620 511 2660 δὲ
530 2618 1001 2673 τοὺςΛακεὸαιμονιόυς
1021 2619 1193 2672 ὕστερον
1209 2620 1461 2676 ἕγράιῙυησιιν]

20 2674 288 2712 consideravit
305 2674 398 2712 haec
421 2676 555 2715 Nostri
573 2680 774 2726 scriptoris
795 2677 850 2715 Cl.
872 2678 1151 2730 Barbeyracius
1181 2680 1327 2717 Histor.
1347 2679 1456 2715 Foed,

21 2731 66 2768 P.
87 2729 116 2767 I.
138 2743 172 2779 p.
188 2732 208 2770 l
223 2732 240 2770 l
256 2732 306 2777 l-‚
328 2733 507 2779 opinatus
526 2734 660 2771 foedus
680 2735 858 2781 indicari,
877 2736 977 2783 quod
997 2748 1074 2774 non
1094 2738 1321 2784 multispost
1340 2736 1462 2772 socia-

24 2794 106 2825 tum
127 2800 212 2824 cum
231 2785 528 2826 Atheniensibus
549 2791 663 2827 annis
693 2792 795 2828 inter
814 2790 1132 2830 Lacedaemonios
1152 2801 1190 2830 ct
1216 2792 1352 2828 Persas
1370 2804 1460 2827 coa-

25 2845 140 2881 luerit
155 2871 166 2890 ,
190 2842 402 2881 Artaxerxe
420 2857 530 2895 rege:
559 2859 631 2897 ego
661 2859 754 2884 vero
773 2847 932 2896 foedus,
960 2849 1061 2897 quod
1081 2848 1283 2885 Antalcida
1308 2854 1463 2884 auctore

30 2902 218 2938 sancitum
247 2899 344 2947 fuit,
370 2900 536 2941 indicari
553 2903 748 2954 suspicor,
773 2916 848 2954 quo
877 2903 1027 2944 demum
1046 2905 1183 2943 Graeci
1204 2906 1370 2942 nominis
1401 2915 1468 2951 per
