1828 3253
288 82 385 125 624
753 81 1273 125 ANNOTATIONES

287 195 406 233 addit.
435 196 561 240 Quare
580 194 622 232 in
642 193 894 247 Thucydide,
922 197 955 234 si
973 209 1036 235 res
1062 198 1139 235 mei
1157 204 1258 236 esset
1288 198 1463 247 arbitrii,
1494 198 1596 238 idem
1613 200 1732 238 refin-

286 265 428 303 gerem.
462 252 513 288 At
532 252 623 300 quid
642 253 795 291 tandem
814 248 916 304 ὑπὲρ
936 254 1150 304 βοταμίων
1173 253 1272 292 erit?
1313 255 1478 293 Vertunt
1487 269 1731 308 pascum-um

288 310 464 355 nomine,
504 319 731 358 quamquam
758 311 901 346 nullius
929 313 1179 357 auctoritate;
1215 324 1303 348 nam
1330 308 1553 365 Λειμήρας
1583 314 1732 358 titulus,

289 377 401 413 quem
420 377 540 414 nuper
562 367 624 402 vir
644 368 949 402 consultissimus
969 366 1195 413 advocavit,
1223 375 1265 404 ut
1284 370 1433 417 pascuis
1453 370 1598 405 auxilio
1617 375 1732 415 esset,

289 433 368 458 non
398 420 487 457 huic
516 420 733 470 Epidauro,
761 421 827 458 sed
858 423 992 468 alteri,
1030 425 1071 460 in
1103 422 1315 461 Laconicae
1342 425 1505 472 finibus,
1539 425 1614 461 fuit
1643 437 1730 472 pro-

289 478 407 525 prius.
457 476 646 525 Equidem
675 480 716 515 in
736 485 862 527 partes
885 479 919 514 si
946 481 997 515 sit
1027 478 1218 527 eundum,
1240 481 1472 529 praeferrem
1501 493 1549 517 ex
1578 481 1731 528 scriptis

289 532 532 582 Thucydidis
560 534 672 570 libris
697 529 799 587 ὑπὲρ
831 534 1184 586 παραποταμίων,
1222 538 1552 587 intelligeremque
1581 538 1731 573 accolas

287 589 399 627 fluvii
417 591 459 626 in
490 589 784 638 Epidauriorum
804 592 972 637 vicinia,
1002 592 1215 629 cuiusmodi
1235 595 1333 630 sumi
1358 595 1500 642 poterit
1520 592 1662 630 flumen
1683 603 1733 629 ex

289 644 416 683 Statio
435 644 477 682 L.
501 645 562 682 lv.
590 644 710 682 Theb.
735 660 774 686 v.
797 648 900 687 710.
916 654 988 684 etc.
1019 647 1157 686 WVESS.

407 703 510 742 533.
538 703 610 742 62.
660 702 859 755 Προῆγον
877 702 920 741 ἐκ
940 705 1013 755 τῆς
1036 700 1192 749 πόλεως
1210 700 1256 743 τὸ
1281 700 1587 756 στρατόπεδον]
1636 702 1733 742 Rem

288 760 365 796 alio
386 759 520 795 ordine
542 765 687 808 gestam
708 761 898 809 copiosius
919 762 1142 809 exsequitur
1161 759 1194 796 T
1200 760 1408 810 hucydides
1431 762 1475 798 V.
1501 762 1574 800 59.
1592 760 1730 797 VVEss.

405 815 507 854 533
534 815 606 854 74.
639 812 725 853 Διὰ
755 818 837 854 τῶν
858 816 995 854 καὶῶν
1025 813 1181 868 ὲογων]
1218 816 1307 853 Alia
1327 830 1409 853 esse
1430 819 1656 866 scriptorum
1680 817 1729 853 N.

289 869 337 907 Τ.
366 868 508 908 καλὰ
496 885 614 922 εργα,
641 884 720 907 non
744 878 822 919 est,
846 878 889 908 ut
907 872 1145 911 admoneam.
1200 869 1265 910 Τὰ
1285 870 1482 923 πολεμικὰ
1501 873 1732 923 intelligun-

288 934 350 964 tur
371 927 558 974 inprimis.
592 925 650 964 De
671 940 712 963 re
732 930 815 975 ipsa
836 927 869 964 T
875 927 1012 978 hucyd.
1036 928 1077 964 V.
1102 929 1174 968 63.
1203 928 1342 964 TVEss.

404 984 505 1023 533.
543 985 615 1024 80.
655 981 728 1029 Εἷς
751 981 902 1030 αὐτοὺς
926 1004 973 1011 --
1001 981 1132 1030 ἱππεῖς
1152 982 1196 1023 δὲ
1216 982 1477 1034 διακοσίους]
1512 983 1734 1021 Maluissem

287 1038 343 1085 εἷς
366 1036 571 1092 Ἀργείους
590 1042 824 1089 scripsisset:
852 1041 1006 1077 fecisset
1024 1048 1126 1077 certe
1149 1044 1359 1078 orationem
1380 1040 1480 1078 haud
1505 1042 1631 1090 paullo
1651 1042 1733 1088 pla-

285 1097 447 1135 niorem.
481 1095 583 1133 Dein
605 1093 736 1142 ἱππεῖς
766 1096 810 1135 δὲ
831 1095 1092 1148 τριακοσίους
1111 1100 1240 1135 verius
1269 1100 1364 1144 erit,
1392 1097 1505 1133 modo
1529 1110 1575 1133 ne
1594 1097 1733 1134 fallant

286 1155 438 1190 numeri
457 1155 498 1189 in
521 1151 750 1203 Thucydide
771 1153 817 1190 V.
839 1155 936 1199 GL,
962 1166 981 1189 e
1004 1166 1078 1202 quo
1109 1161 1304 1202 praeterea
1324 1155 1612 1204 cognoscimus,
1638 1152 1732 1190 haec

286 1221 464 1260 magnam
483 1215 628 1257 partem
649 1211 868 1257 insequenti
887 1222 989 1246 anno
1017 1209 1285 1247 administrata
1301 1211 1433 1246 fuisse.
1456 1210 1505 1245 W
1511 1220 1591 1246 Ess,

403 1267 507 1306 534.
522 1267 596 1306 89.
613 1263 697 1304 ”En
711 1262 960 1317 Ὀρχομενόι
972 1267 1045 1316 τῆς
1050 1262 1175 1316 Ἀρκ]
1203 1264 1311 1303 Conf.
1325 1265 1366 1302 Ι.
1377 1265 1489 1302 ΧΙΧ.
1507 1266 1579 1306 63.
1594 1264 1729 1305 Wtss.

404 1323 508 1362 534·
550 1323 592 1361 9
639 1320 855 1373 onal‘scfiz
865 1320 884 1371 ]
932 1319 1143 1359 Reddimus
1174 1322 1324 1358 auctori
1357 1317 1557 1372 >opidana
1589 1320 1728 1361 Ruon.

290 1380 388 1418 Τῶν
419 1372 632 1430 λογαὸωι]
683 1377 787 1415 Adeo
816 1377 909 1415 mihi
947 1384 1051 1414 certa
1079 1378 1156 1414 viri
1184 1378 1398 1415 doctissimi
1428 1380 1648 1415 coniectura
1675 1383 1733 1414 est

286 1436 394 1482 visa,
423 1442 466 1472 ut
491 1433 663 1471 Diodoro
684 1446 819 1472 vocem
839 1445 944 1471 suam
962 1433 1121 1470 reddere
1142 1432 1240 1470 nihil
1262 1436 1331 1470 sim
1351 1436 1553 1471 reveritus.
1581 1433 1733 1484 Λοχα-

284 1492 349 1559 yoi
370 1491 522 1540 quidem
552 1498 654 1528 certe
675 1490 774 1528 nihil
793 1489 840 1527 ad
870 1489 972 1526 hunc
1000 1491 1149 1536 locum,
1179 1489 1243 1526 eui
1262 1492 1374 1526 unice
1395 1493 1631 1528 conveniunt
1660 1491 1733 1528 λο-

285 1544 417 1601 γάδες.
447 1548 619 1597 Namque
640 1560 683 1583 eo
703 1547 890 1585 vocabulo
909 1547 1029 1583 lectos
1048 1548 1135 1583 illos
1154 1548 1258 1582 mille
1274 1546 1440 1596 Argivos
1460 1559 1570 1595 saepe
1589 1546 1733 1584 descri-

287 1606 394 1642 bunt.
423 1604 671 1654 Thucydides
695 1603 740 1639 V.
766 1605 838 1643 67.
877 1599 990 1667 'Am
992 1602 1083 1641 εἴων
1114 1599 1153 1640 οἳ
1176 1601 1301 1652 χίλιοι
1329 1604 1392 1654 λοι,
1394 1598 1509 1648 άὸες.
1539 1611 1577 1640 et
1606 1616 1638 1639 c.
1659 1604 1731 1642 72·

287 1661 355 1700 καὶ
377 1663 460 1701 τῶν
473 1659 664 1729 Ἀργείων
694 1675 731 1699 οι
721 1657 815 1709 717
820 1674 870 1698 ιοι
891 1659 963 1710 λο)
966 1652 1071 1723 αὸξς.
1102 1665 1183 1695 tum
1203 1672 1234 1695 c.
1258 1659 1328 1698 73.
1360 1660 1440 1697 τῶν
1473 1658 1517 1698 ὁέ
1545 1657 1732 1711 Ἀογείων

286 1715 475 1770 λογάδων
495 1713 541 1756 τὸ
563 1713 668 1756 71ko
689 1712 846 1767 ἐσώθη.
888 1714 1098 1752 Pausanias
1119 1714 1168 1753 11.
1191 1716 1264 1754 20.
1295 1711 1430 1761 ἕὸοξει
1448 1712 1544 1768 Hp)
1547 1715 1640 1761 ειόις
1659 1716 1733 1754 λο-

285 1771 417 1827 γάὸας
438 1770 600 1826 τρέφειν
616 1771 788 1823 χιλίοις.
829 1773 934 1816 Quae
958 1769 1197 1821 Thucydidis
1217 1778 1255 1807 et
1274 1771 1486 1808 Pausaniae
1511 1774 1594 1809 loca
1614 1779 1733 1808 teme-

285 1832 453 1877 ritatem,
481 1832 514 1867 si
535 1832 597 1866 cui
616 1829 716 1866 forte
735 1827 923 1873 videatur,
942 1828 1054 1864 facile
1077 1827 1326 1864 excusabunt.
1358 1828 1474 1864 Porro
1493 1830 1621 1879 paullo
1642 1834 1732 1864 ante

288 1901 361 1934 ους
379 1887 446 1926 καὶ
471 1907 518 1915 -
540 1881 823 1929 κυκλώσαντες
848 1886 905 1921 rei
929 1886 1046 1920 series
1074 1885 1249 1931 requirit.
1276 1883 1410 1920 Wssss.

405 1944 508 1983 534.
542 1945 612 1982 18.
655 1943 755 1987 Τοῖς
778 1936 945 2007 Ἀρκάσι
970 1938 1112 1978 δοῦναι
1136 1938 1301 1985 ὁιοὸον]
1339 1938 1425 1975 Huc
1450 1939 1577 1976 refero
1595 1938 1731 1990 Agidis

288 2000 449 2038 dictum:
490 1993 846 2049 συμβουὶεὺοντος
882 1992 930 2034 ὸέ
954 2008 1086 2042 τινος,
1122 1992 1184 2034 ὅτι
1217 1995 1279 2033 δεῖ
1307 1999 1393 2040 τοῖς
1418 2008 1618 2062 φευγοισι
1648 1997 1731 2034 τῶν

287 2057 365 2095 πολ
357 2055 494 2107 .εμι’ων
518 2050 676 2093 διδόναι
697 2052 850 2092 ὸίοὸον·
888 2051 956 2090 καὶ
986 2054 1097 2097 πῶς,
1118 2048 1220 2104 ἔφη,
1251 2056 1337 2096 τοῖς
1366 2047 1433 2089 διὰ
1455 2050 1607 2089 δειὶίαν
1628 2047 1733 2104 φεύ-

287 2126 405 2165 yovm
438 2108 497 2162 μὴ
528 2105 778 2161 μαχόμειοι,
815 2113 902 2154 τοῖς
931 2105 977 2146 δι’
1016 2104 1207 2157 ἀνδρείαν
1240 2104 1407 2156 μέιουσι
1434 2102 1732 2158 μαχησόμεθα,

288 2171 330 2206 in
349 2167 547 2205 Plutarchi
569 2164 845 2216 Apophthegm.
878 2164 1019 2201 Lacon.
1040 2174 1074 2212 p.
1097 2164 1203 2203 215.
1222 2161 1263 2200 F.
1293 2161 1428 2201 TVEss.

407 2224 510 2263 535-
540 2224 610 2262 32.
652 2217 831 2273 Εἷοὴνην
852 2216 1126 2272 ἐποιήσαντο]
1166 2218 1251 2257 Vid.
1279 2217 1497 2269 Thucydid.
1526 2219 1570 2256 V.
1595 2220 1666 2258 79.
1693 2225 1732 2257 et

289 2278 336 2317 de
359 2279 669 2317 Mantinensibus
687 2292 718 2315 c.
740 2281 813 2318 81.
805 2304 839 2324 .,
864 2284 902 2313 et
921 2289 1129 2327 cognosces
1150 2272 1197 2314 τὸ
1222 2289 1431 2328 υποταγγι
1435 2290 1475 2314 αι
1497 2286 1576 2312 non
1595 2275 1731 2313 admo-

290 2337 380 2374 dum
402 2336 576 2372 districte
595 2334 657 2372 hic
679 2347 762 2371 esse
781 2334 1057 2382 accipiendum.
1090 2331 1228 2369 Wnss.

406 2389 509 2432 535.
538 2392 611 2431 37.
641 2386 948 2443 Σωεφώνησαν
960 2390 974 2439 ]
1005 2386 1258 2426 Doctissimus
1276 2386 1335 2424 De
1354 2389 1391 2424 la
1409 2385 1552 2434 Bari-e,
1581 2387 1643 2425 cui
1663 2398 1731 2424 ex-

289 2455 419 2496 cerpta
439 2446 557 2485 Codd.
575 2446 669 2497 Reg.
692 2446 823 2493 debeo,
852 2441 1164 2512 συνεφρόνησαν
1185 2443 1413 2495 corrigebat,
1439 2449 1578 2491 motus,
1603 2443 1730 2491 credo,

289 2506 401 2544 verbi
419 2516 490 2541 usu
509 2511 547 2540 et
566 2505 624 2542 τῶ
650 2505 942 2557 συμφρονῆσαι
965 2499 1070 2540 κατὰ
1091 2503 1173 2539 τῶν
1194 2515 1235 2552 τῃ
1238 2515 1371 2550 οιμει
1375 2515 1431 2539 ων
1462 2512 1510 2536 ex
1530 2499 1574 2538 L.
1600 2499 1628 2537 Ι
1652 2501 1727 2540 89.

292 2568 330 2598 et
350 2574 382 2597 c.
406 2563 478 2600 77.
504 2558 618 2596 huius
640 2560 742 2596 libri
794 2558 918 2607 Atque
951 2556 992 2594 id
1011 2555 1163 2606 quidem
1194 2558 1313 2605 recipi
1335 2562 1530 2605 potuerat,
1558 2556 1591 2592 si
1613 2568 1729 2592 manu

291 2619 439 2654 exarati
460 2616 550 2653 libri
570 2614 830 2653 addixissent:
860 2612 998 2663 quibus
1019 2626 1090 2664 ego
1110 2613 1246 2650 invitis
1269 2610 1366 2650 nihil
1384 2611 1574 2663 pugnabo.
1612 2611 1729 2661 Συμ-

290 2678 442 2725 φωνεΐι
465 2674 568 2709 enim
587 2683 814 2709 consensum
833 2671 880 2708 ad
900 2670 997 2707 alios
1017 2668 1284 2719 opprimendos
1306 2674 1409 2705 recte
1429 2667 1607 2705 declarat.
1634 2666 1728 2703 Phi-

288 2728 472 2778 losophus
495 2729 647 2768 Politic.
678 2726 720 2765 L.
743 2727 806 2767 lV.
833 2728 903 2769 12.
928 2719 987 2779 μή
1005 2740 1102 2766 ποτε
1119 2737 1460 2779 συμφωνησωσιν
1481 2738 1518 2764 οι
1541 2718 1728 2762 πλούσιοι
