1828 3253
407 217 467 258 IN
498 216 609 257 LlB.
637 216 746 256 XII.
785 215 912 255 CAP.
949 216 1022 257 50.
1046 237 1094 245 —-
1121 217 1192 257 53.
1441 218 1533 259 603

199 332 302 373 513.
337 333 410 372 38.
460 327 711 383 Ἐπιγαμιάν
741 325 997 382 ἐποιήσατο]
1048 327 1137 366 Non
1168 327 1250 376 est,
1287 328 1355 366 cur
1385 329 1432 367 ab
1463 328 1533 367 hac

84 389 276 439 scriptura
305 387 534 426 discedatur.
580 386 674 423 lnfr.
705 386 746 423 L.
766 385 872 423 xlv.
895 387 968 425 44.
1009 384 1076 424 καὶ
1108 386 1361 437 παρακαλῶν
1389 385 1531 438 ἐπιγα-

80 445 182 495 μιάν
212 440 485 496 ποιήσασθαι.
520 441 686 479 Seuthae
716 449 843 479 autem
872 441 1102 490 Sparadoci,
1133 443 1198 491 qui
1218 440 1375 478 Sitalcis
1398 443 1531 489 frater,

16 532 21 535 ,
83 501 164 538 filio
185 501 425 546 Stratonice,
452 499 657 536 Perdiccae
688 511 816 545 soror,
846 499 922 535 fuit
945 499 1152 543 collocata,
1187 500 1307 547 iisque
1337 498 1530 535 conditio-

84 557 198 595 nibus
221 557 360 594 bellum
382 558 545 604 positum
566 555 665 602 apud
689 553 906 604 Thucydid.
929 554 976 593 11.
1004 556 1105 594 101.
1135 553 1272 590 VVEss.

199 614 303 653 513.
337 614 407 652 50
442 609 550 649 Ez’m)
556 610 695 661 είὸου]
733 610 837 648 lieri
852 617 1005 678 potest,
1033 617 1076 647 ut
1105 611 1183 647 levi
1204 611 1300 647 vitio
1321 608 1530 647 Archontis

82 667 197 706 huius
217 681 356 706 nomen
378 669 428 704 sit
447 667 712 704 deformatum.
739 664 821 705 'En’
846 665 1046 719 ἄοχοντος
1062 661 1219 719 ’A'9'7'C
1214 679 1304 717 νσιν
1326 663 1460 704 Εὐκ7’
1440 680 1531 712 ξονς

81 728 156 764 τοῦ
176 721 407 772 Ζ11όλωνος,
430 725 503 762 τοῦ
531 720 636 773 μετὰ
668 718 895 774 Διότιιιον,
925 723 1059 760 scribit
1078 722 1304 759 Aristoteles
1330 721 1530 759 Meteorol.

82 779 185 817 L.1.
225 781 266 820 6.
304 781 455 816 stellam
485 780 667 816 crinitam
700 792 781 815 esse
822 782 968 825 visam,
1000 780 1116 816 sicuti
1147 779 1243 815 bene
1276 780 1446 815 correxit
1475 777 1529 816 Io.

81 835 272 874 Mem-sius
304 835 351 872 de
374 834 557 873 Archont.
580 834 649 873 111.
672 836 714 874 4.
755 834 1027 884 Philosophum
1060 841 1271 882 sequuntur
1299 836 1530 884 interpretes

80 892 301 929 Alexander
321 891 601 956 AphrodiseuS‚
628 891 928 941 Olympiodorus
956 897 993 927 et
1022 890 1076 928 Io.
1113 890 1405 928 Grammaticus.
1448 890 1529 926 Ac-

81 948 182 985 cedit
203 947 333 985 Schol.
354 948 553 985 ineditus
543 960 583 984 ln
607 947 785 985 Aeschin.
812 947 901 1000 περὶ
911 943 1130 999 ΙΙαραπρ.
1152 953 1189 984 et
1210 944 1385 983 Suidas
1374 960 1414 983 in
1441 945 1530 984 Σα-

79 1003 186 1054 μίων
208 999 229 1043 ὅ
253 1003 396 1054 δῆμος.
429 1003 527 1040 Nam
549 1004 649 1052 quod
671 1004 724 1040 ibi
746 1017 847 1042 nunc
872 1003 1015 1041 editum
1034 1005 1189 1054 legitur,
1215 1000 1312 1048 τοίς
1332 1001 1376 1041 δὲ
1389 1003 1533 1053 Βαβυ-

80 1060 253 1106 λωνίους
272 1058 431 1106 golda&
453 1058 520 1098 διὰ
544 1056 900 1110 Καλῖιστράτου’
905 1056 1244 1112 Αριστοφάνης
1232 1057 1334 1098 ἔτεσι
1355 1056 1433 1109 πρὸ
1456 1059 1530 1097 τοῦ

80 1113 304 1155 Ευκλείὸου
327 1116 395 1154 καὶ
416 1115 480 1154 ἐπὶ
501 1114 717 1162 Εὐκλέους,
741 1116 779 1153 id
802 1117 1001 1153 verissime
1025 1117 1194 1152 correxit
1204 1115 1328 1164 Ampl.
1351 1113 1531 1152 Bouhier.

82 1168 186 1210 ἔτεσι
212 1169 291 1223 πρὸ
324 1174 398 1211 τοῦ
420 1169 643 1211 Εὐκλείδου
672 1170 718 1210 κέ
745 1171 806 1210 ἐπὶ
828 1170 1054 1221 Εὐκλέους,
1084 1173 1199 1209 annis
1217 1183 1310 1209 xxv
1333 1178 1427 1209 ante
1448 1170 1531 1208 Eu-

81 1229 221 1266 clidem
241 1228 442 1265 Archonte
471 1227 616 1275 Eucle,
643 1226 808 1265 Dissert.
844 1228 890 1264 de
916 1227 1037 1266 Prisc.
1066 1227 1202 1266 Graec.
1236 1235 1273 1264 et
1293 1227 1376 1266 Lat.
1412 1227 1531 1265 Liter.

81 1296 117 1333 p.
145 1285 250 1323 573.
282 1282 360 1321 Tot
380 1286 482 1321 enim
506 1286 601 1321 anni
629 1284 676 1320 ab
701 1283 772 1321 hoc
797 1283 993 1321 Archonte
1023 1283 1069 1321 ad
1091 1283 1313 1330 Euclidem,
1341 1286 1407 1332 qui
1427 1296 1530 1321 anno

82 1340 372 1391 Olymp.XC1v.
399 1341 567 1377 secundo
591 1341 689 1385 fuit,
718 1341 906 1377 abierunt.
945 1339 994 1376 W
1000 1350 1085 1378 Ess.

197 1397 300 1437 513·
330 1397 401 1435 52.
431 1392 612 1448 Manum
632 1391 801 1435 Μάνιον
815 1403 886 1433 etc.
899 1395 911 1446 ]
940 1394 1096 1445 Repone
1119 1390 1327 1443 Μάνλιον,
1348 1402 1387 1432 et
1401 1394 1532 1434 Σουλ-

80 1448 214 1490 πίκιον
233 1450 559 1506 Ποαιτεξτατον.
586 1451 739 1489 Item
701 1476 753 1490 ά,
739 1450 875 1502 έρβιον
895 1449 1128 1504 Κοονηὶιον
1148 1447 1331 1497 Κόσσον,
1363 1464 1431 1500 pro
1458 1451 1533 1491 Σε-

82 1507 261 1558 ρουΐλιον
290 1508 419 1561 Κορι.
448 1507 622 1547 Κένσον.
670 1506 856 1559 Sigonius
882 1510 976 1545 anni
1003 1509 1210 1557 superioris
1231 1506 1336 1545 Coss.
1367 1509 1533 1545 refectos

81 1576 164 1599 esse
187 1571 358 1601 annotat.
380 1562 514 1600 Rfl'on.
548 1563 768 1614 Corrigenti
793 1563 982 1603 Rhodom.
1016 1565 1251 1612 adstipulor,
1281 1564 1465 1612 quaedam
1485 1576 1535 1601 ex

84 1619 175 1656 Mss.
198 1621 380 1671 vestigiis
403 1621 610 1671 refingenS.
652 1620 847 1659 Diodorus
867 1633 932 1657 eos
956 1619 1047 1657 heic‘
1060 1622 1267 1668 scriptores
1287 1627 1440 1657 secutus
1463 1628 1534 1668 est,

84 1677 150 1724 qui
170 1676 346 1713 tribunos
376 1677 541 1713 militum
563 1676 635 1714 hoc
665 1690 767 1714 anno
799 1677 919 1716 fuisse
939 1677 1202 1722 tradiderunt,
1230 1677 1275 1712 de
1295 1677 1432 1725 quibus
1451 1676 1534 1714 Tu·

83 1731 176 1769 bero
197 1739 235 1768 et
254 1731 384 1770 Macer
404 1734 445 1770 in
470 1731 573 1770 Livii
593 1733 634 1769 L.
657 1732 719 1770 lv.
740 1733 814 1772 23.
841 1732 973 1771 WESS.
1014 1732 1059 1771 V.
1080 1731 1240 1782 Pighius
1262 1745 1297 1780 p.
1316 1734 1418 1772 177.

199 1787 303 1830 513.
337 1789 409 1828 54.
437 1786 681 1828 Χαλκιδέων
709 1787 787 1841 μὲν
809 1785 922 1836 ὄντες
941 1785 1129 1839 ἄποικοι]
1159 1788 1254 1827 Vide
1274 1788 1317 1826 L.
1340 1787 1448 1827 XIV.
1464 1789 1535 1830 14.

85 1842 223 1883 Wssss.

199 1900 304 1940 514.
327 1899 400 1940 65.
428 1897 554 1939 ’Ὼστε
571 1897 731 1950 μισθὸν
752 1894 978 1950 λαμβάνειν
995 1901 1161 1950 -μνᾶς
1184 1894 1358 1947 ἑκατὸν]
1390 1898 1536 1938 Eadem

84 1954 225 1993 suidas
246 1959 287 1993 in
313 1955 498 2009 Γοργίας,
518 1957 674 2006 insuper
692 1957 885 2006 professus
900 1955 1059 1993 Periclis
1078 1958 1118 1993 in
1140 1956 1294 1993 dicendi
1313 1963 1394 1993 arte
1414 1957 1536 1995 fuisse

83 2021 386 2062 praeceptorem:
417 2013 517 2051 idem
539 2013 795 2050 Philostratus
818 2012 863 2048 de
895 2012 972 2049 vit.
995 2011 1112 2062 Soph.
1137 2011 1164 2049 1.
1186 2013 1228 2051 9.
1251 2024 1287 2061 p.
1305 2013 1411 2053 493.
1444 2026 1534 2050 cen-

85 2069 175 2105 suit.
213 2068 397 2106 Neutrius
419 2076 545 2106 tamen
564 2071 756 2106 sententia
773 2071 931 2106 veritati
950 2068 1218 2117 respondebit,
1249 2070 1327 2105 nisi
1349 2068 1535 2120 Gorgiam

85 2126 192 2173 prius
211 2124 380 2162 Athenas
399 2125 518 2164 fuisse
541 2126 752 2173 profectum
781 2127 1010 2175 agnoveris,
1041 2136 1154 2172 quam
1181 2125 1414 2175 legationem
1437 2126 1536 2162 hanc

85 2181 232 2228 obiret3
264 2181 364 2230 quod
386 2194 454 2218 cur
475 2189 650 2232 negetur,
680 2194 853 2218 caussam
872 2194 950 2218 non
970 2180 1096 2218 video.
1133 2179 1297 2218 Dubitat
1318 2188 1445 2220 tamen
1467 2181 1537 2219 do-

87 2239 280 2275 ctissimus
299 2237 477 2275 Olearius
506 2238 555 2274 ad
576 2237 801 2275 Philostrati
821 2239 960 2276 locum.
994 2236 1127 2275 Wnss.

204 2294 308 2333 514.
340 2294 412 2332 71
452 2291 718 2338 Ἀντιθέτοις
744 2292 811 2331 καὶ
840 2289 1028 2332 ἰσοκώὶοι
1033 2292 1080 2348 ς]
1112 2291 1207 2329 Vide
1236 2291 1458 2344 Langbaen.
1486 2292 1535 2331 ad

86 2346 254 2398 Dionys.
277 2348 494 2399 Longinum
519 2349 564 2386 de
586 2348 751 2388 Sublimi
775 2348 877 2389 Dict
902 2363 936 2399 p.
968 2351 1033 2389 l7.
1069 2355 1107 2386 et
1141 2348 1330 2386 Ludovici
1360 2348 1539 2387 Cresollii

91 2403 247 2441 Theatr.
270 2403 381 2441 Rhet.
403 2405 469 2442 111.
482 2406 556 2446 24.
595 2405 727 2444 Cicero
748 2406 955 2452 explicabit
979 2404 1086 2444 Orat.
1113 2418 1147 2444 c.
1171 2406 1244 2445 52.
1291 2405 1394 2444 Nam
1407 2419 1491 2457 par
1495 2408 1537 2443 ia

79 2461 253 2512 paribus
272 2462 476 2507 adiuncta,
507 2468 547 2498 et
565 2463 750 2499 similiter
768 2462 948 2509 definita,
976 2463 1144 2511 itemque
1164 2464 1384 2501 contrariis
1402 2463 1538 2499 relata

91 2519 322 2563 contraria,
351 2530 452 2569 quae
472 2530 543 2555 sua
555 2525 705 2569 sponte,
728 2519 886 2554 etimnsi
905 2519 948 2554 id
966 2530 1041 2555 non
1062 2530 1178 2567 agas,
1199 2519 1350 2556 cadant
1360 2520 1538 2569 plerum-

91 2586 164 2624 que
187 2585 410 2619 numerose,
448 2573 532 2612 Gor
532 2577 623 2623 gius
634 2576 792 2626 primus
815 2575 987 2620 invenit,
1013 2575 1084 2612 sed
1102 2574 1163 2611 lais
1193 2587 1286 2613 usus
1306 2581 1367 2612 est
1395 2577 1539 2613 intem-

83 2631 313 2682 perantius.
346 2629 480 2668 VVEss.

211 2687 315 2725 514.
339 2685 411 2724 75.
440 2685 524 2723 Καὶ
548 2684 736 2737 φαίνεται
759 2682 1064 2736 καταγέλαστον
1088 2681 1302 2733 πλεονάκις
1315 2692 1387 2724 etc.
1398 2687 1414 2732 ]
1445 2685 1541 2723 Avi-

93 2741 179 2778 dior
203 2740 314 2778 huius
334 2742 408 2778 fuit
429 2744 604 2791 generis,
633 2754 818 2791 saepeque
844 2741 1122 2778 festivitatibus
1142 2742 1219 2778 illis
1242 2743 1383 2780 abusus
1404 2748 1462 2778 est
1481 2743 1542 2779 in-

95 2799 282 2835 solentius
313 2796 493 2846 Gorgias.
551 2799 676 2841 Quare
697 2797 910 2847 Dionysius
941 2796 1181 2835 Halicarnas.
1214 2797 1333 2837 ’1.11.
1365 2810 1399 2846 p.
1436 2798 1541 2837 147.

94 2850 170 2899 τὰς
189 2848 457 2906 παρισώσεις,
483 2854 558 2898 ait,
588 2851 690 2904 λέγω
712 2853 778 2891 καὶ
800 2852 1125 2905 παρωνομασιάς
1143 2852 1210 2891 καὶ
1233 2851 1475 2901 ἀντιθέσεις,
1501 2851 1543 2892 ἓν
