1828 3253
466 179 528 220 IN
556 178 1101 220 LIB.X111.CAP.97.
1419 181 1507 222 701

180 295 286 336 620
306 295 381 336 92.
414 290 480 334 Τὰ
501 291 606 348 πρὸς
625 290 701 347 τὴν
719 292 972 345 perconmode
992 290 1140 344 Reg.1.
1160 290 1239 331 vid.
1260 305 1362 344 supr.
1383 305 1415 332 c.
1432 294 1508 335 45.

69 349 206 390 wass

181 408 288 448 620.
319 407 392 447 93
433 405 518 446 Καὶ
539 402 637 456 παρ’
668 403 918 475 ἀμφοτέροις
938 399 1295 473 ἀπα9ορευὸντων
1299 407 1381 445 τῶν
1401 400 1509 457 μα’ν-

67 464 197 513 τεων]
228 463 380 510 Fallor,
399 470 465 499 aut
483 465 664 512 scriptum
682 463 758 500 fuit
777 463 919 513 καίπερ
941 459 1044 513 (hisp.
1065 475 1318 513 απα9οοειοι
1321 477 1402 501 των
1423 465 1506 501 τῶν

66 515 255 570 (adamnan
265 547 277 566 ,
315 521 564 570 quantumvis
590 521 794 569 utriusque
821 525 934 555 vates
966 519 1252 555 dissuaderent.
1282 517 1372 555 Scio
1403 518 1505 555 haud

67 576 229 613 multum
248 575 451 612 dissimilia
470 576 630 625 reperiri
652 574 694 611 L.
716 575 802 612 XV.
829 576 901 615 85.
934 575 1002 611 ubi
1033 589 1070 613 οι
1097 572 1173 623 μὲν
1201 570 1366 623 μάιτεις
1375 589 1446 642 σᾳ
1458 590 1505 613 α-

65 627 304 683 γιασάμενοι
335 629 430 683 παρ’
475 628 725 683 ἆιιᾳοτέροις
754 628 1028 684 ἀπεφαίνοντο
1063 627 1139 680 τὴν
1168 629 1283 681 νίκνν
1309 625 1387 669 zm)
1421 634 1505 669 τῶν

66 689 181 726 θεῶν
211 684 558 740 προφαινομέννν.
593 686 671 724 Sed
703 690 778 724 alio
811 688 944 724 ordine
978 693 1194 737 ponuntur,
1227 698 1297 722 nec
1318 700 1361 723 ea
1390 689 1504 734 tueri,

67 756 163 793 quae
184 744 252 780 sub
273 756 389 780 manu
411 751 514 790 sunt,
544 750 702 793 possunt
721 743 860 780 valide.
892 743 946 789 ld,
973 743 1074 792 quod
1092 743 1211 779 fuisse
1229 741 1313 779 heic
1336 750 1503 790 autumo,

65 800 187 837 multo
210 799 361 848 quidem
381 800 714 837 conmodissimum
734 799 908 846 videtur,
940 799 1106 848 mihique
1132 800 1173 835 in
1193 801 1411 836 memoriam
1441 812 1505 835 re-

67 855 165 905 digit
184 854 511 905 lo.Chrysostomi
531 858 668 903 locum,
691 857 732 891 in
753 867 826 904 quo
845 856 1055 892 diversiore
1075 854 1185 891 modo
1205 862 1397 904 peccatum
1421 856 1505 892 fuit.

65 909 203 949 Editae
231 914 448 961 nuperrime
480 920 569 949 sunt
600 911 646 949 T.
677 911 768 949 Xll.
798 912 912 960 Oper.
943 913 1019 948 viri
1050 911 1293 948 disertissimi
1314 910 1505 948 Homiliae

64 977 125 1014 xl,
158 979 355 1016 nunquam
373 976 462 1005 ante
483 969 714 1018 publicatae:
740 980 897 1016 quarum
918 970 1039 1017 prima
1057 969 1255 1019 trigesimo
1275 969 1427 1004 circiter
1442 967 1504 1004 die

65 1030 153 1074 post
182 1024 407 1074 Eutropium
438 1025 623 1062 deiectum
658 1031 696 1061 et
715 1026 943 1060 auctoritate
972 1030 1128 1060 exutum
1155 1024 1199 1060 ab
1222 1022 1382 1060 Oratore
1403 1024 1506 1061 dicta

66 1079 401 1130 Constantinopoli
423 1088 491 1117 est.
541 1080 692 1127 Censet,
719 1081 857 1127 fateor,
883 1082 1060 1130 egregius
1081 1093 1210 1116 earum
1230 1079 1366 1126 editor,
1389 1081 1504 1117 citius

64 1135 248 1182 habitam,
280 1143 318 1173 et
336 1144 422 1184 post
441 1143 563 1174 terrae
582 1137 735 1185 quidem
755 1143 955 1174 tremorem
977 1138 1069 1173 anni
1092 1135 1402 1173 cccxcv111.Cui
1423 1137 1506 1184 opi-

65 1194 182 1258 nionit
194 1193 302 1230 obest
321 1195 442 1230 oratio
465 1196 659 1241 universa,
682 1195 721 1230 in
744 1206 817 1243 qua
829 1189 1070 1240 Eutropius
1055 1189 1205 1238 ἄοικος,
1226 1189 1382 1238 ἄπολις,
1403 1206 1508 1243 προς

63 1247 141 1301 τὴν
162 1244 384 1300 ὑπερορίαν
404 1263 457 1302 ιρι
455 1247 538 1301 ’γάς
558 1249 672 1302 γε’9οτ
676 1264 715 1287 εν
741 1264 808 1287 και
829 1252 902 1300 τῆς
930 1246 979 1287 ἀι
984 1247 1154 1300 α9καίας
1171 1246 1320 1299 ἀπορεῖ
1334 1251 1506 1301 τροᾳῆς.

64 1313 177 1354 atque
206 1305 273 1341 ubi
305 1306 425 1351 hona,
455 1318 549 1355 quae
578 1307 688 1342 malis
718 1306 783 1342 ille
810 1306 969 1342 artibus
997 1311 1085 1341 ante
1114 1311 1346 1351 corraserat,
1385 1305 1509 1343 veluti

63 1362 259 1411 naufragii
290 1361 459 1408 tabulas,
483 1360 557 1399 huc
577 1370 688 1412 atque
715 1362 808 1398 illuc
839 1361 1008 1410 dispersa
1036 1373 1081 1397 ac
1103 1359 1263 1398 disiecta
1289 1360 1507 1408 traduntur,

64 1425 146 1455 tota
166 1417 324 1454 civitate
353 1417 401 1455 ad
430 1417 469 1454 id
493 1418 748 1467 spectaculum
772 1426 964 1454 conmota:
999 1428 1162 1464 namque
1188 1419 1221 1454 is
1243 1423 1300 1453 est
1328 1414 1508 1466 σεισμὸς,

65 1475 176 1512 cuius
197 1476 382 1521 meminit,
410 1486 490 1511 non
510 1481 633 1511 terrae
653 1480 790 1510 motus.
819 1472 896 1510 Sed
918 1473 989 1510 hoc
1014 1474 1148 1510 obiter.
1178 1472 1236 1509 Ea
1255 1486 1347 1510 vero
1368 1475 1408 1509 in
1424 1472 1508 1509 Ho-

64 1532 144 1569 mil.
169 1543 203 1579 Ρ.
227 1529 333 1570 324.
354 1530 399 1567 A.
417 1531 580 1581 legitur:
609 1529 676 1568 καὶ
697 1527 799 1569 ὅπου
824 1528 951 1582 πέραν
972 1526 1170 1583 ἀπέὶθνς,
1199 1526 1336 1580 ὥσπερ
1362 1528 1508 1568 πὶοίου

63 1582 242 1638 μεγάλου
271 1584 603 1625 ›suzannam-9521
607 1600 689 1632 τος,
719 1581 739 1624 ὃ
763 1584 839 1636 μὲν
859 1601 934 1637 τνν
952 1585 1123 1632 σανίὸα,
1157 1580 1176 1624 ὃ
1202 1584 1245 1624 ὸέ
1267 1599 1342 1635 τνν
1366 1599 1509 1636 mmm!

66 1651 136 1680 etc.
162 1639 322 1691 ἔχουσιν
342 1657 409 1681 και
430 1641 728 1695 περιφέρουσιν.
753 1642 937 1679 Vertunt:
967 1649 1007 1678 et
1026 1654 1253 1692 quocunque
1279 1643 1398 1678 ettam
1410 1654 1510 1693 pro-

65 1699 131 1737 cul
141 1698 290 1737 abieris
310 1705 348 1735 et
368 1700 476 1748 reliq.
470 1726 492 1744 .,
513 1711 592 1735 non
609 1698 970 1744 animadvertentes,
985 1701 1181 1748 scripsisse
1196 1696 1299 1747 Chry
1303 1705 1511 1736 sostomum

65 1770 134 1795 και
164 1751 345 1807 ὅπουπερ
377 1751 427 1793 ἂν
458 1752 667 1808 animm,
705 1755 730 1792 i.
755 1767 787 1791 e.
817 1761 859 1792 et
880 1766 1106 1805 quocunque
1127 1754 1300 1801 abieris,
1325 1753 1427 1802 quod
1448 1766 1510 1791 res

63 1813 147 1863 ipsa
167 1812 338 1862 profecto
358 1812 586 1859 expostulat.
615 1810 748 1847 Wess.

180 1869 286 1909 620.
311 1867 385 1906 99.
402 1864 493 1906 Ὅτι
517 1868 584 1906 τε).
575 1880 764 1917 ..ευτιῑσας
784 1862 889 1905 κατὰ
909 1880 983 1917 την
1001 1861 1139 1917 μάχην
1159 1864 1245 1913 etc]
1281 1864 1510 1903 Plutarchus

65 1924 195 1974 Pelop.
226 1937 262 1974 p.
293 1925 399 1964 278.
447 1921 732 1960 Callicratidam
762 1925 842 1959 vati
872 1923 1116 1988 respondisse
1151 1922 1287 1959 scribit
1319 1919 1377 1973 μὴ
1410 1919 1505 1973 παρ’

67 1979 139 2019 ἕνα
170 1995 270 2019 ειναι
299 1977 377 2018 ’τὰν
407 1973 629 2030 Σπάρταν,
666 1992 741 2016 non
763 1992 835 2016 vet·
839 1981 871 2015 ti
889 1981 927 2015 in
960 1981 1073 2016 unius
1090 1980 1176 2015 vita
1201 1978 1376 2030 Spartae
1399 1979 1510 2017 salu-

68 2044 162 2075 tem
197 2035 273 2073 Pro
294 2047 368 2084 quo
387 2037 428 2072 in
449 2035 685 2086 Apopbtheg.
709 2034 848 2072 Lacon.
880 2046 915 2083 p.
939 2037 1044 2074 222.
1067 2034 1108 2070 F.
1141 2031 1190 2073 οὐ
1223 2031 1317 2086 παρ’
1354 2032 1424 2073 ἵνα
1455 2036 1509 2090 τᾷ

68 2088 369 2148 Σπάρτα,1ιειιιᾱ
391 2093 518 2140 paullo
530 2094 650 2142 peius.
672 2090 1025 2140 AliterXenophon
1045 2090 1134 2128 Rer.
1155 2090 1291 2127 Graec.
1311 2089 1340 2126 1.
1354 2102 1388 2139 p.
1404 2092 1510 2132 348.

66 2149 204 2187 Wnss.

183 2205 290 2246 620.
319 2205 360 2245 1.
391 2200 510 2243 οὐδὲν
531 2198 778 2255 ἀδοξότερον
801 2198 959 2255 ποιήσει
982 2218 1056 2253 την
1077 2198 1304 2255 Σπάρτην]
1331 2201 1416 2239 Ηοο
1438 2203 1513 2240 etsi

68 2259 182 2298 habet
215 2271 290 2309 quo
321 2260 569 2307 defendatur,
601 2261 757 2297 minime
780 2266 907 2296 tamen
937 2259 1119 2296 credibile
1147 2260 1195 2296 ab
1225 2258 1396 2296 Diodoro
1416 2261 1513 2296 scri-

68 2323 175 2367 ptum
192 2329 287 2353 esse.
328 2316 438 2361 Quod
457 2315 641 2354 Reiskins
660 2317 813 2365 reponit
833 2313 1080 2367 ἀδοξοτέραν
1111 2315 1312 2352 confirmat
1335 2316 1416 2364 ipse
1447 2328 1510 2352 su-

69 2385 138 2422 pra
162 2373 263 2412 531.
278 2373 350 2412 89.
372 2369 447 2424 τὴν
460 2368 657 2426 Σπάρτην
677 2370 926 2423 ἀδοξοτέραν
948 2367 1222 2424 πεποιηκότες.
1247 2370 1359 2410 Conf.
1381 2378 1511 2408 annot.

69 2428 118 2465 ad
136 2427 233 2465 Exc.
253 2426 337 2466 Vat.
366 2441 402 2478 Ρ.
426 2429 499 2470 38.
518 2430 560 2468 2.

182 2484 284 2522 Ibid.
313 2485 409 2524 Τῶν
431 2482 464 2523 δ’
485 2481 615 2536 ’Aarv
608 2482 719 2523 αίιον
738 2478 758 2523 ὃ
781 2479 1010 2535 στρατη9ὂς
1035 2479 1364 2536 Θρασῦβοῑλος]
1395 2481 1512 2520 Prae-

72 2546 172 2577 stare
190 2541 354 2578 arbitror
376 2517 632 2591 Θράσυλλος,
652 2547 731 2577 tum
752 2540 852 2589 quod
874 2541 1076 2587 somnium,
1105 2539 1150 2576 de
1170 2552 1243 2588 quo
1265 2541 1448 2588 sequitur,
1469 2541 1512 2575 in

72 2595 357 2646 Thrasybulum
380 2608 460 2633 non
481 2598 708 2643 conveniat,
740 2597 935 2632 absolutus
955 2599 1056 2634 enim
1080 2603 1150 2643 est,
1180 2596 1317 2634 ceteris
1344 2596 1512 2646 collega-

70 2665 157 2689 rum
179 2652 388 2690 damnatis:
424 2659 504 2690 tum
534 2653 635 2701 quod
656 2625 889 2689 Therameni
917 2665 960 2689 ac
981 2651 1225 2703 Thrasybulo
1247 2665 1269 2688 a
1290 2653 1426 2688 ceteris
1449 2653 1512 2687 in-

72 2710 197 2757 posita
225 2709 342 2745 fuerit
369 2721 459 2745 cura
485 2709 787 2760 colligendorum
811 2715 1059 2756 mortuorum,
1091 2716 1135 2746 ut
1159 2721 1237 2758 cap.
1271 2709 1376 2747 101.
1398 2706 1514 2743 vide-

71 2764 197 2811 bitur3
238 2764 338 2812 quod
357 2762 452 2801 mihi
476 2772 700 2815 argumento
721 2764 896 2812 videtur,
923 2777 1000 2802 non
1022 2765 1142 2803 fuisse
1165 2763 1264 2815 apud
1289 2762 1516 2813 Thrasybu-

73 2821 152 2858 lum
171 2823 252 2858 eius
273 2820 350 2858 diei
369 2821 580 2869 imperium.
610 2820 746 2860 Wnss.
