1828 3253
264 83 358 124 510
722 78 1247 119 ANNOTATIONES

267 193 461 240 Cluverii,
502 198 655 230 servata
685 194 923 242 corruptiore
952 194 1140 241 scriptura
1169 199 1207 229 et
1228 195 1406 231 versione
1427 190 1710 243 Rhodomanni‚

268 250 508 288 subiicientis
528 249 570 286 L.
595 248 644 286 Il.
665 248 774 288 Sicil.
797 250 928 297 Antiq.
949 260 984 296 p.
1007 250 1113 288 322.
1152 249 1209 286 Αἰ
1226 252 1313 299 quis
1333 251 1376 287 id
1395 251 1552 287 taudem
1567 251 1712 301 perfe-

269 306 351 344 cit?
377 308 465 356 quis
485 319 655 355 unquam
677 308 761 342 cius
782 308 1013 342 mentionem
1023 305 1137 351 fecit
1158 313 1314 351 (metor,
1336 307 1401 342 z-el
1422 308 1562 343 saltem
1582 309 1710 358 suspi-

266 365 416 400 cionem
448 364 486 399 in
516 364 679 412 scriptis
707 364 789 398 suis
824 362 1015 411 rcliqccit!
1058 361 1164 399 Sane
1197 365 1384 399 neminem
1411 365 1710 399 monstraveris.

268 419 455 468 Nihilque
478 420 639 464 certius,
666 432 781 469 quam
800 417 886 454 lceic
907 430 1060 468 quoque
1084 431 1214 455 vocem
1230 421 1441 468 genuinam
1450 415 1601 457 ³Evvav
1621 431 1711 456 cor-

267 483 441 527 ruptam
455 479 537 511 esse.
551 476 597 512 rin
616 474 790 525 Αἴτνην.
829 472 905 509 Sed
927 475 1006 510 illis
1029 487 1107 510 nou
1127 488 1296 512 moveor.
1338 475 1493 512 Habent
1512 477 1614 511 enim
1640 487 1710 524 pro

266 545 375 578 vero,
416 532 563 567 nul-lum
595 529 744 567 Cereris
771 543 838 579 per
870 529 1045 566 Siciliam
1071 531 1193 567 fuisse
1223 533 1427 581 templum,
1458 532 1535 567 nisi
1556 530 1710 578 Emtae,

269 588 371 636 quod
391 600 503 625 nemo
516 588 581 623 ilii
605 586 763 622 dederit.
814 585 914 622 Nam
933 586 1034 633 quod
1054 588 1135 623 eius
1155 586 1260 623 aedis
1283 589 1428 624 mentio
1446 598 1633 635 nusquam
1653 587 1710 634 fit,

266 645 308 683 id
338 656 386 681 ex
417 644 558 692 templo
586 655 780 691 nunquam
802 642 1230 692 absoluto'contingere
1260 646 1395 690 potuit.
1441 642 1567 687 Quid?
1597 655 1711 691 quam

268 702 390 739 multa
414 701 555 736 suntin
576 698 636 734 his
650 697 812 736 Diodori
830 699 953 744 libris,
973 700 1068 746 quae
1088 699 1232 735 frustra
1253 700 1347 736 alibi
1369 698 1553 748 quaeras?
1571 699 1711 736 WVESS.

379 757 487 795 425.
520 756 594 794 29.
635 753 850 804 Πίνδαρος
875 748 926 804 ’ἦν
956 750 1147 804 ἀκμάζων
1171 752 1277 793 κατὰ
1297 752 1468 800 τούτους
1488 752 1586 801 τοὺς
1608 751 1711 807 χρό-

268 810 396 864 νους]
428 811 642 848 verissime.
669 810 819 861 Agebat
837 809 1041 856 Pindarus,
1069 823 1156 847 cum
1175 810 1329 847 Xerxes
1348 814 1390 848 in
1411 812 1612 848 Graeciam
1632 819 1712 848 tra-

268 871 459 914 mitteret,
492 869 629 904 aetatis
651 880 795 903 annum
814 876 880 913 XL,
909 873 1022 903 natus
1044 866 1197 916 Olymp.
1218 877 1313 912 LXV,
1346 870 1379 904 si
1399 880 1477 904 non
1497 868 1601 903 fallit
1620 866 1711 904 Sui-

269 926 351 972 das,
379 926 487 961 cuius
511 922 603 959 haec
622 930 729 959 sunt:
769 919 944 974 γεγονὼς
973 919 1076 960 κατὰ
1107 920 1182 972 τὴν
1217 921 1262 969 ’ς’-,ε’
1282 918 1573 973 Rom-amada,
1604 920 1710 961 κατὰ

265 978 343 1032 τὴν
364 977 523 1031 Ξέρξου
547 978 766 1030 στρατείαν
787 975 842 1017 ὢν
868 978 970 1017 ἐτῶν
986 974 1044 1028 μ’.
1087 978 1195 1015 Adde
1217 978 1290 1016 los.
1310 978 1497 1031 Scaliger.
1520 981 1562 1016 in
1586 977 1711 1016 Chro-

268 1040 345 1074 nic.
364 1036 524 1073 Eusebii
543 1035 656 1071 Num.
680 1033 918 1071 MDXXXI.
959 1035 1095 1073 NVESS.

381 1093 490 1132 425,
514 1092 586 1131 32.
618 1088 701 1129 Ἐπ’
736 1089 934 1141 ἄρχοντος
964 1086 1218 1144 δ’)Ἀθῆνῃσι
1243 1088 1524 1141 Ξανθίππου]
1558 1091 1711 1128 Plutar-

268 1148 363 1188 chus
382 1148 636 1194 Archontem,
663 1160 737 1197 quo
760 1147 982 1184 Mardonius
1001 1147 1050 1184 ad
1068 1147 1243 1184 Plataeas
1266 1150 1392 1185 victus
1412 1155 1482 1194 est,
1514 1146 1712 1190 Ξανθιπ-

269 1205 393 1257 πίδην
412 1211 527 1244 vocat
546 1206 586 1241 in
600 1203 758 1242 Aristid.
776 1217 811 1253 p.
826 1205 931 1243 321.
945 1203 1014 1250 Ε.;
1034 1203 1135 1252 quod
1154 1203 1300 1240 homini
1321 1203 1422 1240 nihil
1444 1205 1607 1240 nocebit.
1616 1204 1711 1241 Pas-

270 1265 342 1299 sim
362 1264 463 1298 enim
483 1261 677 1306 observes,
695 1263 1004 1309 patronymicum
1023 1266 1061 1295 et
1081 1262 1331 1308 primitivum,
1353 1260 1450 1308 quod
1473 1267 1600 1297 tamen
1611 1261 1711 1297 mul-

268 1321 319 1355 tis
339 1317 468 1355 fraudi
484 1318 571 1363 fuit,
601 1318 642 1352 in
665 1316 796 1352 eodem
816 1315 970 1352 homine
988 1329 1098 1365 saepe
1119 1317 1244 1353 locum
1267 1315 1418 1353 habere.
1449 1317 1525 1360 Qui
1544 1329 1710 1365 sequun-

267 1381 333 1412 tur
353 1374 459 1410 Coss.
496 1373 541 1418 Q.
561 1371 711 1409 Fabius
738 1372 950 1410 Vibulanus
973 1378 1011 1408 et
1038 1372 1129 1409 Ser.
1155 1372 1361 1409 Cornelius
1389 1372 1548 1418 Cossus,
1582 1375 1711 1421 auspi-

268 1434 346 1468 cati
375 1436 464 1466 sunt
491 1442 677 1465 summum
704 1431 971 1478 magistratum
1001 1441 1062 1465 an.
1088 1427 1141 1465 U.‘
1166 1427 1206 1465 C.
1237 1428 1418 1466 Fabiano
1450 1438 1613 1476 CCLXIX,
1648 1441 1711 1465 re-

269 1486 479 1536 spondente
507 1485 759 1522 Varroniano
779 1495 953 1521 CCLxxv.
982 1485 1116 1521 Wssssss

379 1543 486 1581 425.
510 1542 582 1580 33.
619 1537 797 1580 Κόϊντον
827 1537 988 1590 Φάβιον
1011 1537 1267 1590 Σιλουανόν]
1294 1539 1495 1590 Perperam
1516 1553 1585 1590 pro
1613 1537 1710 1580 Οὐϊ-

268 1593 491 1650 βουλανόν,
519 1605 562 1634 ut
583 1604 620 1634 et
640 1598 779 1634 vitiose
805 1597 1056 1649 Τρίκοστον,
1086 1609 1155 1644 pro
1180 1593 1364 1640 Κόσσον.
1412 1596 1622 1634 Consulum
1641 1610 1710 1634 au-

266 1663 345 1692 tem
365 1655 639 1691 nonnullorum
658 1653 838 1701 deinceps
858 1656 1015 1691 nomina
1035 1660 1215 1702 corrupta
1234 1666 1282 1690 ex
1301 1653 1427 1690 Fastis
1437 1652 1710 1690 Consularibus

267 1711 379 1749 Rom.
400 1711 576 1756 restitui3
608 1723 687 1746 non
706 1710 858 1759 quidem
878 1712 917 1746 in
940 1717 1135 1755 contextu,
1157 1710 1222 1746 ubi
1240 1717 1387 1746 mutare
1407 1710 1552 1757 aliquid
1571 1711 1708 1760 religio

265 1767 361 1806 mihi
380 1768 476 1804 fuit:
515 1766 581 1802 sed
604 1768 645 1802 in
665 1766 737 1802 hoc
756 1767 995 1803 notationum
1010 1765 1341 1803 commentariolo.
1390 1766 1501 1809 Quod
1520 1766 1709 1816 benignus

266 1825 407 1862 Lector
430 1822 604 1869 candide,
625 1829 668 1859 ut
687 1835 811 1870 spero,
838 1823 1013 1871 accipiet.
1041 1820 1176 1859 RHOD.
1206 1822 1346 1859 Verum
1366 1822 1535 1871 pervidit
1553 1820 1710 1857 Rhodo·-

267 1893 445 1925 mannuS,
474 1885 512 1915 et
532 1892 576 1915 eo
596 1879 701 1927 prior
722 1878 854 1929 Steph.
876 1878 1040 1915 Vinand.
1061 1877 1244 1928 Pighius,
1275 1880 1341 1928 qui
1363 1880 1402 1914 iu
1423 1877 1617 1924 Diodoro,
1646 1877 1709 1913 in-

266 1940 370 1986 quit,
413 1935 547 1973 Siculo
567 1937 768 1973 adduntur
797 1938 917 1972 etiam
939 1937 1172 1984 cognomina
1205 1931 1431 1979 Σιλοτανός
1461 1932 1529 1972 καὶ
1561 1932 1710 1986 Τρίκο-

267 2001 387 2039 στος,
414 1993 616 2038 mendose,
645 2004 713 2040 pro
740 1988 1024 2041 otmar-zm&
1043 1990 1109 2028 καὶ
1129 1986 1308 2036 Κόσσος.
1337 1990 1478 2026 Cossus
1499 1991 1598 2026 enim
1620 1989 1708 2026 Ser.

271 2049 448 2086 Cornelii
477 2060 688 2097 cognomen
720 2055 780 2084 esc
806 2047 954 2084 Fastor.
975 2046 1016 2083 L.
1039 2046 1087 2083 Π.
1109 2058 1142 2094 p.
1168 2048 1269 2086 102.
1304 2047 1440 2083 Wssss.
1479 2043 1711 2084 Σιλουανὸν

273 2106 516 2150 Vibulanum,
549 2103 779 2153 Τρίκοστον
800 2103 1126 2153 IiIalugz'uensem.
1160 2102 1226 2139 Sic
1249 2102 1428 2149 Ursinus,
1455 2103 1496 2138 in
1515 2108 1708 2150 postremo

267 2163 460 2200 aberrans.
492 2160 598 2196 IDEM
619 2161 661 2196 in
683 2159 782 2199 Add.

377 2218 485 2256 425.
519 2217 594 2255 35.
625 2213 750 2254 Ζῑῖἶετὰ
782 2213 859 2266 τὴν
889 2214 930 2253 ἒν
955 2214 1159 2264 Σαλαμῖνι
1183 2235 1232 2241 -
1254 2209 1511 2265 ἧττηλιιένος]
1543 2211 1710 2261 Scripsit

267 2270 373 2313 κατὰ
395 2270 470 2323 τὴν
494 2271 543 2310 ἔν’
559 2271 684 2318 Σαλ.;
705 2284 827 2321 neque
847 2273 952 2308 enim
972 2270 1125 2308 Persica
1145 2273 1278 2308 classis
1294 2272 1384 2315 alio,
1397 2281 1509 2318 quam
1529 2269 1577 2306 ad
1598 2268 1719 2306 Sala-1

264 2333 419 2375 minem,
442 2329 586 2377 praelio
616 2334 704 2364 ante
726 2327 826 2364 hunc
844 2340 987 2365 annum
1009 2329 1111 2364 victa
1132 2327 1309 2365 decessit.
1360 2326 1542 2363 Mendum
1562 2327 1708 2375 peperit

264 2392 445 2436 perpetua
465 2385 640 2420 confusio
660 2382 794 2420 harum
816 2385 1060 2429 vocularum,
1099 2391 1137 2419 et
1159 2382 1259 2432 quod
1280 2382 1379 2419 haud
1399 2384 1518 2419 multo
1538 2389 1626 2431 post
1646 2394 1706 2417 se-

261 2448 443 2490 queretur
460 2436 565 2491 μετὰ
587 2437 662 2491 τὴν
686 2438 727 2478 ἐν
749 2439 954 2490 Σαλαμῖνι
975 2438 1219 2490 ναυμαχίαν.
1261 2438 1347 2475 Vid.
1377 2439 1539 2475 inferius
1569 2450 1603 2476 c.
1632 2437 1706 2477 48.

260 2498 397 2536 wass.

374 2553 482 2593 426.
510 2552 584 2591 48.
627 2549 944 2604 Προτεθείσης]
971 2549 1289 2604 Προστεθείσης
1309 2549 1356 2587 R.
1382 2552 1420 2590 1.
1440 2548 1506 2587 Co.
1527 2549 1572 2587 V.
1595 2549 1704 2586 male.

263 2609 351 2647 Vid.
370 2624 401 2646 c.
427 2611 498 2648 12,
530 2607 664 2644 WEss.

373 2667 482 2705 426.
506 2664 576 2703 50.
605 2660 760 2714 Ἄνδρα
779 2661 823 2701 δὲ
837 2660 1043 2712 Ἀμεινίαν
1056 2659 1306 2714 Ξέῐθηναΐον]
1332 2662 1399 2699 Sic
1418 2662 1568 2710 scripsi,
1595 2673 1701 2697 secu-

262 2728 324 2759 tus
354 2734 401 2758 ex
434 2723 638 2770 praecipua
665 2725 772 2768 parte
803 2720 966 2767 scriptos
998 2719 1131 2756 libros.
1156 2716 1375 2769 Ἀμεινίαν,
1398 2716 1580 2766 Aeschyli
1601 2715 1702 2753 hunc
