1828 3253
460 146 522 186 lN
556 143 728 186 L113.1.
764 142 891 183 CAP.
928 143 1002 186 56.
1029 142 1099 184 57.
1452 147 1511 187 93

188 255 622 313 66.12.Διώρυγας]
663 253 868 310 διώρυχας
893 255 1107 305 Cois1„ut
1135 258 1236 309 apud
1264 256 1448 297 Herodot.
1465 259 1514 296 11.

79 321 181 361 108.
215 325 253 356 et
271 316 479 368 Phrynich.
497 315 631 367 Eclog.
649 328 686 364 p.
710 316 782 356 38.
813 314 947 352 XVESS.

187 370 460 416 66-13.‘'Iva
486 369 564 418 τὰς
595 385 671 425 ‘5²27
673 368 844 422 κοιιιὺὰς
875 367 966 422 etc-J
996 369 1121 407 Aliam
1138 384 1332 420 caussam,
1360 385 1409 410 ne
1431 373 1516 410 lon-

74 433 192 482 gius
183 445 205 468 a
233 430 350 468 fluvio
388 432 428 466 in
450 428 728 466 mediterranea
749 430 883 466 reiecti
910 428 1085 475 sitirent,
1112 427 1239 465 adfert
1265 428 1516 468 Herodot.11.

83 491 198 534 108.,
226 486 291 524 sed
311 485 403 522 haec
423 484 585 523 Diodori
604 497 697 523 vero
718 486 892 522 similior.
921 483 1056 521 WEss.

187 545 259 584 66.
275 543 344 583 15
372 542 487 581 Πᾶσι
500 546 585 588 τοῖς
603 537 790 594 τροποις]
815 537 970 586 Ίόποις
989 539 1131 589 absque
1150 539 1386 578 dubitatione
1404 542 1515 593 lego,-

77 613 147 638 nec
167 599 258 650 quid
286 594 453 652 τρόποις
483 598 557 635 sibi
576 599 672 636 velit
693 609 888 646 assequor.
917 595 1053 634 Rnoo.
1109 597 1226 636 Πᾶσι
1247 602 1334 643 τοῖς
1352 593 1514 651 τόποις]

74 655 278 694 Habebant
295 654 448 704 quidem
466 655 593 692 fossae
622 653 843 700 παντοίοις
862 649 1066 706 τρόπους,
1090 656 1212 700 varia,
1239 660 1283 691 ut
1302 656 1356 690 sic
1377 654 1515 702 dicam,

75 712 268 759 divortia,
307 711 406 760 apud
435 710 621 748 Herodot.
652 709 845 758 11.108.,
884 722 1002 759 eaque
1028 710 1283 761 intelligenda
1301 710 1452 758 forent,
1482 715 1516 750 si

74 769 232 819 vulgata
254 770 444 817 scriptura
462 768 557 804 bene
577 766 746 806 haberet.
805 765 882 804 Sed
904 779 1042 815 sequor
1059 765 1409 805 Rhodom.1VEss.

188 826 261 865 67.
285 826 356 865 18.
387 822 472 864 Τὸν
489 821 566 877 γὰρ
588 825 743 877 προτοῦ
759 837 864 877 χοοι
867 821 934 876 ον]
958 822 1151 873 Optimam
1169 822 1387 861 etDiodoro
1405 835 1516 889 saepe

74 881 272 930 probatam
290 894 369 918 non
403 886 486 918 erat
511 881 682 931 profecto
713 893 781 916 cui
810 881 1014 917 lectionem
1031 886 1246 917 mutarent:
1281 882 1336 917 sic
1357 882 1460 917 enim
1479 888 1518 918 et

75 950 108 974 c
135 933 481 978 54126025701012
518 934 592 976 τὸν
620 938 776 988 προτοῦ
801 932 968 1004 χρόνον.
1011 943 1049 974 et
1074 935 1118 973 V
1149 938 1221 977 69.
1258 934 1332 976 τὸν
1361 939 1515 989 προτοῦ

71 989 224 1045 χρόνον
244 1009 317 1033 ουκ
340 990 466 1044 οὔσης
485 991 711 1044 ἐπιμελείας
733 993 821 1044 περὶ
842 1007 1004 1039 αυτους.
1061 991 1215 1040 Utitur,
1238 1000 1281 1030 ut
1300 994 1396 1030 alios
1415 1007 1518 1031 nune

76 1057 334 1099 praeteream,
369 1057 407 1087 et
427 1049 562 1100 Polyb
586 1049 614 1086 Ι.
636 1051 723 1096 66.,
757 1061 805 1086 ex
825 1056 928 1086 certa
947 1049 1022 1086 lac.
1043 1049 1213 1087 Gronov.
1239 1050 1515 1087 emendatione.

74 1106 292 1157 Aegyptum
324 1119 440 1154 vero,
480 1113 681 1156 postquam
712 1106 893 1143 intercidi
920 1112 1054 1154 coepta
1081 1112 1141 1142 est
1160 1112 1218 1142 tot
1237 1107 1373 1153 fossis,
1400 1119 1516 1155 equo-

75 1175 160 1200 rum
189 1169 228 1199 et
257 1176 436 1200 curruum
457 1165 661 1214 agitationi
682 1164 809 1199 minus
827 1163 946 1200 fuisse
966 1161 1131 1200 habilem
1167 1175 1229 1200 res
1260 1164 1345 1212 ipsa
1372 1171 1409 1200 et
1437 1163 1516 1201 He-

74 1219 199 1257 rodot.
219 1218 265 1256 ll.
292 1220 395 1259 109.
419 1219 577 1256 indicat.
605 1218 739 1256 'WB-58.

187 1277 260 1315 67.
281 1276 356 1316 21.
389 1270 740 1329 Λυσεᾳοόεστάτη
779 1271 961 1327 γέγονεν]
1002 1273 1142 1313 Utrum
1169 1272 1518 1330 (Ῡυσεᾳοὸευτάτη,

75 1330 177 1380 quod
214 1331 263 1369 ad
303 1334 530 1380 scripturam
563 1333 718 1381 propius
755 1331 923 1379 accedit,
971 1344 1022 1368 an
1055 1345 1148 1369 vero
1181 1330 1519 1386 δυσεφοδωτάτη,

75 1387 177 1436 quod
203 1390 431 1426 concinnius
463 1395 542 1435 est,
597 1388 859 1437 reponendum
899 1390 971 1435 sit,
1014 1388 1187 1425 eruditus
1214 1391 1337 1427 lector
1363 1390 1518 1427 iudicet.

74 1442 210 1484 Rlion.
249 1444 363 1484 Ama
367 1440 611 1512 φοὸωτάτη]
641 1444 860 1494 Amplector
879 1443 977 1491 hoc,
1008 1448 1253 1493 quantumvis
1274 1444 1518 1499 ἀκρατέστε-

75 1515 170 1554 ρον,
198 1498 407 1554 ἀνιαρέστε
412 1515 507 1553 ρον,
535 1498 703 1554 ἀᾳθονέ
703 1515 871 1553 στερον,
898 1503 1047 1551 aliaque
1065 1503 1317 1541 insolentiora
1338 1516 1362 1540 a
1381 1503 1518 1541 Gram-

75 1560 226 1595 maticis
244 1564 356 1607 atque
377 1557 515 1594 Athen.
534 1556 587 1594 X.
611 1559 653 1598 6.
688 1571 708 1594 e
739 1564 914 1595 veterum
932 1559 1085 1607 scriptis
1112 1566 1293 1608 excerpta
1311 1563 1518 1608 supersint.

76 1612 153 1651 Cur
175 1616 276 1651 enim
295 1614 343 1651 ad
367 1611 830 1667 παρακεκινὸυνειμένα,
870 1615 938 1653 ubi
955 1621 1139 1653 consueta
1155 1622 1247 1653 sunt
1269 1618 1311 1654 in
1327 1624 1519 1668 promptu,

77 1668 345 1707 decurramus?
380 1670 514 1708 Wnss.

193 1727 265 1766 67.
287 1726 363 1766 25.
398 1724 487 1765 Ἐπὶ
517 1724 710 1772 σταδίους
738 1723 897 1777 χιλίους
924 1725 992 1766 καὶ
1011 1726 1322 1780 πεντακοσίους]
1356 1728 1521 1768 Dubitat

78 1782 125 1820 de
154 1781 226 1820 hac
254 1783 519 1834 longitudine,
558 1789 597 1820 et
624 1783 730 1820 fossa
762 1782 929 1833 Aegypti
956 1785 1142 1822 orientale
1175 1784 1247 1822 hoc
1270 1787 1399 1834 latus,
1439 1800 1517 1825 non

75 1853 199 1887 muro,
217 1839 337 1876 fuisse
355 1843 544 1877 munitum
557 1839 749 1887 pertendit
767 1838 820 1876 Io.
841 1838 1045 1878 Marsham.
1056 1840 1148 1878 Can.
1160 1840 1339 1880 Chronol.
1362 1854 1399 1891 p.
1415 1844 1520 1883 395.

74 1894 263 1934 Neutrum
290 1896 399 1935 bene.
442 1895 502 1933 De
529 1897 635 1933 fossa
661 1894 759 1932 nihil
786 1894 1004 1944 Diodorus,
1040 1900 1148 1935 cuius
1167 1898 1346 1948 τειχίζειν
1369 1913 1519 1937 murum

74 1959 143 1990 aut
169 1953 315 1990 vallum
341 1954 523 2001 requirit:
562 1953 604 1991 in
634 1954 756 2001 spatio
796 1955 1083 1991 accuratissime
1116 1958 1309 1993 consentit
1335 1955 1520 1993 Herodot.

74 2008 347 2050 11.7.w1:ss.

189 2067 262 2106 67.
287 2066 359 2106 30.
383 2061 580 2132 ,Ἀνέθηκε
611 2065 671 2104 τῶ
702 2064 809 2119 θεῶ]
846 2063 1009 2103 Videtur
1037 2065 1168 2104 deesse
1197 2068 1380 2116 verbum,
1418 2068 1520 2117 quod

73 2123 257 2173 iungatur
274 2135 360 2159 cum
379 2121 445 2170 δὲ,
477 2128 521 2159 ut
542 2118 592 2160 ἀν
595 2107 717 2172 ἔθηκε
739 2124 911 2160 iunctum
928 2129 987 2159 est
1007 2125 1064 2162 τῶ
1086 2122 1176 2174 μέν.
1208 2122 1362 2162 STEPH.
1418 2124 1519 2162 Con-

74 2184 162 2216 trov
165 2181 302 2217 ersiam
334 2178 422 2216 huic
451 2179 536 2216 loco
567 2179 613 2215 ab
645 2176 695 2218 H.
710 2176 850 2244 'steph
873 2185 1039 2226 motam,
1077 2182 1110 2217 si
1130 2182 1257 2229 paullo
1276 2188 1363 2230 post
1380 2177 1453 2221 δύο
1476 2196 1518 2221 τε

76 2234 237 2274 hermam
242 2249 261 2281 ς
283 2232 523 2285 ὀβελίσκους
541 2236 761 2284 scripseris,
790 2236 897 2273 facili
917 2247 1032 2283 opera
1049 2238 1175 2274 tolles.
1230 2236 1290 2274 De
1309 2236 1415 2286 Deo,
1452 2241 1519 2287 qui

78 2288 112 2326 'l
117 2290 222 2328 liebis
239 2294 442 2342 praecipuo
462 2290 606 2328 honore
625 2292 743 2328 fuerit
764 2292 913 2339 cultus,
943 2293 1019 2329 alia
1036 2305 1099 2329 res
1120 2300 1189 2332 est.
1231 2293 1286 2332 10.
1313 2293 1516 2332 Marsham.

77 2344 223 2384 Canon.
253 2346 433 2387 Chronol.
463 2361 501 2398 p.
535 2348 640 2387 374.
681 2347 826 2384 Osirim
846 2361 928 2385 esse
948 2349 1178 2396 arbitratur,
1211 2350 1324 2398 idque
1344 2353 1517 2400 pluribus

76 2404 165 2440 aliis
183 2407 393 2453 persuasit:
421 2418 492 2456 ego
513 2417 605 2442 vero
626 2405 770 2450 lovem,
801 2401 848 2443 ὃν
865 2400 1047 2454 μάλιστα
1068 2408 1254 2456 τιμῶσιν,
1282 2420 1392 2457 quem
1416 2407 1517 2446 The-

78 2458 174 2496 bani
198 2462 379 2512 inprimis
404 2468 672 2508 venerantur,
712 2466 807 2497 teste
843 2459 1023 2499 Strabon.
1049 2461 1174 2499 XVH.
1194 2475 1230 2512 p.
1257 2466 1392 2505 1171.
1412 2464 1466 2512 C.,
1494 2478 1516 2502 a

78 2526 154 2564 quo
171 2514 328 2555 Diodor.
347 2531 379 2555 c.
405 2519 475 2559 15.
499 2516 599 2555 nihil
617 2517 823 2554 discordat.
849 2517 983 2555 Wnss.

192 2574 264 2613 67.
286 2574 360 2614 31
395 2570 487 2614 Avo
523 2572 569 2613 de*
599 2572 786 2620 λιθίνους
814 2570 1070 2624 ὀβεὶίσκους]
1107 2573 1426 2626 Subiungendum
1457 2578 1517 2614 vi-

75 2627 189 2722 ilzetur
215 2625 531 2679 κατεσκεύασεν,
572 2631 636 2668 vel
664 2631 811 2678 simile3
847 2643 896 2667 ne
921 2643 1107 2680 suspensa
1134 2640 1286 2670 maneat
1314 2635 1517 2670 sententia.

113 2694 212 2724 uon.

190 2740 291 2780 Ibid.
319 2738 387 2780 'En
415 2743 489 2781 τοῦ
520 2743 700 2794 σκληροῦ
719 2740 858 2792 λίθου]
893 2741 999 2780 Inter
1017 2743 1162 2792 lapides
1182 2742 1391 2794 Aegyptios
1411 2743 1516 2781 duri-

75 2796 128 2834 tie
158 2798 369 2836 excellebat
396 2796 591 2846 Ramnes,
631 2800 748 2837 ferrei
768 2805 805 2836 et
822 2801 1077 2850 nigrescentis
1096 2801 1255 2847 coloris,
1283 2800 1458 2838 obeliscis
1478 2807 1516 2836 et
