1828 3253
316 177 401 217 100
764 172 1280 213 ANNOTATIONES

311 301 440 326 euram
457 294 569 335 atque
591 288 788 336 inpensam
815 288 1086 338 insumpsisse,
1124 300 1194 326 nec
1216 294 1322 325 certo
1351 298 1461 337 posse
1482 286 1608 335 finiri,
1652 286 1737 336 quis

310 346 448 382 ceteris
469 344 684 393 praeiverit.
713 343 848 381 wass.

421 402 492 440 71.
517 401 589 440 69.
607 396 778 451 (Ὀμοιον
798 401 855 454 τῷ
874 394 970 439 κατ>
991 396 1224 453 Αἴγυπτον]
1257 398 1427 436 Tametsi
1448 405 1485 436 et
1501 398 1627 435 Plinio
1646 397 1737 436 hinc

309 459 513 505 sumpsisse
535 455 745 493 Daedalum
763 458 976 506 exemplum
998 459 1079 494 eius
1099 455 1323 507 labyrinthi,
1340 468 1449 504 quem
1473 456 1565 492 fecit
1588 457 1627 491 in
1648 453 1738 491 Cre-

309 520 371 560 ta,
398 525 476 550 non
496 520 553 549 est
571 512 750 559 dubium,
778 512 972 550 XXXVI.
992 512 1039 550 N.
1059 513 1110 552 Η.
1138 514 1224 559 13.,
1244 514 1508 549 incertissimis
1530 520 1654 547 tamen
1675 524 1738 547 su-

308 568 540 619 spicionibus
567 575 692 606 motus
720 568 774 607 10.
797 568 1001 606 Marsham.
1021 584 1056 620 p.
1076 571 1183 610 291.
1211 570 1272 606 illi
1299 582 1343 606 ac
1366 567 1537 605 Diodoro
1567 567 1739 615 obloqui-

308 632 381 663 tur.
416 624 552 663 WEss.

415 683 488 722 71.
517 681 590 721 70.
620 677 705 720 Τὸν
724 677 941 734 λεγόμενον
961 676 1273 736 Μινώταυρον]
1317 678 1427 717 Conf.
1455 679 1546 717 infr.
1571 678 1635 716 IV.
1668 680 1740 718 79.

306 737 440 776 Wrss.

419 795 491 834 71·
521 794 593 833 71.
626 788 868 846 Ἠφανίσθη
898 791 1069 842 τελέως]
1126 793 1278 831 Cretici
1311 792 1420 830 nulla
1462 792 1633 841 vestigia
1670 803 1740 827 suo

308 858 475 900 tempore
494 849 631 887 durare
650 849 800 887 Plinius
822 849 1016 888 XXXVI.
1043 850 1112 890 13.
1136 850 1291 887 indicat.
1318 849 1446 897 ltaque
1466 850 1563 885 alius
1586 853 1655 893 est,
1675 849 1741 894 qui

308 919 412 945 nunc
431 918 589 956 peregre
605 908 646 943 in
666 903 816 943 Cretam
833 907 1013 956 profectis
1032 906 1183 943 ostendi
1203 907 1314 952 solet,
1336 911 1509 941 accurate
1527 904 1741 952 descriptus

310 965 353 1000 in
373 962 504 999 ltiner.
523 961 645 1010 Epist.
667 964 707 1001 2.
729 974 764 1010 p.
785 964 859 1002 26.
891 977 913 999 a
933 963 1025 999 Pitt.
1048 962 1296 999 Tournefort.
1333 961 1465 998 Wrss.

421 1020 492 1058 71·
516 1019 587 1057 74·
613 1016 751 1068 Μέχρι
772 1021 845 1057 τοῦ
866 1016 970 1056 καθ’
1009 1013 1120 1070 ἡμᾶς
1150 1016 1270 1067 βίου]
1303 1016 1420 1053 [mmo
1442 1019 1482 1052 in
1503 1015 1602 1052 hanc
1621 1027 1740 1064 usque

310 1080 494 1120 aetatem,
525 1075 596 1110 etsi
615 1086 694 1110 non
712 1076 824 1122 plane
849 1076 1018 1125 integer:
1064 1074 1218 1120 rudera,
1247 1085 1340 1122 quae
1360 1080 1576 1122 supersunt,
1603 1073 1742 1108 lustra—

308 1132 367 1167 vit
386 1130 493 1167 Paul.
513 1128 636 1166 Lucas
659 1129 789 1167 Itiner.
811 1129 973 1181 Aegypt.
995 1130 1039 1167 V.
1060 1143 1094 1180 p.
1118 1130 1219 1176 24„
1251 1142 1363 1180 quem
1386 1136 1424 1165 et
1444 1130 1520 1166 viri
1537 1129 1640 1165 docti
1651 1127 1742 1165 Dis-

309 1192 397 1222 sert.
415 1188 598 1222 insertam
619 1184 668 1224 T.
691 1185 752 1223 ΠΙ,
781 1186 926 1224 Histor.
947 1186 1064 1225 Acad.
1085 1186 1263 1234 inscript.
1286 1199 1320 1236 p.
1347 1186 1451 1226 368.
1469 1185 1544 1222 adi.
1571 1184 1705 1222 WVEss.

423 1243 497 1282 71.
522 1243 594 1282 76.
628 1243 724 1281 ,Τῶν
745 1238 905 1290 ἀδόξων
925 1242 1005 1293 τις]
1032 1242 1117 1279 Hoc
1136 1244 1274 1289 malui3
1304 1255 1392 1278 nam
1414 1254 1509 1290 quae
1536 1241 1742 1288 adduntur,

309 1302 414 1334 certo
449 1303 540 1334 sunt
564 1305 812 1348 argumento,
872 1312 950 1336 non
977 1301 1089 1348 plane
1119 1299 1321 1349 indignum
1350 1299 1469 1335 fuisse
1499 1310 1542 1334 eo
1573 1296 1742 1344 honore3

309 1354 410 1401 quod
446 1355 563 1405 vulgo
594 1361 745 1402 recepta
773 1357 961 1403 scriptura
990 1355 1195 1393 indicabat.
1246 1355 1382 1393 WESS.

421 1411 492 1449 71.
508 1412 579 1449 77.
594 1405 769 1463 ιΕἴιρέθη
791 1411 859 1449 καὶ
878 1410 1126 1464 προεκρίθη]
1149 1411 1348 1448 Glossema
1367 1410 1438 1447 hoc
1460 1423 1542 1446 esse
1557 1411 1641 1458 quis
1663 1422 1741 1446 non

307 1464 440 1502 videt?
478 1466 552 1510 Qui
576 1466 783 1504 desumitur
812 1468 861 1505 ad
891 1470 1002 1519 regni
1032 1468 1311 1518 gubernacula,
1352 1469 1384 1504 is
1410 1473 1511 1503 certe
1532 1469 1636 1515 prius
1665 1462 1741 1503 fuit

317 1522 461 1559 electus
495 1534 583 1570 prae
615 1525 714 1562 aliis.
775 1523 959 1562 Ordinem
989 1527 1107 1575 igitur
1136 1523 1236 1561 hunc
1258 1524 1458 1561 Glossator
1478 1524 1660 1570 invertit,
1699 1527 1742 1558 ut

308 1579 456 1615 scilicet
474 1578 773 1616 additamentum
796 1582 876 1617 eius
897 1594 940 1617 eo
963 1582 1115 1618 facilius
1134 1580 1389 1618 animadverti
1408 1586 1546 1629 posset.
1578 1577 1712 1615 RHOD.

418 1634 519 1672 Ibid.
539 1633 701 1685 Κέτνα]
732 1635 912 1674 Praefero
935 1635 1071 1687 Κέτην
1083 1666 1093 1684 ,
1127 1644 1280 1686 propter
1298 1637 1605 1673 terminationem
1621 1635 1743 1672 Grae-

307 1702 401 1727 cam.
437 1689 569 1726 RHOD.
609 1689 769 1743 Κίτην]
809 1691 1000 1730 Convenit
1029 1692 1100 1729 hoc
1131 1706 1270 1729 nomen
1299 1706 1385 1730 cum
1409 1691 1592 1738 Sethose,
1619 1694 1741 1741 primo

307 1745 506 1795 dynastiae
525 1746 639 1784 XIX.
661 1761 750 1799 rege
765 1775 775 1795 ‚
807 1752 871 1797 qui
890 1750 935 1786 ab
957 1749 1141 1800 Syncello
1162 1763 1196 1799 p.
1223 1751 1324 1790 160.
1350 1752 1390 1786 in
1413 1751 1510 1786 serie
1528 1762 1662 1799 regum
1681 1749 1742 1785 vi-

309 1801 419 1838 detur
450 1803 615 1853 Κῆρτος
647 1803 787 1842 Certus
826 1806 973 1853 dictus,
1023 1804 1124 1842 haud
1157 1806 1268 1842 dubie
1301 1818 1369 1854 pro
1390 1805 1542 1857 Κῆτος.
1601 1804 1741 1853 Appel-

306 1859 407 1894 latur
436 1865 563 1895 autem
586 1859 743 1897 Graecis
773 1859 972 1915 Πρωτεὺς
998 1861 1179 1909 Proteus,
1209 1863 1298 1911 quia
1330 1864 1473 1910 primus
1500 1861 1626 1898 fuerat
1652 1866 1741 1908 post

307 1913 525 1951 anarchiam
545 1916 710 1963 aliquam
732 1930 823 1964 reX,
862 1921 1006 1966 primus
1026 1931 1115 1955 suae
1133 1919 1322 1965 familiae,
1360 1920 1505 1967 primus
1525 1930 1648 1954 novae
1669 1917 1741 1968 dy-

307 1972 465 2008 nastiae.
522 1969 587 2007 Sic
606 1973 687 2009 fere
709 1973 784 2010 Iac.
804 1974 981 2011 Perizon.
1014 1974 1165 2025 Origin.
1183 1974 1347 2025 Aegypt.
1375 1974 1443 2014 15.
1482 1973 1615 2011 Wssss.

419 2027 491 2066 71.
517 2029 588 2067 81.
608 2022 701 2067 ‘Otr'
719 2028 795 2080 μὲν
815 2027 870 2075 εἷς
891 2026 1005 2078 ζώων
1022 2025 1176 2077 τύπους
1196 2031 1294 2080 etc.]
1334 2030 1487 2068 Homer.
1517 2029 1656 2081 OdySS.
1684 2027 1740 2068 A.

306 2082 411 2121 418.
437 2083 557 2126 Quam
578 2082 743 2123 hominis
761 2088 979 2123 versatilem
998 2093 1176 2124 naturam
1194 2087 1296 2124 ridet
1315 2087 1590 2124 urbanissimus
1610 2086 1742 2123 scurra

305 2137 461 2174 Lucian.
481 2137 582 2176 Dial.
604 2139 745 2180 Marin.
768 2140 830 2179 IV.
857 2143 896 2182 l.
947 2142 1039 2180 Mox
1064 2141 1251 2181 Rhodom.
1274 2143 1450 2181 emendat
1468 2142 1535 2182 καὶ
1557 2140 1741 2196 δένδρον,

307 2191 407 2229 haud
427 2206 517 2231 sane
536 2198 648 2245 gravi
667 2209 811 2234 caussa.
842 2198 975 2236 WEss.

419 2251 490 2289 71.
512 2252 582 2290 84.
606 2249 840 2306 Ἔμπειρίαν
869 2253 1104 2307 ἐσχηκέναι]
1141 2253 1325 2293 Fabulam
1344 2253 1443 2293 hanc
1463 2256 1529 2292 alii
1547 2256 1660 2292 aliter
1678 2255 1741 2291 in-

307 2309 586 2353 terpretantur,
617 2315 660 2344 ut
687 2308 910 2347 Heraclides
939 2314 981 2348 in
1009 2311 1179 2362 Allegor.
1209 2312 1363 2349 Homer.
1391 2324 1425 2360 p.
1456 2312 1562 2352 488.
1602 2310 1741 2360 SyneS.

306 2361 348 2396 in
378 2359 491 2398 Dion.
521 2376 556 2412 p.
588 2363 662 2403 44.
700 2364 856 2404 Lucian.
886 2365 981 2405 Salt.
1012 2380 1044 2405 c.
1077 2370 1145 2410 18.
1176 2376 1215 2406 et
1245 2368 1295 2405 lo.
1320 2367 1483 2405 Tzetzes
1511 2366 1671 2404 Chiliad.
1691 2366 1739 2403 ll.

307 2413 408 2454 Hist.
431 2418 505 2457 44.
544 2418 678 2456 wEss.

418 2474 490 2513 71.
518 2475 589 2514 89.
615 2470 818 2517 Λεόντων
838 2476 1075 2530 προτομὰς]
1105 2478 1214 2517 Conf.
1233 2480 1323 2518 infr.
1344 2492 1375 2517 c.
1395 2481 1468 2520 96.
1509 2477 1643 2516 VVESS.

419 2531 490 2569 71.
512 2531 586 2571 96.
609 2526 657 2571 ‘O
675 2530 763 2579 v‘t'og
777 2529 966 2589 εΡεῇιιφις]
1005 2535 1200 2573 Herodoto
1222 2535 1270 2573 ΙΙ.
1295 2538 1396 2577 121.
1428 2536 1740 2588 ΚΙιαηψείηἰίιιε,

308 2593 418 2632 quem
440 2585 491 2622 Io.
511 2586 713 2625 Marsham.
732 2593 925 2640 componit
944 2606 1029 2630 cum
1048 2592 1236 2629 Sesostris
1254 2593 1354 2642 apud
1372 2591 1640 2630 Manethonem
1660 2593 1740 2629 filio

309 2636 519 2689 Rhampse‚
548 2645 680 2693 illique
702 2653 855 2696 accepta
877 2649 1017 2695 refert,
1053 2660 1147 2697 quae
1165 2648 1264 2697 apud
1285 2648 1411 2687 Tacit.
1434 2648 1482 2687 11.
1506 2648 1643 2685 Annal.
1665 2649 1738 2688 60.

308 2692 451 2733 Canon.
474 2696 613 2736 Clu-on.
633 2712 667 2749 p.
688 2701 807 2749 416.,
826 2707 919 2740 satis
935 2706 1106 2754 profecto
1125 2705 1375 2743 incommode.
1406 2704 1544 2742 Melius
1564 2706 1741 2754 congruit

308 2749 507 2799 dynastiae
528 2753 638 2793 XIX.
658 2769 728 2794 rex
748 2759 937 2797 secundus
957 2758 1102 2809 Rapses
1130 2763 1212 2800 sive
1237 2760 1428 2811 Rapsacen
1456 2759 1556 2809 apud
1575 2759 1739 2810 Syncel-

308 2805 385 2843 lum
417 2819 452 2856 p.
478 2810 548 2849 72.
590 2811 722 2850 ῐνεδὸ.
