1828 3253
514 234 715 277 1N1.113.
757 234 785 272 Ι.
823 232 951 272 CAP.
981 234 1054 276 35.
1085 235 1157 276 36.
1492 238 1550 278 61

119 352 237 406 Degit
264 355 392 404 itaque
418 345 584 392 interdiu
614 352 656 388 in
687 345 780 388 Nilo
806 359 875 398 per
899 348 1031 386 limum
1049 354 1225 398 reptans,
1254 349 1413 387 subinde
1433 363 1555 388 emer-

119 424 239 463 gens,
274 421 388 458 seque
423 420 628 454 exercens,
665 413 708 444 ut
744 407 893 443 marina
930 406 999 443 illa
1032 409 1124 451 ταῖς
1160 404 1343 456 συνεχέσι
1381 407 1556 459 πληγαῖς

118 462 424 520 γυμναζόμενα,
456 476 551 514 quae
569 462 749 501 fluetibus
768 475 807 500 se
829 460 992 512 quodam
1008 460 1121 499 modo
1144 470 1324 499 exercent
1341 465 1382 500 in
1404 462 1555 501 Philon.

120 523 201 560 lud.
222 523 268 559 de
289 522 389 571 Opif.
412 519 544 559 Mund.
566 532 601 569 p.
629 517 757 560 13.D.
787 518 890 566 Iam,
915 518 1016 567 quod
1038 516 1156 556 Codd.
1179 516 1337 555 Coislin.
1357 526 1395 556 et
1418 519 1555 558 Mutin.

119 577 194 626 τὰς
211 576 286 630 μὲν
305 572 461 629 ἡμέρας
480 581 590 616 ποιεῖ’
603 575 765 623 habent,
798 574 837 612 id
856 581 946 624 puto
967 573 1150 611 Scholion
1171 587 1265 611 esse.
1303 574 1406 613 Novi
1427 581 1554 616 ποιεῖν

115 631 267 689 χρόνον
287 645 334 671 ex
354 632 395 670 S.
415 633 538 671 Lucae
558 632 664 670 Actis
684 632 728 669 A.
750 630 839 668 XV.
861 631 933 670 33.
959 629 1104 667 XVIH.
1124 631 1200 670 23.
1229 630 1341 680 idque
1361 644 1558 681 perperam

120 705 143 729 a
171 691 273 727 loan.
301 688 472 728 Brodaco
501 692 542 728 in
574 690 729 727 Lucillii
756 687 952 739 Epigram.
984 686 1031 724 11.
1062 685 1267 738 Antholog.
1296 688 1368 727 37.
1391 700 1426 736 p.
1449 690 1556 729 235.

119 748 342 793 sollicitari3
376 747 443 784 sed
469 748 609 784 cultius
638 752 697 783 est
716 746 918 796 vulgatum
943 750 981 781 et
999 743 1200 782 Aristoteli
1218 744 1418 793 probatum
1436 744 1486 782 11.
1505 744 1555 783 Η.

117 802 162 841 A.
186 804 257 844 10.
281 802 416 840 Wssss.

230 860 305 899 42.
331 860 403 900 36.
439 856 526 906 Τὰς
557 857 752 912 γεωργίας
780 853 855 904 τὰς
884 852 979 897 κατ’
1003 853 1244 910 Αἴγυπτον]
1286 854 1444 895 Rectius
1469 871 1558 896 ver-

119 918 213 953 teris
233 929 319 953 cum
338 915 542 964 Bocharto‚
570 919 696 966 agris,
725 917 794 966 qui
810 921 903 952 sunt
908 927 990 967 per
1009 914 1243 966 Aegyptum,
1271 913 1316 950 V.
1335 913 1556 952 Hierozoic.

121 973 192 1013 15.
220 984 256 1022 p.
288 974 392 1014 762.
430 985 504 1022 quo
538 975 654 1010 etiam
681 974 764 1010 loco
798 971 844 1008 (le
871 973 1120 1009 voracissima
1146 971 1270 1008 bestia
1298 971 1448 1009 abunde
1486 972 1558 1009 tibi

118 1030 339 1066 satisfaciet.
368 1028 503 1067 WESS.

230 1085 306 1125 42.
326 1086 400 1126 40.
427 1083 638 1138 Κοπεῦσι]
677 1085 863 1123 Vocahuli
890 1084 1003 1123 huius
1033 1085 1301 1123 auctoritatem
1321 1086 1456 1124 lectori
1475 1093 1555 1124 stu-

118 1140 226 1178 dioso
257 1142 523 1191 inquirendam
550 1144 738 1192 relinquo.
789 1141 886 1179 Mihi
913 1145 1014 1180 enim
1046 1141 1144 1178 nihil
1172 1145 1339 1179 occurrit
1360 1142 1556 1181 hactenus.

118 1196 217 1235 Utut
244 1211 336 1235 vero
367 1211 406 1236 se
427 1212 489 1236 res
520 1197 674 1245 habeat,
702 1201 998 1236 instrumentum
1027 1197 1201 1246 aliquod,
1228 1199 1464 1236 verberando
1494 1202 1557 1238 vel

117 1253 314 1292 tundendo
342 1261 408 1292 aut
442 1254 647 1292 incidendo
686 1262 836 1303 aptum,
880 1257 1008 1303 qualia
1044 1260 1134 1291 sunt
1168 1256 1313 1304 pistilla
1352 1258 1414 1293 vel
1451 1259 1557 1295 conti

117 1309 259 1348 adunci
290 1317 328 1347 et
353 1310 515 1358 hamati,
558 1318 624 1348 aut
655 1311 695 1348 id
724 1324 845 1362 genus
876 1318 1045 1358 caetera,
1084 1311 1334 1361 significatur.
1387 1311 1439 1349 Et
1470 1324 1558 1361 per-

117 1369 249 1416 spicua
268 1374 327 1404 est
345 1369 576 1419 etymologia
598 1381 621 1405 a
644 1363 828 1414 κόπτειν,
857 1368 896 1404 id
919 1375 995 1414 est„
1019 1368 1231 1419 pulsando.
1258 1366 1392 1405 Rnon.
1430 1368 1558 1407 Habet

117 1421 268 1469 κοπέας
313 1425 515 1462 malleolos
545 1428 646 1461 inter
690 1426 864 1461 statuarii
904 1426 1159 1461 instrumenta
1206 1424 1363 1461 Lucian.
1405 1424 1557 1464 Somnii

117 1493 150 1518 c.
179 1480 249 1519 13.
280 1483 348 1528 qui
377 1480 498 1518 hamis
527 1482 663 1519 ferreis
695 1483 894 1518 coniuncti
924 1481 1067 1529 duplici
1094 1483 1174 1517 ictu
1205 1494 1344 1518 nocere
1369 1488 1557 1529 poterant.

116 1536 253 1573 Posses
281 1538 425 1587 alioqui
452 1537 612 1576 κοπίσιν
642 1538 806 1574 scribere
838 1543 876 1574 et
903 1537 949 1573 de
983 1540 1180 1575 venatoris
1210 1544 1276 1574 aut
1308 1539 1403 1575 lanii
1432 1541 1556 1576 cultro

115 1594 309 1642 accipere,
335 1599 379 1630 ut
396 1593 489 1630 XII.
509 1595 584 1634 24.
605 1600 642 1631 et
662 1596 702 1631 in
722 1593 870 1630 Aelian.
890 1593 998 1630 Xlll.
1019 1592 1068 1631 H.
1092 1593 1136 1630 A.
1161 1596 1202 1634 6.
1233 1607 1367 1631 verum
1403 1608 1469 1642 eo,
1497 1598 1557 1633 uti

114 1661 237 1697 neque
256 1649 385 1687 Vossii
403 1647 670 1704 ἒπισιόήροις,
701 1664 794 1689 voce
817 1653 910 1688 novi
927 1653 1124 1688 commatis
1136 1680 1149 1701 ,
1182 1663 1284 1688 nunc
1306 1651 1459 1700 quidem
1478 1665 1558 1690 non

116 1706 344 1755 indigemus.
373 1706 508 1743 XVEss.

227 1761 302 1801 42.
323 1763 398 1802 41.
420 1759 568 1814 Ἀρχὰς
599 1761 821 1813 στυπίνας]
851 1762 892 1800 S.
911 1761 1127 1810 Bocharto‚
1154 1766 1216 1802 cui
1243 1766 1284 1801 in
1301 1771 1466 1803 mentem
1487 1779 1556 1804 ve-

115 1824 227 1855 nerat
264 1814 446 1870 ἆρτάνας
473 1821 536 1856 vel
568 1815 753 1870 σπάρτας
783 1822 976 1871 corrigere
1010 1820 1056 1857 V.
1084 1819 1238 1858 Hieroz.
1272 1823 1343 1861 15.
1379 1836 1415 1871 p.
1453 1824 1556 1864 762.

114 1874 216 1911 haud
236 1886 390 1924 possum
406 1877 597 1912 assentiri.
645 1873 787 1928 Ἀρχαὶ
808 1872 996 1915 στύπιναι
1017 1884 1107 1913 sunt
1125 1879 1248 1925 capita
1271 1880 1351 1915 sive
1369 1881 1558 1929 principia

115 1938 334 1980 stupeorum
361 1933 623 1978 vinculorum,
652 1939 696 1969 ut
724 1935 865 1981 passim
895 1946 1204 1983 quarumcunque
1229 1947 1382 1981 rerum,
1408 1938 1465 1972 uti
1495 1937 1557 1973 fu·-

115 1989 244 2034 nium,
283 1988 448 2025 trabium
489 1995 527 2025 et
561 1990 733 2025 aliarum.
791 1988 1020 2026 Plutarchus
1049 1989 1095 2027 T.
1128 1990 1156 2027 l.
1184 2001 1219 2040 p.
1253 1992 1356 2030 777.
1386 1990 1431 2028 Ε.
1462 1991 1557 2029 Cato

115 2039 318 2083 καλώδιον
355 2039 512 2098 ἑκάστῳ
540 2042 688 2095 μικρὸν
707 2042 1014 2098 προσήρτησεν,
1047 2038 1095 2086 οὗ
1119 2049 1168 2099 τῇ
1194 2045 1298 2100 ἀρχῇ
1320 2047 1555 2098 προσείχετο

115 2097 264 2154 φελλὸς
283 2097 517 2152 εὐμεγέθης.
548 2100 658 2139 Philo
679 2101 761 2140 lud.
784 2101 812 2138 I.
836 2102 912 2139 vit.
933 2101 1028 2139 Mos.
1048 2117 1082 2153 p.
1099 2105 1203 2143 638.
1224 2102 1273 2142 D.
1304 2104 1372 2142 καὶ
1395 2103 1559 2151 ὁόκίδος

116 2156 159 2195 ἐκ
190 2154 328 2207 με’σων
360 2153 720 2209 ἀπαιωρήσαντες,
747 2149 796 2210 ἧς
834 2156 908 2205 τὰς
928 2156 1068 2211 Ιάρχὰς
1102 2159 1193 2198 δυσὶ
1228 2158 1352 2207 νέοις,
1392 2163 1450 2213 τῷ
1480 2160 1556 2212 μὲν

115 2209 259 2261 imas,
288 2214 346 2269 τῷ
380 2212 424 2253 δὲ
456 2211 576 2253 ἔνθεν
607 2213 815 2262 ἐπιθέντες
845 2222 916 2253 etc.
973 2215 1096 2265 Atque
1135 2218 1189 2253 ita
1221 2215 1303 2253 Act.
1336 2216 1381 2255 A.
1407 2216 1460 2255 Χ.
1487 2220 1556 2259 16.

113 2269 248 2308 WEss.

226 2327 301 2366 42.
324 2326 399 2366 44.
430 2327 526 2366 Τῶν
547 2324 588 2366 δ”
614 2323 837 2378 ἔντοσθεν]
871 2327 955 2366 Hoc
980 2330 1110 2366 malui.
1165 2328 1337 2366 Veniunt
1359 2330 1489 2368 eadem
1507 2332 1554 2368 ab

90 2376 264 2433 'origine
294 2380 347 2421 τὰ
391 2380 588 2423 ἕντόσθια
619 2383 950 2434 ἱηίεεῐίηιι,”ξείνο
983 2383 1035 2424 τὰ
1063 2383 1220 2424 ἔσωθεν
1254 2388 1328 2425 τοῦ
1362 2383 1556 2437 σώματος

114 2439 297 2490 κειζιιενα,
336 2442 393 2477 uti
421 2439 641 2495 Etymolog.
669 2443 859 2491 explicat,
894 2448 933 2478 et
970 2440 1208 2481 ἐντοσθίδια
1238 2442 1461 2493 Philosophi
1491 2443 1554 2481 lv.

114 2493 217 2533 Part.
238 2495 403 2535 Animal.
429 2498 471 2536 9.
502 2498 634 2534 WEss.

226 2553 301 2592 42.
324 2553 399 2592 49.
426 2553 606 2606 Πλῆθος
627 2553 682 2600 εἷς
697 2552 933 2607 ταριχείαν]
960 2554 1056 2591 Vide
1077 2553 1337 2593 Xenocratem
1362 2555 1407 2592 de
1440 2556 1553 2594 Alim.

117 2618 165 2644 ex
185 2609 320 2656 piscib.
343 2622 374 2646 c.
397 2609 468 2650 36.
489 2617 527 2646 et
545 2612 648 2647 infra
668 2610 698 2649 1.
728 2611 797 2650 52.
841 2610 977 2650 wass.

227 2663 301 2704 42.
325 2665 394 2705 52.
426 2663 525 2705 ,Ἀπὸ
555 2668 732 2718 θερινῶν
751 2668 948 2718 (τροπῶν]
980 2666 1209 2705 Distinctius
1234 2667 1383 2706 Plinius
1404 2682 1425 2706 a
1445 2669 1554 2707 Luna

114 2731 238 2766 nova,
269 2731 513 2770 quaecunque
537 2730 623 2771 post
640 2724 850 2760 solstitium
870 2731 939 2760 est.
996 2724 1075 2762 Alii
1094 2738 1116 2762 a
1139 2723 1234 2762 Sirii
1263 2732 1370 2772 ortu,
1396 2739 1415 2762 c
1444 2728 1552 2763 cuius

115 2778 230 2813 etiam
249 2779 457 2814 exorientis
478 2778 657 2816 hilariore
676 2781 801 2817 colore
823 2780 868 2816 de
888 2781 1018 2818 futura
1044 2794 1163 2831 aquae
1194 2783 1302 2829 copia
1332 2783 1553 2820 ominaban-

114 2837 190 2878 tur,
221 2839 316 2869 teste
327 2831 620 2882 Hephaestione,
650 2836 695 2872 de
714 2837 821 2873 cuius
845 2837 972 2874 verbis
993 2839 1103 2887 plura
1113 2836 1169 2874 Cl.
1186 2836 1347 2874 Salmas.
1366 2841 1406 2875 in
1428 2838 1550 2877 Solin.

114 2900 150 2937 p.
166 2888 270 2928 303.
282 2895 351 2926 etc.
367 2888 477 2929 Conf.
494 2889 539 2928 1s.
550 2891 659 2929 Voss.
671 2892 716 2929 de
735 2891 816 2929 Nili
826 2892 1019 2944 Origin.c.
1032 2894 1106 2934 48.
1118 2899 1156 2931 et
1166 2906 1279 2944 supra
1290 2907 1320 2931 c.
1338 2895 1549 2935 19.Wuss.
