1828 3253
250 28 344 69 594
716 21 1238 64 ANNOTATIONES

369 137 475 179 504
507 136 582 177 47
619 126 674 175 Ὠ
697 136 933 188 λιπερνῆτες
947 134 1144 189 γεωργοὶ]
1183 136 1342 188 Semper
1370 136 1463 175 haec
1484 138 1577 177 mihi
1609 143 1705 178 scri-

255 204 366 249 ptura
390 195 522 232 multis
541 193 710 259 partibus
734 192 883 230 doctior
903 199 941 228 et
960 195 1099 230 cultior
1118 201 1175 230 est
1193 196 1299 242 visa,
1328 207 1441 244 quani
1470 209 1567 243 quae
1590 196 1706 233 libra-

255 257 400 292 riorum
420 251 578 300 ingenio
598 248 793 287 debeatur.
835 246 1041 299 Πένητες,
1068 252 1133 299 qui
1162 251 1409 300 legebantur,
1440 264 1487 289 ex
1509 251 1708 289 Gramma-

257 313 324 348 tici
345 307 503 347 Scholio
528 307 569 342 in
600 304 696 341 hanc
726 304 854 341 sedem
882 306 1242 356 conmigraverant3
1275 320 1362 344 nam
1391 304 1582 359 λιπερνι]ς
1610 303 1631 346 ὃ
1665 306 1708 346 ἔκ

257 368 362 405 πλοι
356 363 458 404 σίου
487 359 611 413 πένης
651 360 847 411 Hesychio
870 367 980 399 teste.
1032 360 1147 399 Haud
1170 375 1261 400 sane
1281 365 1442 418 ignoro,
1484 366 1526 401 in
1559 363 1709 402 Aristo-

258 422 396 473 phanis
419 419 507 455 Pac.
530 431 568 456 v.
593 419 716 463 602„
746 416 848 453 unde
873 416 966 454 haec
984 425 1176 468 excerpta,
1195 431 1292 465 esse,

417 468 473 514 Ω
483 487 732 542 σοφωτατοι
753 472 945 526 γεωργοὶ,
973 471 1087 526 τάμὰ
1117 471 1167 527 δὴ
1197 473 1348 522 ξυνίετε

422 526 625 582 ιΡήματα.
658 549 707 557 —-

261 590 403 628 Verum
432 589 512 624 illis
539 599 626 624 cum
659 585 801 623 similia
828 584 994 634 prodant
1031 584 1165 625 Critici
1195 593 1346 626 veteres
1377 585 1470 626 haec
1498 576 1647 625 Cratini
1676 593 1715 625 et

262 642 502 691 Archilochi,

419 693 476 739 Ὦ
485 699 730 766 λιπερνῆτες
752 698 939 747 πολῖται,
966 694 1078 751 τάμὰ
1101 695 1151 751 δὴ
1174 696 1326 747 ’ξυνιετε

426 751 613 807 Ῥήματα
646 774 695 782 —-

265 814 373 853 nasci
391 814 525 860 utique
544 812 711 861 suspicio
730 816 870 860 potest,
897 812 988 848 olim
1016 817 1054 847 et
1072 811 1114 848 in
1137 808 1291 848 Comico
1316 811 1436 848 fuisse
1453 802 1509 850 Ω
1528 812 1715 876 {memfi-

265 885 333 917 τες
351 866 519 922 γεωργοὶ
542 873 613 906 etc.
643 887 691 894 —-
725 873 909 916 tantoque
937 869 1081 918 magis,
1113 869 1294 917 quoniam
1317 866 1512 903 Diodorus
1542 868 1597 905 ita
1625 869 1719 904 citat

268 928 424 964 diserte.
457 923 568 968 Quod
587 930 715 960 tamen
734 929 802 960 tuo
825 924 985 961 arbitrio
1006 925 1231 972 permissum
1251 930 1344 960 esto.
1374 923 1473 959 Mihi
1488 937 1574 961 cum
1592 924 1720 961 maxi-

268 997 329 1021 me
356 980 495 1019 sufficit
524 980 738 1017 instaurata
758 978 930 1017 Diodoro
950 982 1087 1017 melior
1107 982 1307 1029 scriptura.
1334 979 1469 1017 WEss.

382 1037 486 1075 Ibid.
525 1031 651 1086 Τάμά
678 1050 740 1082 τις
768 1033 958 1084 ξυνιέτω]
999 1034 1178 1073 Correxit
1198 1034 1499 1073 Rhodomannus
1529 1032 1643 1086 τάμὰ
1665 1026 1716 1087 δὴ

270 1091 445 1143 ξυνίετε,
473 1095 630 1142 insuper
655 1091 866 1130 admonens
894 1106 962 1143 pro
986 1106 1154 1144 ρηματα
1183 1098 1220 1128 et
1237 1087 1341 1142 βοὺλ
1346 1095 1467 1139 zoth,
1495 1088 1643 1146 ῥήματ’
1675 1105 1720 1129 ac

271 1146 468 1202 βούλεσθ’
495 1148 756 1196 scribendum,
785 1151 847 1185 cui
868 1162 946 1186 non
966 1150 1153 1199 refragor.
1181 1148 1318 1185 WESS.

386 1206 490 1245 505.
515 1205 587 1244 50
616 1200 720 1243 Εἶτα
740 1203 985 1257 Περικλέης]
1017 1204 1128 1241 Hanc
1148 1205 1318 1242 eiusdem
1338 1201 1609 1242 Rhodomanni
1629 1217 1722 1241 con-

271 1264 455 1301 iecturam
486 1261 585 1298 liber
622 1258 781 1297 Coislin.
813 1261 999 1298 adfirmat.
1044 1260 1267 1310 Sequuntur
1294 1260 1394 1310 apud
1417 1261 1596 1309 poetam,
1626 1273 1722 1311 quae

273 1320 448 1358 consulto
471 1318 688 1382 neglexisse
720 1316 914 1354 Diodorus
934 1317 1103 1364 videtur,

388 1371 478 1419 Ίὰς
498 1369 642 1426 φύσεις
662 1367 780 1423 ὑμῶν
802 1370 997 1419 ὸεὸοικώς
1017 1373 1083 1411 καὶ
1102 1370 1174 1411 τὸν
1199 1369 1382 1419 αὐτοδὰξ
1403 1368 1573 1423 τρόπον,

385 1428 499 1482 Πρὶν
519 1430 672 1467 παθεῖν
692 1443 730 1467 τι
751 1426 909 1477 δεινὸν,
937 1426 1064 1476 αὐτὸς
1082 1426 1263 1483 ἐξέφλεξε
1284 1443 1359 1481 την
1385 1425 1505 1469 πόλιν

383 1482 612 1537 Ἔμβαλων
634 1492 705 1522 etc

275 1544 377 1585 Nam
401 1541 592 1579 excidisse
612 1542 776 1578 aliorum
794 1542 1055 1592 negligentia,
1081 1553 1162 1578 non
1182 1541 1332 1590 opinor.
1367 1540 1504 1581 Wssss.

392 1598 496 1639 505.
529 1598 599 1637 53.
634 1593 919 1650 Ἐξεφύσησεν
941 1595 1172 1649 τοσοῦτον]
1216 1596 1282 1634 Sic
1303 1597 1591 1646 Aristophanes.
1631 1595 1726 1634 Edi-

276 1666 357 1697 tum
378 1650 601 1707 ἒξεφύσησε
625 1655 827 1692 τοσοῦτον
857 1667 992 1692 versus
1018 1654 1215 1692 modulum
1241 1655 1409 1705 iugulat,
1439 1656 1554 1692 sicuti
1578 1654 1728 1691 monuit

276 1713 591 1753 Rhodomannus.
620 1709 759 1747 WVESS.

393 1767 496 1808 505.
529 1767 600 1806 56.
637 1765 722 1805 Καὶ
751 1761 872 1804 πάλιν
904 1763 946 1805 ἓν
978 1763 1117 1813 ἄλλοις
1137 1762 1316 1812 Εὔπολις
1346 1760 1587 1817 ὅποιητὴς]
1617 1764 1727 1803 Tan-

278 1834 406 1866 tamne
435 1823 647 1860 socordiam
677 1823 717 1858 in
737 1821 910 1859 Diodoro
940 1824 1083 1869 fuisse,
1111 1829 1153 1860 ut
1181 1822 1366 1870 Eupolidi
1395 1824 1591 1869 tribuerit,
1631 1836 1726 1872 quae

279 1879 528 1931 Aristophani
561 1877 772 1916 debentur?
819 1877 961 1929 Culpae
1001 1880 1170 1917 inmunis
1210 1879 1311 1926 erit,
1351 1879 1464 1917 modo
1503 1879 1724 1918 refinxeris:

278 1939 365 1982 Καὶ
392 1932 514 1976 πάλιν
544 1933 585 1974 ἕν
615 1931 767 1983 ἄλλοις,

450 2013 499 2020 -
563 2011 611 2019 --
660 1987 890 2057 Περικλέης
911 1985 1138 2057 ὃύλὺμπιος

434 2045 723 2113 ’Ὴστραπτεν,
731 2043 949 2114 ἐβρόντα,
979 2042 1176 2095 ξυνεκύκα
1195 2042 1272 2099 τὴν
1293 2041 1486 2087 Ἑλλάδα.

280 2101 462 2151 Εὔπολις
487 2099 570 2142 ‹53‘
553 2119 573 2143 0
595 2117 779 2154 ποιητης·

445 2155 597 2200 Πειθώ
627 2174 688 2205 τις
709 2153 981 2208 ἒπεκάθιζεν’
963 2158 1027 2198 επὶ
1049 2163 1136 2206 τοῖς
1160 2157 1334 2210 χείλεσιν

450 2212 596 2262 Οἴτως
624 2211 753 2266 ἕκηλει
773 2222 845 2253 etc.

279 2272 381 2311 Nam
400 2274 529 2321 priora
546 2274 588 2308 in
608 2270 752 2309 Comici
772 2271 1009 2311 Acharneus,
1030 2285 1069 2311 v.
1097 2270 1200 2311 529.
1227 2277 1395 2318 restant,
1423 2270 1637 2320 posteriora
1655 2270 1730 2307 ibi-

282 2330 368 2366 dem
388 2326 524 2365 Critici
545 2340 592 2364 ex
613 2327 814 2375 Eupolidis
836 2324 1000 2380 Δήμοις
1019 2328 1267 2366 advocarunt.
1294 2327 1418 2376 Atque
1440 2330 1494 2364 ita
1516 2325 1729 2363 Diodorum

283 2386 469 2433 explicuit
479 2385 790 2421 accuratissimus
810 2384 852 2420 P.
864 2385 1081 2433 Leopardus
1092 2383 1293 2422 Emendat.
1313 2383 1356 2422 L.
1370 2383 1415 2420 V.
1433 2384 1502 2422 14.
1522 2390 1559 2419 et
1571 2382 1612 2419 L.
1624 2381 1729 2419 XVI.

287 2442 373 2487 14.,
392 2452 503 2489 quem
524 2452 693 2488 sequere,
714 2442 748 2477 si
772 2441 888 2480 lubet.
920 2438 1016 2477 Mihi
1036 2440 1196 2477 necdum
1217 2442 1345 2477 omnia
1366 2439 1553 2487 expedita.
1581 2437 1730 2487 Scripsi

281 2494 517 2548 ἤστραπτεν
532 2497 579 2532 ob
591 2495 748 2533 Poetam
769 2503 806 2532 et
815 2496 906 2533 cod.
927 2495 1056 2543 Coisl.,
1070 2509 1295 2546 quamquam
1306 2497 1374 2533 alii
1392 2492 1609 2548 ἤστραπτ’,
1630 2496 1730 2531 cele-

282 2553 544 2591 bratissimum
563 2550 665 2589 hunc
686 2554 809 2589 locum
830 2555 1005 2599 citantes,
1035 2553 1080 2589 de
1101 2554 1236 2603 quibus
1258 2551 1299 2589 L.
1322 2551 1476 2589 Kuster.
1497 2551 1544 2588 ad
1564 2550 1730 2587 Acharn.

282 2623 320 2647 v.
346 2609 449 2648 529.
480 2607 614 2644 VVESS.
674 2607 724 2644 Vt
743 2608 1037 2660 VVesselingiuS,
1062 2611 1114 2646 ita
1133 2612 1208 2646 iam
1232 2609 1379 2646 lebbius
1398 2608 1446 2645 ad
1468 2606 1627 2644 Aristid.
1650 2607 1726 2644 vol.

283 2665 329 2702 11.
354 2678 389 2715 p.
412 2665 543 2710 574..
572 2665 649 2701 nisi
678 2665 778 2714 quod
812 2664 874 2703 hic
898 2665 968 2705 καὶ
1000 2662 1179 2712 Εὔπολις
1205 2660 1224 2705 ὁ
1257 2660 1439 2717 ποιητής.
1480 2662 1558 2700 Sed
1585 2664 1726 2700 rectius
