1828 3253
465 122 527 162 IN
563 119 906 163 LIB.1.,CA1¹.
938 119 1013 161 79.
1034 140 1080 186 ἡ
1106 123 1178 162 81.
1458 122 1547 164 127

121 243 241 287 gypto
268 236 387 274 fuisse
414 237 572 282 illicita,
597 234 712 272 facile
740 246 788 270 ex
806 231 1036 282 Rampsiniti
1050 233 1163 272 rebus
1182 241 1219 271 et
1239 234 1549 285 ingeniosissimo

121 294 207 331 fure
224 293 323 342 apud
345 291 528 333 Herodot.
551 289 597 327 Π.
624 292 724 331 121.
753 291 928 341 colligas.
953 289 1100 334 Wnss.

235 350 309 388 91.
335 349 406 388 59.
447 348 659 397 Γαμοῢσιν
691 344 806 395 ἱερεῖς
837 343 973 398 μίαν]
1007 344 1161 382 Similes
1189 347 1350 384 aliarum
1377 350 1549 399 gentium

123 404 415 441 consuetudines
424 402 648 452 llieronym.
668 402 712 438 (le
724 401 939 452 Monogam.
955 402 1003 438 ad
1024 401 1246 447 Gerontiam
1266 411 1302 438 et
1321 403 1388 440 liz.
1404 403 1547 453 Spanh.

121 462 165 498 in
185 458 402 499 callimach.
429 472 464 508 p.
489 459 591 499 506.
621 460 850 507 exsequitur.
904 457 1164 494 Hebraeorum
1193 459 1409 507 pontificem
1434 472 1549 498 unam

123 527 278 564 eamque
302 516 500 566 ,virginem
540 515 614 552 sibi
653 516 824 551 iunxisse
853 526 902 550 ex
930 514 1054 551 Levit.
1084 513 1196 559 XXI.
1236 515 1302 553 13.
1334 514 1445 552 Philo
1467 515 1548 553 lud.

124 572 170 608 de
188 570 382 609 Monarch.
401 584 435 620 p,
459 572 562 612 826.
582 569 629 607 D.
661 570 864 620 pertendit.
922 570 1032 614 Quod
1061 583 1153 607 vero
1184 570 1337 613 additur
1373 572 1418 607 de
1447 579 1549 615 cctee

121 631 176 665 ris
195 627 427 678 Aegyptiis„
445 627 485 664 id
507 625 724 671 Herodotus
749 633 884 677 negat,
912 628 1084 678 singulas
1109 638 1250 669 uxores
1276 628 1356 664 illis
1385 629 1550 679 iungens

120 683 170 721 Π.
191 685 264 724 92.
293 677 448 727 wEssss,
670 721 673 725 ,
1027 713 1046 733 ..³
1158 712 1161 722 2
1222 681 1225 683 ’

234 740 307 780 91.
331 741 403 780 61.
437 736 502 778 Τὰ
524 734 753 791 γεννώμενα
781 734 916 778 πάντα
937 736 1152 793 τρέφουσι]
1181 738 1266 777 Mos
1280 739 1390 787 idem,
1411 747 1448 777 et
1469 754 1550 778 me-

120 797 326 842 ritissimo,
353 798 461 846 genti.
483 794 690 832 Hebraeae.
718 794 841 832 Tacit.
862 796 906 832 V.
929 795 1074 833 Histor.
1095 797 1133 835 5.
1170 796 1385 846 Augendae
1406 803 1550 845 tamen,

116 850 169 888 de
197 851 346 889 Iudaeis
374 853 475 902 agit,
512 853 755 890 multitudini
785 853 1028 889 consulitur:
1062 866 1155 899 ⁴nam
1188 860 1227 889 et
1256 866 1401 890 necare
1420 867 1553 904 quem-

121 920 239 958 quam
271 921 320 946 ωε
351 910 513 957 agnatis
540 907 670 954 nefas.
727 907 860 955 Philo,
892 911 953 945 cui
980 908 1226 946 inhumanum
1256 908 1327 946 hoc
1356 923 1552 960 exponen,-

123 964 258 1002 dorum
279 965 484 1001 infantium
502 964 712 1014 flagitium,
736 963 953 1016 χειροηθές
977 962 1167 1016 ἀσέβημα
1196 972 1350 1014 propter
1369 967 1551 1016 frequen-

123 1023 280 1062 temin,
298 1022 381 1068 ipsa
409 1019 606 1071 Aegypto,
639 1034 706 1057 sua
734 1028 879 1068 aetate,
907 1034 1038 1067 usum,
1064 1021 1110 1057 de
1139 1023 1261 1070 patrio
1289 1024 1367 1060 ritu
1392 1029 1430 1059 et
1447 1036 1552 1060 more

120 1077 339 1118 liberorum}
358 1079 527 1118 omnium
555 1077 776 1114 alendorum
797 1080 949 1130 egregie
971 1077 1205 1127 disputatae
1225 1078 1314 1129 Leg.
1334 1077 1497 1129 Special.
1515 1093 1551 1130 p.

125 1133 228 1172 794.
260 1133 392 1171 Wssss.
1159 1137 1166 1141 ”
1528 1145 1538 1178 f

235 1190 308 1229 91.
331 1190 404 1229 69.
431 1185 648 1235 Ἐναντίως
664 1185 958 1242 τοῖς(Έλλησι]
991 1190 1180 1239 Graecis,
1198 1193 1311 1236 sicuti
1331 1192 1553 1243 Theophra-

121 1250 204 1283 stus
229 1251 362 1283 auctor
381 1251 440 1281 est
460 1245 527 1283 111.
550 1245 652 1282 Hist.
670 1245 795 1282 l'lant.
816 1248 877 1293 6.,
908 1244 1053 1296 σχεδὸν
1083 1244 1162 1291 ὅσα
1182 1251 1376 1289 καλοῦσιν
1399 1247 1553 1305 ἅρῥενα

114 1302 205 1340 -τιῦν
233 1296 438 1353 ὁμογενῶν
459 1298 638 1353 ἄκαρπα.
696 1301 777 1338 Nec
796 1302 972 1340 dissentit
1001 1303 1172 1352 Plinius,
1200 1305 1475 1356 Aegyptiorum
1494 1315 1554 1344 ta·-

121 1370 208 1394 men
225 1355 324 1405 hunc
346 1369 488 1394 morem
508 1371 586 1394 non
605 1361 934 1407 praetermittens,
949 1359 1028 1396 Fit
1052 1360 1157 1401 haec,
1176 1362 1407 1411 dqfferentia
1433 1370 1474 1400 et
1502 1377 1552 1401 ea:

121 1424 244 1460 sem&
266 1415 321 1450 ¹in
360 1415 485 1463 iisque
504 1449 506 1451 ,
523 1423 654 1451 mares
683 1425 765 1450 nom
783 1415 945 1460 serant.
999 1416 1136 1467 Aliqui
1153 1417 1246 1461 fiae
1263 1426 1553 1470 permutantes,

122 1482 254 1508 mares
274 1482 356 1507 esse
377 1470 657 1519 quaeserunt,
688 1472 856 1509 tradunt
871 1471 977 1508 XVI.
994 1471 1043 1509 H.
1062 1473 1108 1514 N.
1131 1475 1204 1517 26.
1232 1474 1366 1517 WVESS.
1537 1500 1540 1515 ;

234 1527 308 1565 91.
339 1527 409 1565 72.
446 1523 513 1564 Ἐκ
544 1529 617 1578 τῆς
645 1522 805 1577 βύβλου
835 1526 1087 1581 πυθμένων]
1127 1528 1315 1568 Medullas
1343 1530 1554 1581 Rhodam,

124 1595 193 1632 ego
214 1584 331 1619 imum
349 1584 485 1631 papyri
503 1581 676 1632 thyrsum
695 1584 844 1620 malim:
903 1586 958 1621 sic
977 1582 1160 1636 ἀμπέλου
1188 1584 1383 1638 πυθμένα
1413 1587 1553 1626 Strabo

123 1637 172 1674 11.
193 1651 229 1687 p.
254 1638 353 1677 125.
373 1645 411 1674 et
430 1637 662 1686 X1.p.785.
687 1637 760 1685 C.,'
777 1638 971 1690 πυθμένα
993 1643 1067 1680 τοῦ
1089 1640 1271 1694 φοίνικος
1289 1643 1483 1682 Plutarch.
1506 1645 1554 1682 T.

122 1693 170 1731 II.
189 1707 225 1743 p.
249 1695 351 1734 166.
376 1693 420 1731 Α.
449 1701 487 1733 et
513 1693 705 1744 πυθμένα
732 1697 807 1734 τοῦ
835 1697 967 1747 πυροῦ
997 1695 1250 1746 Theophrast.
1280 1699 1327 1736 ΙΙ.
1357 1699 1407 1737 H.
1428 1700 1488 1738 Pl.
1507 1703 1550 1742 3.

123 1753 239 1796 vitis,
274 1751 419 1798 palmae
450 1751 638 1799 culmique
670 1753 810 1793 triticei
840 1759 986 1799 partem
1012 1753 1182 1791 infimam
1209 1762 1360 1795 vocant.
1418 1756 1554 1795 Mandi

122 1819 214 1846 vero
234 1809 276 1844 in
296 1805 470 1857 Aegypto
490 1819 572 1844 eam
591 1809 726 1856 papyri
746 1809 992 1856 particulam,
1019 1821 1114 1858 quae
1136 1810 1258 1847 radici
1279 1825 1397 1860 paene
1415 1813 1554 1851 cohae-

115 1869 282 1910 ret,>ex
300 1861 485 1901 Herodot.
506 1862 555 1899 11.
578 1865 653 1903 92.
677 1866 878 1911 novimus,
908 1871 946 1901 et
974 1864 1181 1903 Melchiore
1202 1866 1458 1915 Guilandino,
1487 1872 1553 1919 qui

124 1931 165 1956 se
183 1919 221 1956 id
244 1931 355 1967 saepe
374 1920 517 1956 vidisse
536 1926 730 1956 asseverat
748 1922 788 1955 in
809 1919 1016 1957 Comment.
1040 1921 1085 1957 de
1105 1921 1244 1972 Papyr.
1264 1937 1300 1972 p.
1321 1926 1391 1964 80.
1418 1925 1552 1963 WEss.

235 1975 309 2015 91.
335 1976 407 2014 74.
443 1974 529 2014 Καὶ
560 1978 643 2014 τῶν
674 1977 836 2014 καυλῶν
868 1978 950 2015 τῶν
979 1972 1139 2024 ἑλείων]
1182 1979 1438 2028 Arundinem,
1478 1979 1552 2021 τὸν

114 2026 310 2080 ,κάλαμον
338 2027 410 2070 τὸν
441 2029 482 2070 ἐν
509 2036 596 2077 τοῖς
630 2029 757 2078 ἕλεσι,
789 2035 854 2081 qui
882 2039 919 2069 et
946 2035 1134 2070 suavitate
1167 2042 1205 2071 et
1236 2037 1407 2074 alimenti
1443 2040 1554 2087 copia

123 2088 349 2136 praestabat,
383 2085 645 2135 Theophrasto
666 2087 730 2124 Vl.
750 2086 880 2125 Causs.
897 2087 1023 2125 Plant.
1041 2091 1109 2129 16.
1135 2091 1273 2128 indice.
1330 2092 1426 2130 Vide
1446 2107 1551 2142 supr.

115 2156 156 2180 c.
182 2145 251 2183 10.
278 2150 316 2180 et
346 2154 440 2191 quae
469 2143 514 2179 de
544 2143 604 2180 his
631 2143 906 2193 Aegyptiorum
936 2146 1076 2193 plantis
1106 2149 1258 2196 copiose
1287 2155 1324 2185 et
1355 2162 1439 2187 eum
1461 2163 1553 2188 cura

125 2199 336 2248 disputavit
366 2198 413 2235 O.
433 2198 653 2236 Borrichius
671 2199 840 2236 Hermet.
861 2213 893 2238 c.
914 2201 956 2239 4.
986 2201 1118 2238 Wssss.

239 2257 311 2294 91.
335 2256 406 2294 75.
427 2253 706 2295 Ἀνυποὸέτιιψ
726 2255 825 2305 εἴα]
864 2255 1128 2306 Phrynichus,
1156 2256 1321 2307 Moeris,
1346 2259 1486 2305 Suidas
1514 2269 1553 2299 et

127 2309 293 2348 Thomas
317 2310 500 2361 Magister
521 2325 654 2348 vocem
683 2312 886 2357 damnant,
914 2313 1119 2350 substituta
1147 2311 1428 2368 ἀνυποδήτων.
1459 2331 1554 2368 quo·-

117 2379 210 2403 -rum
233 2366 424 2414 decretum
449 2367 586 2417 Lysias
613 2371 654 2405 in
680 2366 861 2417 Dionysii
883 2366 929 2404 T.
952 2368 1000 2405 11.
1019 2382 1053 2418 p.
1075 2370 1148 2409 90.
1172 2370 1318 2408 Aelian.
1340 2373 1421 2410 VH.
1441 2374 1485 2415 V.
1504 2374 1554 2411 H.

131 2423 202 2462 13.
226 2429 264 2459 et
281 2422 335 2460 X.
353 2421 403 2458 H.
427 2422 472 2459 A.
492 2425 568 2463 24.
595 2424 750 2475 Longus
778 2423 825 2459 ll.
852 2422 998 2461 Pastor.
1025 2438 1060 2474 p.
1084 2427 1156 2465 67.
1185 2427 1342 2464 Lucian.
1363 2431 1404 2465 in
1426 2429 1553 2467 Icaro-

126 2481 266 2527 menip.
289 2485 327 2515 et
345 2477 452 2516 Asin.
475 2486 512 2515 et
528 2479 667 2516 Noster
695 2484 808 2517 etiam
827 2478 892 2515 111.
914 2480 986 2518 34.
1006 2481 1218 2528 repudiant.
1253 2483 1386 2520 xvi-ss,

238 2535 311 2574 91.
327 2536 397 2574 80.
422 2535 766 2591 ῙΙολυανθρωπίᾳ
789 2533 1013 2588 διαφέρειν]
1044 2535 1152 2573 Conf.
1162 2550 1262 2586 supr.
1275 2553 1307 2579 c.
1323 2540 1394 2580 31.
1418 2540 1551 2580 Wnsez.

239 2590 312 2629 91.
336 2591 406 2630 83.
446 2587 510 2628 Τά
541 2606 584 2630 τε
615 2589 702 2644 ἱερὰ
734 2586 993 2640 καλοί-μενοι]
1035 2591 1248 2632 Literarum
1279 2595 1555 2646 Aegyptiarum

127 2647 200 2682 tria
219 2648 456 2694 potissimum
476 2653 582 2683 erant
614 2661 777 2697 genera,
804 2643 855 2684 τὰ
890 2645 1280 2703 ἕπιστολογραφικά,
1308 2649 1488 2703 ἱερατικά
1517 2659 1556 2689 et

129 2699 412 2754 ἶερογλτᾳικὰ,
441 2715 599 2751 quorum
628 2706 754 2752 priora
781 2697 955 2753 ὸήμώὸή
984 2710 1093 2740 erant
1118 2711 1156 2741 et
1180 2706 1424 2753 dicebantur,
1453 2708 1554 2756 quod

128 2769 258 2794 omnes
289 2771 309 2794 e
338 2758 456 2808 vulgo
488 2771 532 2795 ea
561 2759 830 2807 edocerentur,
858 2759 1024 2808 reliqua,
1053 2772 1147 2810 quae
1166 2775 1242 2800 uuo
1262 2760 1379 2816 ἱερῶν
1401 2766 1554 2801 nomine
