1828 3253
316 155 408 195 724
789 153 1317 194 ANNoTA'rl‘ONES

318 280 490 317 quoque,
528 273 570 303 ut
601 267 647 304 ad
675 280 804 318 regem
831 270 1072 316 mitteretur,
1114 282 1136 306 a
1170 268 1417 307 Pharnabazo
1445 272 1618 320 petiisse,
1649 271 1767 308 addit.

325 325 492 372 Utraque
518 337 609 372 ergo
633 325 758 361 caedis
780 338 914 361 caussa
936 338 1024 361 vera
1045 339 1128 362 esse
1150 329 1298 376 poterit.
1327 326 1461 366 Wuss,

439 394 544 431 (547.
560 394 632 431 91.
666 388 904 431 mmmmm
924 391 1001 444 γὰρ
1021 393 1245 446 ἐμφανίσαι
1268 393 1527 445 πρῶτονπο]
1556 393 1641 431 Hoc
1659 396 1770 431 malo.

324 448 469 485 Vitium
498 456 555 484 est
581 451 894 494 amanuensium,
927 445 1157 498 βούλεσθαι
1181 457 1219 486 et
1244 445 1519 500 βοτλεῦεσθαι
1541 452 1770 500 permiscere

327 504 579 542 adsuetudine
599 505 760 554 quadani
783 507 1082 545 instituentium.
1113 505 1223 543 Conf.
1243 520 1273 543 c.
1288 509 1358 546 82.
1384 509 1557 544 inferius.
1589 508 1723 545 XVEss.

442 573 546 611 6⁷17.
578 574 620 611 2.
650 569 731 610 ''Ev
761 588 839 611 τινι
869 570 983 626 κώμῃ
1016 576 1098 625 τῆς
1117 573 1330 626 Ψρνγιίκς]
1362 574 1446 610 Vici
1472 588 1609 612 nomen
1635 574 1771 612 Athen.

328 631 498 665 servavit
529 628 567 664 L.
588 627 694 664 Xffl.
722 643 757 678 p.
790 630 891 668 5721.
914 629 957 665 E.
989 630 1056 668 καὶ
1085 628 1316 669 ἀποθανὼν
1347 628 1551 683 ἒκιμῖθῦἂη
1583 630 1773 683 (Alcibia-

328 685 415 730 des)
444 684 483 722 εῗι·
507 683 704 737 ζἸΙῡλιίῑσΙι]
731 682 849 737 κώμῃ
876 688 947 734 Τῆς
975 686 1181 738 Φονγίας,
1208 686 1516 736 ἐπιβουλευθεὶς
1542 684 1622 727 ὑπὸ
1651 689 1774 738 Φαρ-

334 739 523 789 ναβάζου.
559 742 625 789 qni
646 742 798 788 quidem
822 742 985 779 ,Melissa
1009 746 1116 780 vicus
1138 747 1238 780 inter
1261 743 1447 793 Synnada
1469 752 1507 781 et
1529 744 1775 792 Metropolin,

330 799 520 847 Phrygiae
544 798 668 843 urbes,
698 801 946 847 interpositus
967 808 1068 846 erat,
1098 803 1155 837 uti
1174 799 1314 836 ibidem
1337 799 1540 839 indicatur.
1566 802 1702 838 W'Ess.

441 866 546 904 (317.
581 866 619 904 7.
664 861 827 912 [maog
856 864 923 917 ἔτι)
953 863 1246 918 ἐννενήκοντα]
1290 867 1439 904 Aevum
1460 867 1671 905 Democriti
1691 870 1774 905 lon·
1827 863 1828 866 ¹

332 926 418 972 gius
439 921 654 957 extendunt
678 925 906 972 scriptorum
928 925 1016 970 alii,
1049 926 1161 961 annis
1189 924 1284 960 illud
1304 931 1369 960 aut
1387 934 1470 963 c1X.
1501 931 1568 962 aut
1589 935 1668 961 etv.
1701 927 1776 961 cir-

332 980 647 1015 cinum-vibentes
678 976 908 1016 Dissensum
932 981 1152 1017 iudicarunt
1175 979 1226 1017 lo.
1248 979 1436 1017 Meursius
1456 981 1501 1017 de
1521 980 1707 1017 Archont.
1733 979 1774 1016 L.

334 1035 400 1071 lli.
435 1037 501 1074 123.
523 1042 561 1069 et
581 1034 714 1084 Aegid.
736 1034 887 1087 Menag.
918 1036 963 1072 ad
994 1036 1118 1073 Laert.
1144 1036 1212 1073 [X.
1233 1037 1322 1082 43„
1354 1039 1394 1073 in
1416 1038 1503 1074 vitii
1523 1039 1778 1086 suspicionem

333 1091 404 1127 hos
436 1104 584 1139 quoque
615 1101 667 1126 xc
698 1104 821 1128 annos
849 1101 1046 1130 vocantes.
1086 1092 1233 1130 Dubito
1251 1107 1300 1130 an
1323 1095 1481 1130 iniuria:
1511 1107 1601 1131 nam
1622 1107 1709 1130 cum
1732 1093 1778 1130 de

333 1161 435 1184 anno
458 1147 671 1184 Democriti
691 1141 813 1185 natali
833 1157 870 1185 et
891 1149 936 1185 ‹lc
962 1152 1063 1187 vitae
1087 1153 1210 1198 spatio
1234 1156 1343 1186 tanta
1364 1151 1466 1186 inter
1484 1157 1636 1188 veteres
1656 1151 1779 1186 inter-

335 1205 445 1240 cedat
467 1204 681 1251 discordia,
715 1219 782 1241 cur
804 1208 872 1242 uni
894 1219 981 1255 prae
1004 1209 1143 1242 ceteris
1165 1204 1473 1256 praerogativam
1494 1207 1655 1244 dandam
1678 1206 1779 1244 iudi-

336 1259 532 1297 cabimus?
563 1260 605 1296 Id
627 1260 721 1298 mihi
741 1269 868 1313 tam-en
893 1265 985 1299 satis
1007 1263 1188 1312 adparet,
1219 1271 1349 1299 natum
1371 1276 1452 1299 esse
1474 1276 1551 1300 non
1570 1277 1680 1313 posse
1701 1262 1779 1299 De-

336 1320 540 1354 mocritum
572 1324 638 1353 aut
657 1318 812 1368 Ulymp.
835 1329 977 1366 Lxxx.,
1011 1331 1105 1368 quae
1128 1318 1352 1368 Apollodori
1381 1321 1588 1367 sententia,
1615 1327 1693 1366 aut,
1722 1319 1780 1356 uti

337 1375 564 1423 opinabatur
582 1372 826 1424 Thrasyllus,
842 1389 944 1412 anno
965 1379 1080 1413 tertio
1099 1376 1252 1426 Olymp.
1272 1386 1431 1412 Lxxvu.
1461 1375 1543 1425 lpse
1568 1378 1670 1413 enim
1693 1388 1782 1424 pro-

335 1431 460 1467 fessus
491 1436 594 1475 erat,
647 1442 686 1465 se
715 1429 864 1482 μικρὸν
896 1445 1005 1469 suum
1039 1428 1283 1482 Aw'txoogmv
1320 1435 1567 1481 conposuisse
1601 1445 1703 1469 anno
1733 1432 1780 1469 ab

337 1501 471 1523 eversa
491 1485 610 1522 Troia
627 1496 809 1525 DCCXXX.
840 1488 939 1537 apud
960 1488 1173 1539 Diogenem
1197 1488 1263 1524 [X.
1284 1489 1372 1534 43„
1400 1491 1482 1524 sive
1502 1491 1605 1525 circa
1625 1488 1779 1538 Olymp.

336 1553 464 1579 Lxxx.
485 1550 700 1581 exeuntem.
733 1542 889 1580 Rectius
904 1552 1104 1593 propterea
1123 1544 1278 1589 Noster,
1297 1547 1404 1581 cuius
1424 1556 1471 1581 ex
1491 1546 1683 1581 sententia
1703 1547 1782 1594 pri-

336 1613 438 1636 mam
461 1601 582 1635 lucem
604 1598 847 1637 Democritus
867 1600 1022 1651 Olymp.
1041 1611 1155 1637 LXXI.
1183 1601 1232 1637 ad
1252 1601 1367 1637 finem
1389 1609 1571 1652 vergente
1592 1601 1781 1651 adspexit.

337 1656 435 1693 Vide
454 1663 492 1692 et
521 1654 766 1706 Scaligerum
792 1656 839 1693 ad
862 1656 1004 1697 Euseb.
1036 1657 1177 1694 Chron.
1202 1671 1240 1696 n.
1263 1656 1444 1694 MDCXI.
1477 1657 1613 1697 Wrss.

453 1724 558 1764 647·
593 1726 633 1764 8.
666 1716 904 1776 Λασθένην
932 1740 973 1765 τε
1003 1722 1077 1765 τὸν
1112 1723 1301 1777 Θηβαῖον
1327 1723 1427 1777 etc.]
1457 1725 1518 1762 Ex
1536 1726 1783 1776 sequentibus

337 1787 443 1831 patet
481 1793 565 1816 eum
603 1793 798 1822 cursorem
823 1783 956 1819 fuisse.
1002 1782 1079 1819 Sed
1109 1782 1260 1830 quando
1300 1794 1414 1830 supra
1445 1782 1540 1820 dicit
1579 1781 1783 1819 Crocinam

338 1837 566 1874 Thessalum
580 1836 820 1875 Larissaeum
840 1841 980 1876 vie-isse
1001 1839 1166 1876 stadium
1182 1841 1221 1875 in
1245 1838 1312 1875 hac
1326 1839 1567 1888 Olympiade,
1585 1846 1717 1885 restat,
1737 1845 1782 1875 ut

337 1894 507 1931 dicamus
537 1889 700 1944 δόλιχον
723 1896 787 1932 vel
814 1894 983 1934 δίαυλον
1005 1897 1147 1933 vicisse
1168 1895 1268 1932 hunc
1295 1894 1536 1932 Lasthenem.
1583 1894 1661 1932 Sed
1684 1895 1782 1935 doli-,

339 1950 453 1988 chum
472 1952 593 2001 magis
613 1953 874 2004 convenitei,
901 1954 964 1989 eui
985 1959 1138 1990 tantum
1157 1954 1314 2001 spiritus
1334 1953 1569 2000 suppetebat,
1597 1959 1641 1988 ut
1664 1965 1687 1988 a
1707 1949 1781 1988 Co-

337 2009 449 2044 ronia
473 2005 624 2043 Thebas
647 2019 766 2055 usque
793 2007 1060 2045 indesinenter
1082 2021 1239 2045 currens
1263 2021 1401 2056 equum
1420 2010 1671 2045 exercitatum
1693 2006 1780 2044 ath-

337 2065 493 2101 leticum
516 2065 705 2100 vinceret.
731 2063 823 2101 Fuit
844 2071 970 2102 autem
992 2064 1168 2102 dolichus
1193 2065 1333 2115 viginti
1356 2064 1581 2111 stadiorum,
1604 2071 1648 2101 ut
1669 2064 1781 2101 docet

337 2118 542 2169 Sophoclis
563 2116 802 2158 Scholiastes
821 2122 870 2158 ad
890 2121 1083 2159 Electram
1106 2118 1163 2174 (v.
1185 2118 1312 2171 687.)
1340 2121 1469 2157 PALM.
1710 2133 1713 2135 “

450 2188 557 2227 647.
586 2189 656 2227 12.
674 2184 914 2241 ’ῘΕρῤουκαν
938 2185 1056 2228 πόλιν
1077 2183 1334 2239 Οὐόλσκων]
1364 2187 1466 2225 Bene
1487 2191 1692 2238 interpreS,
1715 2187 1781 2225 Li-

336 2245 442 2280 vium
461 2250 636 2289 secutus,
669 2246 730 2281 cui
758 2258 906 2293 semper
931 2244 1218 2284 VERRL'GO,
1268 2245 1354 2283 vid.
1387 2244 1427 2281 L.
1452 2245 1512 2283 lv.
1537 2247 1608 2286 58.
1640 2252 1679 2281 et
1707 2244 1778 2283 Ph.

336 2298 557 2337 Cluverium
582 2299 667 2337 Ital.
691 2301 822 2350 Antiq.
841 2302 882 2338 L.
903 2302 968 2339 ΙΙΙ.
987 2316 1022 2352 p.
1047 2304 1181 2342 1031.
1212 2301 1345 2339 WVESS.

450 2357 555 2396 648-
584 2359 654 2396 17·
681 2353 862 2408 ''Apyscov
882 2357 1134 2411 Εὐκλείδης]
1168 2358 1443 2395 Nobilissinius
1463 2355 1576 2394 huius
1596 2356 1781 2393 Euclidae

334 2414 582 2462 magistratus
596 2420 667 2460 est,
693 2415 794 2464 quod
813 2422 894 2452 tum
915 2417 1067 2452 exsules
1087 2417 1127 2452 in
1146 2416 1277 2452 urbem
1296 2414 1495 2460 redierint,
1518 2413 1782 2450 dominatione

334 2479 427 2505 xxx
448 2469 619 2506 virorum
641 2472 847 2508 exstincta.
875 2471 1005 2521 Itaque
1024 2471 1097 2509 huc
1116 2474 1312 2521 pertinent
1332 2473 1472 2516 onmia,
1490 2482 1586 2518 quae
1608 2469 1779 2516 'sin-asy-

335 2525 467 2562 bulum
488 2538 763 2575 oppressosque
780 2535 968 2577 tyrannos
983 2530 1190 2574 illustrant,
1205 2528 1268 2564 sed
1293 2541 1314 2564 a
1328 2528 1471 2564 Nostro
1490 2539 1570 2563 non
1589 2528 1671 2562 sine
1688 2537 1778 2573 gra-

334 2584 374 2618 vi
394 2595 522 2618 errore
540 2585 582 2619 in
600 2586 723 2626 serius
743 2591 891 2632 tempus
911 2587 1044 2631 relata,
1065 2586 1122 2622 uti
1142 2584 1386 2625 conmodiore
1406 2584 1491 2619 loco
1507 2583 1664 2619 dicetur.
1679 2579 1776 2616 Vide

330 2649 435 2675 nunc
454 2638 614 2676 Lucian.
636 2639 809 2677 Hermot.
830 2655 861 2678 c.
886 2643 959 2681 76.
990 2649 1028 2678 et
1046 2653 1140 2690 quae
1159 2642 1214 2678 ibi
1236 2647 1382 2677 veteres
1403 2638 1548 2676 Critici.
1580 2636 1712 2673 lVEss.

443 2697 548 2736 648.
577 2697 651 2735 20-
692 2696 778 2735 Καὶ
811 2696 1025 2747 Τερέντιος
1054 2694 1283 2748 Μάξιμος]
1318 2696 1532 2732 Tribunum
1555 2692 1656 2730 hunc
1671 2693 1774 2729 mili-

326 2755 444 2787 tarem
465 2753 565 2789 unde
583 2756 788 2801 acceperit,
818 2756 966 2792 nescire
986 2768 1045 2791 me
1064 2755 1199 2791 fateor.
1230 2752 1365 2789 Livius
1385 2750 1570 2786 Numerio
1592 2749 1711 2786 Fabio
1733 2755 1771 2784 et

318 2803 360 2841 L.
392 2806 546 2846 Valerio
574 2809 700 2851 Potito
729 2812 898 2862 collegas
927 2812 1104 2861 adiungit
1142 2809 1189 2850 P,
1224 2815 1263 2845 et
1289 2808 1356 2846 Cn.
1391 2807 1596 2844 Cornelios
1627 2805 1767 2842 Cos-sos
