1828 3253
299 137 363 181 94
757 129 1276 191 ANNoTATJoNEs

297 252 435 290 statuis
458 247 680 287 excidendis
697 244 831 298 aptus,
867 254 906 286 et
924 247 1127 299 Syenites,
1169 262 1190 285 e
1207 261 1280 299 quo
1298 262 1409 301 reges
1427 249 1590 300 quodam
1607 258 1730 289 certa-

297 311 401 347 mine
420 308 627 353 obeliscos,
661 303 745 342 Soli
771 312 961 352 sacratos,
999 305 1123 341 fecere
1153 306 1252 354 apud
1273 305 1444 343 Plinium
1469 306 1661 347 XXXVI.
1681 308 1732 345 H.

295 364 347 402 N
369 367 408 404 S.
464 361 523 398 De
549 368 710 410 utroque
737 364 889 412 egregie
915 360 1017 398 Blas.
1046 360 1298 411 Caryophilus
1328 363 1374 399 de
1404 362 1582 400 Marmor.
1601 363 1729 414 Antiq.

323 421 464 461 .106
487 424 526 455 et
550 419 652 458 116.
679 417 812 456 Wnss.

410 477 483 522 67.
512 475 583 514 33.
621 473 705 513 Και
738 471 784 513 τὸ
815 475 894 526 πὶῆ
902 476 979 520 θος
1006 475 1089 513 τῶν
1116 470 1352 527 ποοσόὸων]
1392 474 1612 513 Firmantur
1639 474 1730 513 haec

296 532 455 571 mirifice
475 544 498 568 a
519 530 644 567 lacit.
665 530 711 567 Π.
731 531 871 568 Annal.
895 533 992 571 60.·
984 559 993 577 ,
1023 533 1104 567 eius
1123 532 1225 568 enim
1244 529 1401 568 Ramses
1423 535 1505 570 sive
1529 531 1729 569 Ramesses

297 603 321 628 a
340 587 556 627 Sesostride
576 600 655 623 non
674 593 732 623 est
753 588 818 624 div
822 600 950 634 ersus,
975 594 1018 624 ut
1035 600 1148 636 supra
1168 588 1321 625 dictum.
1353 588 1402 625 11
1406 599 1485 626 Ess.

408 646 481 685 67.
500 640 1045 694 35-7Vlov02t30v551‘26vag]
1065 643 1401 684 EademHerodot.
1425 644 1730 685 11.110.Wr.ss.

409 703 481 741 67
503 702 575 739 37.
608 700 784 750 Πηχῶν]
824 698 985 751 mistam
1018 699 1111 736 Mut.
1142 699 1251 756 Regu,
1292 702 1393 751 quod
1431 701 1647 738 Atticorum
1675 708 1733 737 est

295 758 394 809 apud
412 755 622 807 Phrynich.
641 755 774 807 Eclog.
796 769 831 806 p.
849 757 930 795 40.
949 756 1001 793 11
1003 766 1082 793 Ess.

409 816 480 854 67.
498 814 574 853 10.
607 808 777 852 (Εστιῶν
807 810 932 851 miror
959 808 980 852 ὃ
1004 810 1098 851 ἀδελ
1103 810 1201 866 φὸς]
1238 813 1410 862 Armais,
1448 825 1558 863 quem
1574 826 1732 864 peregre

295 873 428 909 abiens
451 873 567 906 totius
598 871 711 920 regni
738 877 1021 918 procuratorem
1050 871 1279 920 reliquerat,
1307 871 1539 908 Graecorum
1561 869 1732 916 Danaus,

296 930 331 965 si
354 927 447 963 fides
477 924 702 963 Manethoui
732 927 774 961 in
806 925 952 974 loseph.
982 925 1010 962 l.
1035 933 1136 963 cont.
1155 926 1292 975 Apion.
1314 928 1389 966 45.
1448 927 1558 964 Facit
1577 929 1679 963 enim
1697 929 1731 962 is

296 983 468 1021 Troiano
497 983 596 1019 bello
623 994 686 1018 res
717 980 905 1018 Sesostris
928 985 1094 1031 priores,
1124 985 1239 1019 sicuti
1262 997 1346 1021 cum
1368 982 1565 1020 Herodoto
1583 982 1731 1019 Diodo—

294 1052 386 1087 rus;
411 1052 505 1089 quos
525 1038 694 1075 eiusdem
721 1041 915 1086 opinionis
935 1045 1108 1074 auctores
1137 1038 1351 1076 habuerunt
1370 1041 1448 1076 viri
1466 1040 1732 1085 literatissimi,

295 1098 447 1134 tametsi
470 1096 515 1131 de
545 1108 638 1132 vera
654 1096 758 1145 regis
789 1097 870 1131 eius
890 1101 1012 1131 aetate
1031 1107 1164 1144 parum
1185 1097 1415 1143 concordes,
1440 1098 1506 1145 qui
1526 1097 1732 1143 superiori-

294 1154 366 1191 bus
395 1154 507 1190 annis
536 1154 579 1189 in
603 1151 704 1188 hanc
735 1150 1030 1200 disputationem
1054 1158 1145 1188 sunt
1171 1154 1358 1203 ingressi,
1400 1152 1526 1189 Nicol.
1544 1151 1732 1189 Abramus

295 1209 398 1247 vlu.
419 1208 534 1245 Phari
553 1208 598 1245 V.
623 1207 669 1245 T.
694 1210 765 1248 10.
792 1207 864 1244 lac.
884 1207 1059 1244 Perizon.
1081 1208 1231 1259 Origin.
1252 1209 1414 1260 Aegypt.
1437 1211 1506 1248 16.
1536 1215 1575 1245 et
1602 1206 1729 1256 Camp.

294 1266 475 1316 Vitringa
503 1265 551 1301 ad
579 1264 682 1301 Esai.
718 1263 833 1301 XIX.
868 1278 903 1314 p.
927 1265 1028 1304 554).
1094 1264 1175 1301 Nec
1200 1265 1337 1302 desunt
1360 1273 1487 1302 tamen
1507 1267 1583 1301 alia
1605 1267 1733 1300 omnia

295 1323 522 1373 probantes,
572 1320 627 1360 Io.
661 1320 864 1357 Marsham.
894 1319 984 1358 Can.
1013 1319 1191 1358 Chronoi.
1220 1335 1255 1371 p.
1291 1323 1394 1362 376.
1426 1322 1528 1358 Guil.
1557 1321 1732 1357 Iameson

296 1378 432 1428 spicil.
454 1377 543 1414 Ant.
564 1377 726 1428 Aegypt.
753 1378 839 1424 13.‚
869 1376 1076 1414 Sesostrim
1095 1378 1256 1414 eundem
1279 1392 1322 1415 ac
1348 1376 1552 1424 Sisakum,
1580 1375 1732 1413 Rheha-

294 1437 420 1473 beami
447 1435 664 1483 aequalem,
709 1434 907 1481 arbitrati,
947 1441 984 1470 et
1012 1441 1162 1483 praeter
1190 1441 1335 1471 ceteros
1364 1434 1480 1472 Isaac.
1519 1434 1732 1471 Newtonus

295 1490 477 1530 Chronol.
509 1504 544 1540 p.
568 1492 697 1538 233.;
730 1502 890 1538 quorum
918 1491 1069 1538 quidem
1089 1496 1191 1527 certe
1220 1494 1408 1528 sententia
1429 1494 1461 1528 si
1480 1492 1629 1537 valeat,
1657 1489 1733 1525 Ae-

294 1550 515 1600 gyptiorum
535 1546 840 1595 Graecorumque
859 1550 1027 1584 rationes
1048 1548 1324 1584 conturbantur
1345 1560 1488 1593 omneS,
1521 1553 1559 1583 et
1579 1560 1622 1583 ea
1641 1559 1729 1583 coa-

294 1611 562 1656 gmentantur,
590 1615 685 1653 quae
705 1604 1006 1640 disiunctissima
1023 1611 1171 1641 veteres
1187 1605 1400 1653 prodidere.
1457 1602 1537 1640 Sed
1558 1616 1601 1640 ea
1619 1604 1732 1639 latio-

292 1674 376 1698 rem
398 1672 571 1708 eampum
587 1663 808 1709 requirunt,
837 1673 907 1696 nec
927 1660 1039 1697 huius
1059 1667 1148 1696 sunt
1166 1662 1252 1697 loci.
1275 1660 1408 1697 VVESS.

408 1718 480 1757 67.
507 1717 582 1756 41.
620 1714 976 1785 ἀναπαυσαμένων
1003 1717 1093 1753 libri
1121 1723 1298 1766 quattuor
1323 1718 1456 1766 optimi
1484 1715 1607 1753 nihilo
1628 1716 1732 1752 dete-

292 1776 374 1811 rius
404 1775 586 1818 caeteris,
615 1775 680 1821 qui
710 1770 1046 1823 ‹21¹a7tav01tc'1c0v.
1100 1772 1319 1822 Xenophon
1349 1772 1558 1823 Cyropaed.
1586 1771 1668 1809 V.11
1693 1774 1731 1811 5.

293 1830 369 1869 47.
399 1832 472 1868 ιῖν
493 1826 528 1867 ὸ)
561 1827 696 1880 ἐπειδη
717 1845 785 1867 και
817 1824 837 1868 ὃ
862 1831 932 1882 (μ)
937 1843 1198 1875 οπονωτατος
1229 1826 1305 1868 πό)
1310 1844 1406 1897 eclog
1434 1827 1732 1876 ἀναπέπαυται,

293 1885 407 1925 ὁοκεΐ
421 1900 492 1935 μοι
524 1884 591 1923 καὶ
618 1881 643 1936 ἦ
670 1883 745 1937 ἔην)
775 1883 890 1936 ψυχη
914 1881 1183 1931 ἀναπαίσεώς
1212 1900 1321 1932 τινος
1341 1883 1478 1933 ἀξιοῦν
1510 1880 1734 1952 τιγγάνειν.

409 1943 482 1981 67.
501 1943 576 1982 46.
599 1937 710 1988 ‘'524·
695 1957 744 1980 αν
769 1940 994 1992 οἷνηηιέἰόι]
1035 1942 1121 1978 Etsi
1138 1955 1229 1978 usus
1249 1941 1469 1992 οἶνωαέἰον
1490 1949 1528 1978 et
1548 1937 1733 1993 μεθυον-

293 2012 347 2037 τα
367 2000 419 2034 ita
441 1998 673 2048 distinguat,
701 2006 743 2035 ut
762 2002 793 2035 is
815 1999 988 2046 ἩίΡοῐιιε,
1017 1998 1077 2035 hic
1095 2001 1187 2035 sino
1207 2012 1352 2035 mersus
1372 1998 1579 2046 habeatur,
1602 2011 1733 2048 quem·

293 2054 495 2091 admodum
514 2057 554 2091 in
560 2026 717 2091 &Laertii
736 2053 899 2105 Diogen.
921 2053 1003 2091 VH.
1026 2057 1129 2095 118.
1161 2062 1198 2092 et
1225 2054 1423 2092 Plutarchi
1442 2054 1574 2105 Symp.
1590 2054 1659 2091 Ill.
1694 2056 1732 2094 l‘.

293 2124 329 2160 p.
350 2111 469 2157 645„
499 2123 578 2146 non
597 2111 737 2147 desunt
757 2113 862 2156 loca,
892 2123 986 2160 quae
1006 2114 1099 2149 vino
1120 2114 1272 2163 egregie
1291 2112 1502 2161 depositum
1519 2113 1733 2161 requirunt,

293 2174 337 2202 ut
357 2166 419 2204 hic
440 2174 477 2203 et
495 2166 623 2204 XVII.
649 2169 720 2207 72.
756 2167 916 2204 Aristot.
938 2168 1065 2205 Probl.
1097 2167 1285 2207 XXHH.
1307 2169 1349 2207 4.
1374 2168 1509 2205 VVESS.

411 2225 482 2263 67.
502 2224 575 2262 49.
607 2221 820 2270 Διεξέπεσε
852 2221 918 2262 ὸίὰ
947 2227 1021 2275 τῆς
1046 2222 1219 2277 φλογὸς]
1254 2224 1412 2262 Duobus
1433 2239 1453 2261 e
1473 2236 1541 2262 sex
1559 2224 1651 2261 filiis
1669 2237 1733 2262 su-

293 2290 361 2327 per
391 2281 519 2329 ignem
548 2282 733 2327 porrectis
761 2287 800 2316 et
827 2283 1020 2328 extensis,
1056 2288 1099 2317 ut
1118 2283 1195 2318 illis
1218 2288 1398 2331 tanquam
1415 2288 1530 2331 ponte
1549 2287 1734 2328 uteretur,

292 2334 478 2371 Herodot.
509 2335 557 2372 H.
593 2338 709 2383 107.‚
752 2348 863 2384 quem
893 2339 951 2373 rei
987 2340 1041 2374 ita
1073 2345 1202 2388 gestae
1233 2338 1407 2375 ordincm
1444 2337 1637 2374 Diodorus
1668 2343 1735 2373 aut

290 2393 532 2442 neglexisse,
582 2399 649 2429 aut
684 2392 731 2429 ab
769 2392 971 2444 Aegyptiis
1010 2393 1271 2432 sacerdotibus
1311 2394 1412 2431 haud
1450 2396 1639 2444 accepisse
1671 2395 1734 2431 vi-

292 2447 415 2487 detur.
443 2447 577 2485 Wnss.

406 2506 479 2544 67.
497 2505 568 2543 54.
596 2503 729 2544 Δοκεῖ
742 2504 1178 2558 ,ιιερίτλοπρεπέστατον
1209 2506 1295 2558 ete]
1333 2506 1412 2544 Imo
1441 2519 1536 2545 vero
1564 2507 1734 2544 omnium

293 2561 623 2608 superbissimum:
662 2561 763 2597 unde
791 2569 829 2598 et
857 2562 985 2599 Plinio
1016 2562 1204 2599 Sesostris
1232 2571 1310 2600 mm
1341 2563 1550 2615 superbus,
1579 2570 1626 2600 ut
1631 2575 1732 2614 pro-

291 2617 414 2653 (latur
432 2619 548 2654 (mnis
567 2617 778 2667 quibusque
797 2625 903 2654 sorte
923 2631 1039 2667 rege-5⁴
1057 2620 1231 2668 singulos·
1252 2633 1271 2657 e
1293 2619 1478 2657 subiectis
1498 2623 1662 2669 iungere
1681 2619 1736 2656 ad

293 2686 452 2709 curram
472 2675 632 2719 solitas,
657 2676 791 2724 sieque
811 2675 1056 2726 {rainulphum-<3
1082 2675 1276 2712 xxxiii.
1295 2676 1343 2713 N.
1363 2676 1411 2713 H.
1440 2678 1480 2715 3.
1497 2676 1543 2713 A.
1583 2688 1656 2725 quo
1676 2681 1734 2711 ta-

291 2740 379 2764 men
400 2730 503 2766 fastu
533 2742 572 2766 se
602 2729 781 2778 deinceps
810 2733 993 2777 semovit,
1022 2735 1208 2769 vertentis
1240 2744 1280 2768 se
1298 2739 1404 2770 rotae
1425 2732 1693 2770 vicissitudine
1714 2744 1736 2767 a

292 2787 530 2834 captivorum
559 2798 638 2822 uno
667 2785 713 2822 de
743 2788 920 2824 versatili
949 2799 1078 2824 rerum
1106 2786 1356 2827 humanarum
1396 2789 1488 2826 orbe
1516 2788 1736 2827 admonitus
