1828 3253
288 79 380 119 602
749 70 1270 111 ANNOTATIONES

290 193 389 238 nuit,
413 187 512 238 quod
532 185 629 223 Belli
648 184 964 235 Peloponnesiaci
983 187 1148 234 scriptor
1165 183 1440 238 τετρακοσίων
1462 185 1648 226 duntaxat
1665 202 1737 227 τα-

290 245 451 288 λάντων
478 245 719 290 meminerit,
741 254 836 291 quae
858 241 1044 288 Seuthes,
1073 244 1136 292 qui
1167 250 1253 291 post
1275 242 1459 280 Sitalcem
1481 257 1647 294 regnans
1667 248 1738 282 tri-

291 307 382 343 buta
406 302 540 338 multis
570 300 742 348 partibus
770 307 951 345 auxerat,
983 311 1030 334 ex
1059 303 1170 349 regni
1192 299 1378 336 reditibus
1411 307 1641 349 perceperat.
1680 301 1737 337 Ab

290 375 335 399 eo
356 358 530 408 equidem
558 369 636 393 non
656 356 922 401 dissentirem,
955 357 987 392 si
1007 354 1103 392 mihi
1132 362 1237 392 certo
1258 357 1444 403 liqueret,
1475 358 1556 393 solo
1580 355 1739 406 Thucy-

291 418 379 455 dide
399 416 493 451 duce
514 416 555 450 in
581 412 641 450 his
661 411 922 449 describendis
943 418 1138 448 auctorem
1156 413 1275 449 fuisse
1294 425 1418 450 usum.
1458 411 1502 449 ld
1531 426 1624 451 vero
1650 426 1739 450 nec-

289 475 380 512 dum
399 471 586 520 adparuit.
613 468 746 506 WEss.

405 541 510 580 512.
544 539 618 577 98.
648 534 829 581 Πλειόυς
849 535 932 573 τῶν
953 533 1198 574 δυοκαίδεκα
1222 531 1436 587 μυριάδων
1455 536 1552 586 etc.]
1581 535 1741 587 Thucy-

288 598 396 635 dides
423 596 617 633 exercitus
647 589 693 631 τὸ
719 593 884 643 πλῆθος
914 589 988 630 οὐκ
1020 588 1196 630 ἔλασσον
1221 591 1506 630 πεντεκαίδεκα
1526 589 1741 645 μυριάδων

287 657 407 693 fuisse
440 651 638 697 adfirmat,
667 655 780 696 atque
812 646 924 684 huius
954 648 1105 697 quidem
1136 650 1316 684 maiorem
1345 656 1490 696 partem
1513 650 1741 697 pedestrem,

288 712 444 749 tertiam
482 720 575 745 vero
605 712 817 756 equestrem
854 703 896 741 L.
928 703 975 741 Il.
1009 705 1083 745 98.
1137 704 1280 742 Nostro
1314 717 1392 741 non
1422 707 1534 754 plane
1576 719 1741 742 consen-

289 770 403 805 tiens.
432 763 566 802 VVEss.

404 833 507 872 512.
538 832 577 870 6.
620 825 741 880 Πρὸς
774 825 1012 879 Περδίκκαν
1032 823 1105 865 τὸν
1133 824 1340 879 βασιλέα]
1368 826 1616 865 Successerat
1640 831 1742 877 patri

288 888 511 928 Alexandro
544 886 742 933 superiore
767 897 891 930 anno,
925 886 956 919 si
978 896 1069 920 vera
1102 890 1214 929 sunt,
1244 897 1339 933 quae
1373 886 1435 920 vir
1459 886 1742 921 excellentissi-

287 960 370 984 mae
392 943 619 981 eruditionis
641 941 851 990 disputavit
871 940 917 976 ad
940 939 1079 975 Athen.
1100 938 1143 976 L.
1164 940 1208 976 V.
1233 942 1304 979 18.
1335 939 1507 989 Namque
1528 942 1608 987 alii,
1627 943 1743 978 etiam

286 1010 421 1040 auctor
443 1000 484 1038 L.
506 998 596 1035 ΧΠ.
613 999 701 1042 34..
729 1010 891 1047 regnum
918 999 1000 1032 eius
1019 997 1132 1032 citius
1154 996 1370 1042 ordiuntur,
1391 1004 1503 1045 atque
1525 998 1739 1046 abOiymp.

287 1068 432 1096 lxxix,
451 1069 553 1093 anno
583 1057 699 1090 tertio
713 1081 724 1100 ,
753 1055 809 1090 uti
830 1052 985 1089 Parium
1004 1051 1194 1098 Marmor,
1219 1059 1408 1101 repetunt.
1445 1055 1567 1096 Quam
1588 1062 1743 1090 contro·

286 1117 454 1153 versiam
484 1124 586 1149 nunc
619 1113 776 1157 omitto,
813 1110 855 1145 in
885 1109 1132 1159 sequentibus
1160 1110 1324 1146 fortasse
1364 1122 1442 1145 non
1482 1111 1741 1160 neglecturus

286 1171 382 1210 Vide
402 1172 552 1207 interea
571 1167 728 1217 Lydiat.
754 1165 801 1203 ad
823 1163 965 1202 Chron.
984 1164 1119 1202 Marm.
1138 1179 1173 1214 p.
1196 1167 1237 1205 6.
1271 1164 1403 1202 Wssss.

402 1238 506 1277 512.
533 1236 576 1275 9.
611 1229 817 1284 Ἀμύνταν
835 1230 908 1271 τὸν
933 1230 1173 1284 Φιλίππου]
1203 1231 1419 1282 Philippum
1435 1232 1640 1270 Perdiccae
1661 1234 1742 1270 fra-

286 1304 380 1333 trem
403 1296 442 1330 in
470 1299 575 1341 parte
599 1291 762 1340 quadam
782 1291 990 1340 superioris
1020 1287 1267 1325 Macedoniae
1293 1302 1476 1339 regnasse
1500 1302 1576 1325 non
1598 1291 1741 1327 iniuria

288 1354 502 1400 suspicatur
534 1348 592 1384 lll.
634 1346 840 1396 Spanhem.
883 1344 1046 1381 Dissert.
1079 1343 1142 1381 Vl.
1175 1345 1220 1381 de
1252 1344 1397 1381 Praest.
1434 1352 1471 1381 et
1504 1344 1587 1382 Usu
1622 1345 1736 1383 Num.

286 1423 321 1459 p.
348 1408 452 1446 374.
479 1404 596 1442 Cuius
627 1405 869 1451 possessione
899 1414 987 1437 cum
1020 1401 1189 1437 deiectus
1209 1414 1230 1437 a
1254 1400 1439 1437 Perdicca
1468 1408 1587 1447 esset,
1615 1401 1739 1439 filium

286 1467 367 1501 eius
389 1465 593 1512 Amyntam
614 1458 780 1496 Sitalces
801 1460 840 1494 in
861 1470 1024 1508 regnum
1044 1458 1247 1493 restituere
1271 1457 1436 1493 adnixus
1460 1465 1529 1496 est.
1584 1456 1674 1500 Scio
1700 1461 1741 1495 in

285 1523 503 1570 fragmento
534 1514 715 1560 Diodori,
756 1513 854 1561 quod
887 1513 1092 1563 Syncellus
1121 1511 1332 1563 Chronogr.
1368 1527 1402 1562 p.
1424 1516 1530 1553 262.
1565 1516 1741 1561 inseruit,

288 1575 550 1613 Alexandrum
581 1571 772 1621 perhiberi
797 1570 891 1606 duos
922 1570 1110 1605 duntaxat
1138 1571 1342 1617 reliquisse
1364 1570 1487 1616 filios,
1515 1569 1739 1608 Perdiccam

286 1641 324 1670 et
353 1633 583 1681 Amyntam,
613 1627 819 1675 horumque
855 1629 1104 1675 posteriorem
1134 1629 1326 1672 privatam
1357 1628 1481 1676 egisse
1514 1628 1644 1663 vitain.
1689 1627 1741 1663 At

288 1696 423 1726 contra
451 1688 560 1724 venit
590 1682 840 1733 Thucydides
875 1681 919 1718 ll.
944 1683 1019 1721 95.
1050 1681 1205 1718 disertis
1234 1683 1362 1719 verbis
1391 1681 1611 1730 Philippum
1641 1683 1739 1719 Per-

286 1746 417 1782 diccae
438 1744 598 1780 fratrem
620 1740 838 1789 adpellans:
866 1740 1020 1786 quicum
1041 1741 1073 1774 si
1096 1741 1315 1776 consentire
1333 1738 1474 1774 Noster
1500 1739 1623 1785 debet,
1648 1739 1740 1776 Phi-

285 1804 411 1851 lippus
444 1807 481 1835 et
502 1798 704 1834 Perdiccas
732 1797 872 1832 fratres
896 1796 1040 1831 uterini
1068 1795 1248 1841 fuerunt,
1273 1808 1351 1830 non
1381 1798 1567 1845 germani.
1602 1796 1736 1833 TVESS.

402 1868 506 1907 513.
540 1866 609 1905 16.
647 1861 970 1913 Ἔκκομίσαντες
993 1860 1036 1899 δὲ
1059 1857 1132 1900 τόν
1162 1876 1202 1900 τε
1226 1861 1370 1911 σῖτον]
1407 1861 1534 1898 Erunt
1558 1864 1737 1911 fortasse,

285 1927 351 1974 qui
382 1921 687 1972 εἰσκομίσαντες
716 1920 952 1970 praeferent:
988 1931 1058 1968 ego
1089 1931 1167 1955 non
1188 1925 1314 1964 muto3
1348 1918 1506 1968 perinde
1537 1921 1639 1956 enim
1668 1927 1740 1966 est,

287 1990 417 2018 utrum
443 1978 682 2016 adhibeatur.
723 1975 943 2024 Thucydid.
976 1973 1022 2010 ll.
1057 1976 1128 2013 78.
1169 1974 1214 2010 de
1241 1974 1555 2021 PlataeensibuS,
1585 1975 1740 2022 παῖδας

285 2037 360 2088 μὲν
400 2035 467 2076 καὶ
501 2038 700 2086 γυναῖκας
735 2053 782 2060 -—
812 2027 1013 2084 πρότερον
1053 2027 1380 2081 ἕκκεκομισμὲνοι
1425 2023 1533 2082 «ἦσαν
1572 2031 1627 2077 εἷς
1664 2029 1741 2078 τὰς

284 2089 496 2145 Ἀθήνας
520 2090 659 2127 ἊῙΕΞΒ.

404 2149 508 2188 513.
537 2148 612 2187 29.
644 2142 848 2183 Θετταλοὶ
868 2142 936 2182 καὶ
959 2139 1132 2192 Ἀχαιοὶ
1153 2140 1221 2181 καὶ
1241 2137 1493 2196 ΠἸάγνητες]
1524 2143 1610 2181 Vid.
1631 2142 1740 2181 Thu-

288 2205 375 2257 cyd.
398 2204 445 2241 ll.
474 2204 575 2243 101.
593 2202 743 2247 ΜἘεε.

403 2271 505 2311 513.
539 2270 612 2309 34.
646 2267 729 2308 Καὶ
753 2260 1043 2305 κινδυνεύσωσι
1064 2270 1157 2313 ταῖς
1176 2264 1369 2317 πατρίσι]
1398 2266 1485 2303 Non
1506 2280 1620 2303 ausus
1640 2280 1738 2316 sum,

287 2330 358 2365 etsi
381 2321 688 2365 δυναστεύσωσι
719 2322 943 2360 eonmodam
965 2322 1074 2360 daret
1093 2325 1342 2368 sententiam,
1373 2325 1524 2372 seriptis
1547 2324 1657 2360 libris
1677 2337 1740 2361 re-

288 2386 440 2421 luctari.
471 2376 733 2421 Κινδννείπειν
754 2384 845 2424 ταῖς
863 2378 1030 2430 πατρίσι
1051 2378 1218 2427 adaeque
1243 2379 1402 2426 probum
1422 2386 1502 2426 est,
1529 2386 1566 2415 et
1587 2382 1738 2429 pericu-

289 2442 368 2479 lum
390 2440 594 2489 exprimit,
623 2436 723 2487 quod
745 2437 891 2483 patriae
920 2434 1150 2473 amittendae
1169 2434 1347 2481 adibant,
1377 2437 1409 2472 si
1430 2434 1600 2472 Thraces
1627 2442 1736 2473 tanto

291 2510 377 2534 cum
398 2496 568 2534 exercitu
594 2494 754 2529 ulterius
780 2491 992 2528 tenderent.
1031 2491 1097 2528 Sic
1121 2490 1162 2530 1..
1185 2489 1298 2527 XIX.
1328 2492 1398 2531 19.
1428 2488 1607 2537 πολλοὺς
1628 2488 1735 2530 ἀπο-

288 2549 432 2603 βαλὼν
450 2549 517 2590 καὶ
542 2553 628 2594 τοῖς
653 2546 791 2594 ἄλλοις
811 2543 1088 2594 κινδυνεύσας,
1118 2543 1300 2597 διεσώθη
1322 2543 1452 2599 μόγις.
1482 2547 1534 2583 Et
1551 2547 1735 2598 Polybius

290 2610 431 2651 V„76.
471 2605 632 2657 Σελγεῖς
658 2604 734 2656 μὲν
757 2601 805 2655 δὴ
837 2595 909 2641 οὖν
929 2600 996 2642 διὰ
1026 2601 1102 2654 τὴν
1121 2599 1392 2654 Λογοβάσιος
1421 2601 1610 2653 ἀσέβειαν
1637 2603 1736 2642 ΤΗι

291 2662 554 2704 ΠΑΤΡΙΔΙ
583 2658 1134 2700 ΚΙΝΔΥΝΕΥΣΑΝΤΕΣ
1156 2680 1203 2686 -
1228 2654 1304 2711 τήν
1331 2674 1373 2699 τε
1399 2658 1580 2712 πατρίδα
1603 2654 1735 2711 διετή-

294 2735 391 2770 ρουν
414 2726 486 2756 etc.
515 2717 650 2754 WVESS.
