1828 3253
280 154 339 194 66
737 149 1255 189 ANNOTA'HONES

398 262 472 305 45.
496 261 571 303 74.
599 257 648 303 Ὁ
675 265 865 304 πλεῖστον
896 261 1078 317 ἀπέχων]
1106 264 1322 312 Articulus,
1349 263 1410 302 hic
1434 266 1475 301 in
1500 264 1717 315 parenthesi

289 323 512 366 conclusus,
543 323 757 358 necessario
773 324 990 369 requiritur.
1023 320 1156 357 Rnon.

400 377 474 416 46.
496 377 566 416 77.
598 374 840 427 Ξν1ιάτίθησι
860 377 1036 427 Ae‘p’vm]
1064 378 1168 414 Haec
1190 378 1344 428 negabit
1362 375 1545 413 Herodot.
1569 376 1617 414 Il.
1646 378 1717 416 32.

291 435 405 483 longe
425 445 469 469 ea
487 435 528 469 in
547 435 765 469 narratione
785 433 954 470 Diodoro
973 436 1291 481 circumspectior.
1314 433 1446 469 Wizss.

401 489 475 528 46.
500 489 573 529 87.
603 488 711 540 Φησὶ
732 487 828 535 τοὺς
849 489 1028 541 ἐτησίας]
1053 489 1181 527 Schol.
1197 487 1716 536 Apolloniil‘diod.wiltis.

292 546 511 592 opinionem
545 543 642 580 hanc
688 544 881 591 Thaletis,
925 546 990 581 sed
1017 548 1143 582 minus
1171 545 1325 591 dextre,
1370 546 1544 591 exponit:
1585 545 1720 580 melius

275 599 459 651 »Diogein
496 600 619 637 Laert.
648 599 679 638 Ι.
703 602 788 647 37.,
825 604 1103 652 elegantissime
1135 615 1227 639 vero
1247 600 1358 637 Philo
1385 601 1481 647 lud,
1501 601 1563 636 cui
1590 600 1720 636 eadem

294 658 484 693 sententia
515 657 678 705 placuit,
705 656 734 695 Ι.
754 657 829 694 Vit.
851 657 944 695 Mos.
968 671 1004 706 p.
1027 659 1130 698 620.
1150 656 1193 694 A.
1223 657 1355 693 W'Ess.

406 713 481 752 46.
495 713 568 751 93.
602 710 653 751 Οἱ
673 713 849 762 ποταμοὶ
865 710 1026 763 πάντες]
1054 711 1487 761 sequitui-Herodotfl.
1501 713 1575 751 20.
1588 710 1721 748 XVnss.

406 769 480 808 46-
500 769 574 807 99.
612 765 835 819 Εὐριπίδης
863 768 1077 821 pcafflsm‘lg]
1121 769 1230 806 Conf.
1261 781 1374 817 supra
1402 782 1433 806 e.
1459 770 1498 807 7.
1527 774 1564 804 et
1592 768 1720 804 Vitru-

295 827 401 862 vium
424 825 587 861 Praefat.
618 824 658 860 L.
678 824 760 861 VH.
802 825 998 874 Euripidis
1022 839 1152 863 versus
1177 832 1266 862 sunt
1293 838 1340 861 ex
1364 823 1549 860 Archelao
1572 830 1723 874 tragoe-

299 880 380 926 dia,
407 882 658 930 legunturque
677 881 864 917 auctiores
882 884 923 917 in
942 882 1133 932 Anonymi
1155 881 1431 919 Commentario
1461 880 1505 916 de
1525 879 1615 916 Nilo
1638 893 1723 916 cnm

298 936 466 973 eiusdem
488 938 699 986 argumenti
718 938 803 973 aliis
827 949 875 973 ex
890 936 1055 975 Helenae
1071 939 1242 986 Euripid.
1260 939 1446 986 principio
1461 943 1497 972 et
1520 935 1722 985 Aeschylo,

298 1004 369 1028 nec
389 991 535 1028 mendis
565 993 674 1040 plane
691 993 824 1040 liberi,
858 1001 901 1030 ut
926 1007 972 1030 ex
994 994 1042 1030 Is.
1065 995 1200 1031 Vossio
1219 997 1260 1030 in
1284 993 1419 1030 Melam
1446 992 1476 1030 l.
1503 993 1544 1031 9.
1565 993 1638 1030 27.
1664 994 1724 1028 vi·-

299 1048 417 1084 dehis.
471 1047 634 1083 Eosdem
661 1060 708 1084 ex
732 1047 880 1086 Helena
899 1053 1101 1098 exscripsit
1133 1049 1260 1087 Schol.
1290 1050 1483 1097 Apollonii
1510 1046 1633 1083 Rhod.
1658 1047 1721 1086 lv.

299 1104 406 1143 269.
436 1108 473 1139 et
500 1101 656 1140 Aristid-
685 1102 731 1140 T·
755 1103 819 1141 ΠΙ.
849 1119 883 1154 p.
907 1107 1008 1145 559.
1048 1106 1111 1143 sed
1133 1108 1231 1143 male
1253 1106 1424 1150 liabit0s3
1453 1104 1549 1152 quod
1571 1117 1655 1140 cum
1679 1104 1724 1139 ‹le

298 1158 465 1195 Aristide
492 1161 621 1196 multis
652 1159 789 1197 abhinc
815 1164 927 1198 annis
960 1163 1199 1199 admonuerit
1221 1162 1462 1198 doctissimus
1488 1160 1534 1196 G.
1569 1159 1728 1210 Iunger-

297 1227 474 1260 mannus,
500 1213 600 1251 haud
619 1217 761 1254 iniuria
780 1219 929 1254 mireris
947 1217 1002 1258 Cl.
1028 1218 1198 1256 lcbbium
1219 1221 1382 1256 intactos
1403 1214 1466 1253 e'os
1485 1223 1727 1267 praetereun-

298 1277 388 1309 tem.
414 1270 547 1307 Wsss.

411 1327 485 1366 46.
508 1329 548 1366 6.
570 1322 794 1368 Ἀδύνατον
808 1325 931 1379 χιόνα
956 1329 1130 1378 πίπτειν]
1161 1331 1303 1370 Lucan.
1324 1330 1376 1367 X.
1397 1330 1501 1370 219.
1547 1329 1657 1366 Vana
1668 1328 1727 1375 fi·-

300 1382 368 1419 cles
388 1389 584 1430 veteram,
621 1382 733 1431 Nilo,
770 1388 872 1435 qaod
901 1395 1059 1424 creseat
1075 1390 1114 1425 in
1136 1401 1238 1425 arva
1252 1416 1263 1435 ,
1291 1387 1726 1438 Aethiopumprodesse

298 1439 420 1475 nives.
476 1438 561 1476 Non
589 1439 732 1478 Arctos
759 1443 798 1479 in
837 1444 916 1480 illis
945 1444 1141 1481 Montibus
1169 1451 1241 1481 aut
1265 1444 1433 1481 Boreas.
1496 1442 1626 1479 Testis
1655 1441 1728 1477 tibi

299 1495 380 1531 sole
393 1497 552 1545 pei-asti
570 1495 662 1546 Ipse
682 1498 959 1549 colorpopali,
990 1502 1186 1552 calidique
1206 1500 1417 1552 vaporibus
1435 1499 1586 1536 Austri.
1622 1498 1725 1541 Quae

298 1549 348 1587 ad
372 1553 497 1598 patrui
516 1550 684 1588 Senecae
710 1552 774 1592 IV.
801 1555 844 1598 Q.
864 1555 912 1594 N.
935 1558 976 1595 2.
1007 1558 1122 1594 verba
1140 1563 1272 1594 exacta
1292 1570 1374 1593 esse
1392 1558 1433 1593 in
1452 1556 1625 1592 confesso
1647 1560 1725 1600 est3

298 1617 371 1643 nec
395 1608 498 1643 omni
516 1613 642 1644 tamen
662 1621 710 1645 ex
731 1617 836 1657 parte
855 1624 969 1649 vera:
1000 1615 1160 1650 celsiora
1179 1616 1281 1650 enim
1302 1612 1524 1660 Aethiopiae
1546 1612 1631 1646 loca
1644 1637 1656 1656 ,
1683 1615 1726 1645 ut

298 1664 476 1710 pleraque
498 1665 683 1702 montium
714 1669 930 1714 cacumina,
967 1668 1131 1719 frigent,
1172 1681 1242 1705 nec
1277 1669 1382 1705 deest
1412 1668 1490 1705 illis
1516 1669 1584 1703 nix
1603 1677 1725 1714 neque

298 1719 467 1768 grando,
496 1721 567 1755 etsi
591 1722 735 1768 rarior,
761 1725 821 1759 uti
845 1723 954 1760 docet
976 1724 1055 1763 lob.
1097 1725 1247 1761 Ludolf.
1276 1725 1305 1762 Ι.
1336 1723 1386 1762 H.
1426 1722 1598 1771 Aethiop.
1619 1735 1652 1761 c.
1685 1722 1724 1761 5.

299 1781 339 1810 et
357 1780 443 1811 ante
463 1787 547 1811 eum
565 1773 723 1812 Hieron.
760 1777 886 1815 Lobus
907 1779 1050 1818 Histor.
1075 1780 1254 1830 Abyssin.
1277 1794 1310 1830 p.
1333 1780 1434 1821 141.
1458 1779 1590 1815 W'Ess.

411 1830 484 1869 46.
511 1830 578 1870 14.
612 1828 716 1871 Οὔτε
737 1830 886 1886 νέφους
904 1830 1164 1883 ὖποστάσεις]
1202 1836 1319 1886 Atqui
1348 1835 1567 1872 Thessaliae
1586 1833 1726 1871 fluvius

299 1892 375 1931 est,
407 1885 559 1936 Quique
578 1900 648 1924 nec
670 1888 868 1928 humentes
886 1891 1046 1930 nebulas
1064 1906 1135 1930 nec
1156 1905 1248 1930 rore
1269 1894 1486 1930 madentem
1503 1891 1627 1936 Aera,
1656 1903 1727 1926 nec

300 1948 435 1979 tenues
454 1949 589 1979 ventos
607 1946 787 1995 suspirat
801 1946 1007 1995 Anauros,
1034 1948 1174 1986 Lucan.
1194 1948 1261 1987 Vl.
1287 1950 1391 1989 369.
1429 1954 1466 1984 et
1489 1949 1528 1984 in
1548 1946 1724 1996 Aegypto

297 1999 424 2034 minus
443 2000 604 2036 odorati
612 2001 763 2049 flores,
805 2005 900 2053 quia
931 2005 1127 2042 nubilosas
1156 2012 1198 2042 et
1212 2007 1390 2042 roscidas
1410 2009 1484 2040 ae‘r
1514 2010 1573 2040 est
1587 2017 1613 2039 a
1634 2002 1725 2039 ,Nilo

290 2054 478 2102 flumine,
517 2062 670 2092 auctore
706 2056 833 2095 Plinio
853 2059 966 2099 XXI.
989 2060 1038 2098 N.
1064 2061 1113 2099 H.
1137 2064 1190 2108 7.,
1221 2062 1287 2098 sed
1307 2062 1381 2098 sibi
1403 2059 1450 2098 V.
1465 2060 1505 2099 9.
1535 2066 1572 2096 et
1592 2059 1728 2107 pleris-

299 2121 370 2157 que
399 2109 571 2148 omnihus
597 2118 769 2150 veterum
799 2115 1045 2167 obloquente3
1082 2130 1242 2167 quorum
1271 2117 1498 2154 sententiam
1525 2128 1569 2152 eo
1601 2116 1726 2151 colore

299 2167 474 2201 excusari
504 2177 635 2214 posse,
673 2170 706 2205 si
736 2182 895 2219 vapores
926 2174 1131 2210 crassiores
1169 2173 1288 2211 fluvio
1316 2178 1524 2224 negentur,
1561 2170 1728 2207 ostendit

297 2227 384 2266 post
404 2219 615 2260 Brodaeum
643 2222 709 2261 III.
738 2224 899 2264 Miscell.
924 2229 997 2269 30.
1017 2228 1068 2266 Μ.
1088 2229 1119 2266 F
1121 2257 1130 2267 .
1153 2228 1371 2267 VVendelin.
1401 2227 1621 2265 Admirand.
1646 2226 1728 2264 Nili

300 2288 333 2311 e.
357 2277 426 2316 11.
454 2275 588 2314 Wssss.

409 2332 483 2371 46.
506 2335 576 2373 16.
600 2329 828 2386 ζΗῖρόὸοτος
848 2335 897 2378 δέ
913 2339 1028 2393 φησι]
1056 2340 1139 2379 Lib.
1160 2340 1208 2378 ΙΙ.
1230 2340 1304 2380 25.
1333 2338 1466 2377 Wrss.

343 2441 352 2451 ·
409 2388 485 2427 46.
515 2390 585 2428 19.
608 2384 831 2443 ‘Yypam‘av
851 2393 893 2433 ἐκ
911 2399 984 2435 τοῦ
1004 2396 1170 2443 Νείλου]
1200 2396 1328 2433 Etiam
1347 2395 1438 2433 haec
1456 2395 1573 2434 verba
1591 2394 1640 2432 ad
1659 2407 1728 2431 ex-

299 2441 514 2490 plicandam
533 2448 700 2482 auctoris
733 2453 960 2490 sententiam
991 2454 1206 2491 necessario
1224 2454 1427 2501 pertinent.
1487 2451 1634 2488 Idcirco
1656 2463 1726 2499 pro

300 2500 479 2547 genuinis
500 2498 683 2538 habenda.
712 2500 847 2544 Rfloo.

307 2604 321 2619 ἱ
412 2555 486 2621 47.
508 2557 581 2596 26.
618 2554 679 2596 Οὐ
697 2556 774 2610 γὰρ
795 2559 836 2598 ἐν
853 2566 940 2609 τοῖς
958 2560 1157 2616 καύμασι]
1186 2564 1291 2602 Seite
1309 2564 1459 2613 reponit
1477 2561 1526 2599 H.
1543 2561 1724 2611 Stephan.

300 2621 343 2645 εν
373 2623 448 2658 μεν
475 2615 560 2657 τοῖς
583 2625 617 2649 κ.
673 2611 752 2650 Sed
771 2623 857 2665 post
876 2619 1040 2667 Νεῖλον,
1067 2621 1166 2671 quod
1178 2620 1387 2666 antecedit,
1419 2632 1564 2656 comma
1585 2619 1726 2655 substi-

301 2665 507 2712 tuendum,
545 2668 629 2703 loco
660 2673 804 2717 puncti.
837 2671 970 2711 RHOD.
1027 2677 1115 2714 Non
1142 2677 1328 2714 assentior
1358 2676 1453 2713 viris
1484 2675 1723 2711 doctissimis.

301 2717 344 2782 ld
365 2721 397 2756 si
417 2719 607 2758 Diodorus
626 2724 859 2774 scripsisset,
883 2732 1051 2779 profecto
1070 2733 1257 2769 Herodoti
1275 2733 1520 2777 sententiam,
1562 2742 1634 2779 qua
1651 2728 1724 2765 flu·

299 2787 405 2812 vium
424 2784 564 2814 aestate
591 2781 753 2818 maiores
779 2790 913 2822 auotus
933 2800 1064 2838 capere
1094 2795 1231 2840 negat,
1265 2800 1459 2837 perperam
1477 2787 1722 2836 exposuisset.
