1828 3253
503 178 563 218 IN
603 176 714 218 [ΑΒ.
744 177 775 220 1.
810 176 934 219 GAP,
967 178 1040 220 64.
1393 181 1484 223 105

60 296 240 343 desertis,
277 294 343 332 sed
372 274 524 344 longius
552 306 575 331 a
602 291 724 330 tribus
754 291 1010 343 superioribus
1031 291 1264 342 disparatae,
1294 302 1487 346 superant,

62 352 108 389 de
129 353 266 401 quibus
286 352 340 389 lo.
360 350 527 388 Gravius
546 348 812 400 Pyramidogr.
833 360 868 399 p.
894 349 963 389 13.
982 355 1021 385 et
1043 350 1145 389 115.
1175 351 1307 389 Wssss

176 420 248 459 74.
269 420 309 460 6.
343 415 583 472 Φιλοτεχνιίι
606 417 689 456 τῶν
707 413 1018 468 ἐργασαμένων]
1050 414 1211 455 Diodori
1227 417 1299 457 hoc
1318 427 1397 470 est,
1425 422 1489 460 cui

63 476 132 530 (μ)
137 473 294 526 οτεχνία
323 475 457 511 sollers
477 458 639 522 quodvis
660 473 883 520 artificium,
912 479 956 509 ut
978 485 1056 542 cap.
1079 475 1152 513 61.
1175 469 1230 520 ὥς
1250 472 1352 528 πρὸς
1371 479 1489 530 φιλο..

61 531 221 582 ἰ-εχιιάν
255 529 524 581 δυσμίμητον.
555 537 592 566 et
629 530 700 569 74.
729 528 796 568 καὶ
829 529 967 582 φιλεοτ
952 528 1061 584 εχνιίι
1086 531 1162 581 τῆς
1181 534 1356 583 φυσικῆς
1379 532 1491 603 ἔνερ-

61 587 170 640 μίας
193 583 266 626 οὐκ
291 583 590 626 ἀπολεί-’.ποιται
620 591 657 622 et
677 584 743 624 ΙΙΙ.
767 585 839 625 37.
870 586 940 638 (pt)
944 599 1007 625 οτ.
993 583 1104 641 εχνιίιι
1132 599 1175 625 τε
1205 585 1271 625 καὶ
1302 584 1411 627 ‹ma›
1440 587 1488 629 τὸ

61 646 112 695 τῇ
138 642 211 698 βίᾳ
247 638 630 694 δυσκαταγώνιστον
667 637 948 694 ἐχειρώσαντο.
1003 642 1210 694 Vulgatum
1246 630 1491 702 πολυτέχνίᾳ

63 699 309 737 Grammatici
327 706 581 737 commentum
601 704 668 736 est.
696 698 831 738 VVESS.

175 767 246 808 75.
273 767 343 808 13.
389 763 497 807 Οὐδὲ
526 780 640 819 παρα
677 769 765 812 τοῖς
799 761 1031 819 ἐγχωρίοις]
1071 763 1174 804 Bene
1199 765 1371 817 Plinius,
1404 781 1490 809 cum

61 825 265 872 scriptores
286 824 562 870 enumerasset,
589 824 654 871 qui
677 821 722 859 de
741 823 1001 872 pyramidibus
1028 830 1208 875 egerant,
1236 825 1341 862 inter
1362 837 1492 864 omnes

62 892 129 917 cos
151 893 226 917 non
255 886 414 917 constat
438 893 462 916 a
486 878 623 932 quibus
639 877 791 926 factae
818 880 919 926 sint,
947 881 1160 917 iustissimo
1188 892 1285 919 casu
1303 880 1491 920 oblitera-

62 938 113 974 tis
132 942 267 974 'tantae
287 938 481 974 vanitatis
501 935 752 984 (auctoribus,
769 934 964 973 XXXVI.
987 938 1056 977 12.
1085 936 1208 986 Atque
1228 936 1300 975 hac
1320 945 1493 980 veterum

61 992 253 1030 discordia
284 992 578 1042 prudentissime
597 995 639 1029 in
657 1005 740 1029 rem
768 1004 876 1029 suam
894 994 954 1029 usi
977 999 1066 1030 sunt
1084 995 1162 1031 viri
1188 993 1420 1044 doctissimi,
1448 1001 1492 1032 ut

61 1051 279 1096 vincerent,
311 1047 504 1086 Israelitas
523 1048 571 1085 ad
593 1047 780 1096 stupenda
797 1047 890 1085 haec
911 1060 1046 1098 opera,
1075 1062 1160 1087 cum
1188 1052 1428 1100 gravissimis
1449 1053 1493 1089 in

61 1104 238 1156 Aegypto
268 1105 447 1142 oneribus
475 1111 759 1154 premerentur,
792 1117 927 1142 manus
955 1116 1073 1154 paene
1099 1106 1244 1144 invitos
1262 1106 1493 1157 admovisse,

61 1160 392 1256 NicolkxAbramus
411 1160 514 1199 vlu.
532 1160 650 1200 Phari
669 1161 714 1198 V.
738 1159 786 1198 T.
804 1161 875 1203 14.
903 1160 978 1201 Iac.
1001 1162 1179 1200 Perizon.
1201 1161 1310 1215 Orig.
1327 1162 1494 1216 Aegypt.

59 1219 135 1258 21.
227 1227 309 1254 sss.

177 1285 251 1326 75.
277 1286 348 1325 16.
366 1279 565 1337 Ἀρμαῖον
587 1280 854 1339 -Ἄμασιη
886 1283 963 1323 Hie
983 1281 1198 1338 Ἄμμωσιν
1230 1292 1269 1325 et
1296 1283 1495 1341 Μάρωνα

61 1353 141 1379 non
168 1343 284 1379 inviti
309 1343 524 1389 recipimus.
580 1341 711 1380 Amasi
739 1344 840 1380 enim
879 1344 1013 1379 ultimo
1050 1355 1185 1394 regum
1219 1342 1495 1396 Aegyptiorum

63 1409 134 1435 nec
161 1399 208 1436 ab
239 1396 436 1434 Herodoto
465 1410 536 1434 nec
568 1411 591 1435 a
626 1397 798 1436 Diodoro
834 1401 1004 1449 pyramis
1042 1402 1273 1451 assignatur.
1326 1399 1495 1450 Cumque

62 1452 164 1491 hunc
195 1455 318 1492 solum
348 1456 451 1491 inter
478 1453 646 1505 Aegypti
674 1468 785 1506 reges
816 1457 903 1493 illos
928 1455 1120 1493 Amasidis
1144 1469 1283 1494 nomen
1302 1456 1496 1506 habuisse,

61 1512 210 1548 ratione
230 1511 329 1547 bona
348 1509 397 1548 H.
420 1508 639 1558 Stephanus
658 1510 813 1558 doceat,
829 1508 1044 1562 ’Άμμωσιν
1066 1510 1128 1550 hic
1148 1514 1304 1551 interim
1326 1526 1374 1551 ex
1394 1527 1498 1552 mar·-

63 1568 153 1617 giue
179 1569 426 1614 assumimus,
459 1566 548 1604 dum
565 1569 705 1604 certius
724 1567 903 1617 quiddam
921 1567 1111 1606 offeratur.
1169 1570 1406 1619 Quamquam
1424 1584 1496 1609 nee

63 1626 106 1660 in
117 1621 304 1661 Ammosis
318 1635 432 1671 supra
450 1622 606 1661 adducti
625 1623 786 1661 historia
803 1624 1013 1674 pyramidis
1036 1627 1181 1678 mentio
1194 1625 1272 1664 fiat.
1305 1627 1427 1666 Porro
1444 1640 1496 1666 an

66 1677 174 1717 Maro
211 1678 272 1716 hic
306 1678 407 1716 idem
442 1681 513 1726 sit,
558 1682 624 1728 qui
657 1682 830 1728 superior
867 1679 997 1719 Marus
1031 1683 1096 1719 vel
1123 1680 1248 1731 Baro,
1277 1690 1345 1721 aut
1382 1687 1497 1723 etiam

64 1735 212 1783 Phero,
244 1735 532 1783 disquirendum
557 1742 688 1772 restat.
724 1734 859 1773 Ruon.
926 1736 1093 1776 Armain
1126 1750 1278 1789 regem,
1307 1741 1363 1777 sic
1394 1743 1498 1780 enim

65 1793 198 1840 scripti
226 1791 338 1838 libri,
376 1803 455 1828 uon
483 1791 662 1838 Amasin,
701 1792 743 1828 in
771 1791 952 1844 sphinge,
993 1805 1088 1842 quae
1117 1806 1234 1845 prope
1265 1797 1498 1846 pyramides,

63 1847 214 1885 Plinius
244 1846 435 1884 XXXVI.
469 1850 539 1888 12.
566 1848 763 1885 conditum
793 1851 870 1897 ait,
901 1855 1032 1897 estque
1069 1850 1252 1898 Armais,
1289 1851 1499 1902 Armaeus,

67 1903 254 1941 Sesostris
282 1903 422 1951 frater,
446 1910 490 1941 ut
517 1913 606 1941 ante
635 1904 800 1953 dictum,
826 1917 875 1942 ex
904 1904 1136 1943 Manethone
1155 1907 1255 1957 apud
1272 1906 1499 1958 Syncellum

67 1972 104 2009 p·
141 1960 242 2000 155.
281 1960 356 2004 Qui
383 1963 554 2008 sequitur
585 1960 762 2009 Amasis,
802 1963 884 1998 eius
923 1975 993 2013 ego
1029 1975 1169 2000 nomen
1205 1966 1378 2013 retineo,
1416 1972 1498 2004 tum

65 2023 216 2068 propter
236 2028 294 2062 ea,
323 2027 417 2064 quae
435 2016 485 2054 ad
503 2019 668 2066 cap.60.
693 2017 900 2067 disputavi,
930 2025 1011 2055 tum
1034 2019 1082 2055 ob
1105 2017 1299 2058 Lucanum
1309 2020 1379 2061 IX,
1395 2022 1499 2064 155.

232 2071 319 2110 Non
338 2072 437 2110 milti
447 2075 698 2124 pyramidum
728 2075 887 2111 tumulis
906 2075 1068 2113 avulsus
1085 2075 1258 2124 Amasis,

229 2128 358 2179 Atque
377 2129 453 2166 alii
468 2142 584 2180 reges
604 2129 695 2168 Nilo
722 2136 897 2169 torrente
923 2131 1147 2169 natabunt?

64 2182 196 2232 Neque
227 2187 330 2222 enim
358 2184 450 2222 haec
477 2186 526 2223 ad
551 2199 637 2224 eum
665 2186 844 2235 Amasin,
873 2189 938 2236 qui
968 2187 1107 2238 Apriae
1132 2191 1338 2238 successit,
1361 2191 1500 2230 referri

65 2247 245 2289 possunt,
273 2241 366 2279 alibi
383 2244 572 2291 sepultum
592 2243 692 2292 apud
712 2241 984 2281 Herodot.111.
1012 2247 1078 2285 10.
1110 2243 1171 2282 De
1208 2245 1306 2284 [nar
1299 2260 1380 2285 one
1402 2250 1500 2286 viris

67 2296 188 2333 doctis
217 2309 296 2334 non
324 2298 529 2346 obloquar,
556 2311 780 2348 quamquam
808 2299 894 2337 fieri
923 2303 1070 2367 potuit,
1096 2308 1140 2340 ut
1167 2303 1210 2340 in
1239 2309 1346 2341 tanta
1365 2317 1500 2354 regum

65 2351 342 2402 Aegyptiorum
358 2355 625 2403 multitudine,
654 2354 726 2393 hoc
745 2357 828 2403 quis
852 2359 1006 2394 nomine
1034 2358 1201 2409 insignis
1229 2359 1360 2397 fuerit.
1417 2359 1501 2398 Ha-

66 2408 197 2446 bemus
216 2410 332 2446 alium
349 2411 453 2448 infra
472 2410 545 2448 XI.
567 2414 639 2452 71.
664 2411 798 2449 Wssss.

180 2486 252 2526 75.
277 2488 348 2527 17.
370 2484 568 2542 Ἰναρῶν]
596 2488 733 2538 Recte,
766 2491 865 2539 quod
885 2491 933 2529 ad
952 2499 1171 2540 accentum,
1199 2493 1289 2532 libri
1308 2496 1499 2541 meliores,

68 2541 134 2591 qui
154 2537 331 2595 ’Ῑνὸρῶν.
389 2543 676 2583 Choeroboscus
703 2550 744 2584 in
764 2546 1096 2588 BekkeriAnecd.
1117 2563 1153 2599 p.
1186 2551 1321 2591 1197.
1348 2550 1423 2589 εἰσὶ
1456 2549 1500 2589 δὲ

68 2596 136 2635 καὶ
158 2596 381 2649 Περσικὰ’
363 2596 548 2651 ονόματα
569 2618 635 2641 και
657 2599 764 2655 Αῗ7’
745 2618 866 2642 vurta
886 2604 941 2650 εἷς
969 2620 1024 2652 ως
1046 2601 1245 2658 ληγοντα,
1277 2603 1395 2646 ἅτινα
1423 2603 1499 2658 τὴν

69 2649 199 2704 αὐτην
220 2653 350 2693 κλίσιν
369 2654 551 2710 ἔπιδέχοτ
554 2672 618 2697 ται
639 2663 726 2705 τοῖς
745 2659 800 2705 εἷς
821 2674 877 2706 ως
891 2657 1112 2707 Ἀττικοῖς·
1144 2660 1178 2700 εἴ
1182 2659 1250 2729 (l.
1270 2660 1340 2714 οὐ)
1359 2659 1499 2712 μέντοι

66 2705 446 2776 προπαροξυνονται
467 2711 572 2752 κατὰ
590 2729 665 2766 την
685 2712 874 2762 εὐθεῖαν,
905 2713 1041 2766 ὥσπερ
1061 2731 1107 2756 οι
1095 2713 1194 2756 ἶδὲ
1176 2732 1218 2756 εν
1237 2722 1329 2763 ταῖς
1356 2714 1500 2763 ἄλλαις

67 2760 283 2804 πτώσεσιν.
327 2763 411 2805 ἔστι
438 2765 515 2822 γὰρ
535 2766 588 2808 12
580 2784 702 2821 σριυς
732 2767 864 2823 ὄνομα
890 2771 1093 2823 βασιλέως
1115 2792 1164 2801 -
1191 2772 1260 2812 καὶ
1281 2771 1449 2814 l’ove'ov‘
1435 2770 1499 2814 ότι

67 2818 173 2867 τινὲς
191 2819 267 2871 μὲν
288 2817 502 2870 ὂξῦνουσιν
526 2822 657 2874 αὐτά,
683 2824 787 2873 τινὲς
816 2825 860 2866 δὲ
881 2830 1142 2882 περισπῶσιν.
