1828 3253
287 147 382 188 704
631 166 634 170 ’
749 143 1281 185 ANNOTATIONES

287 255 440 305 αὐτοὺς
461 255 622 309 ὃεχομὲι
631 273 696 310 ην,
715 254 953 311 κατήγοντο.
981 257 1112 297 Sedis
1132 258 1342 298 Phocidem
1363 267 1402 298 et
1413 258 1623 298 Phocaeam
1642 273 1734 299 con-

286 317 434 362 fundit,
465 322 510 352 ut
539 314 693 352 Livium
722 314 761 353 L,-
795 315 982 352 XXXVI.
1003 317 1079 356 43.
1108 317 1362 356 contendenti
1387 319 1628 368 perspicuum
1647 319 1732 354 erit.

289 371 400 410 Conf.
421 385 534 420 supra
555 371 602 407 ad
623 371 665 408 L.
686 369 732 409 V.
760 373 832 412 13.
864 372 914 408 W
918 382 1000 410 Ess.

406 429 511 468 623
531 427 718 473 21-E1'g
739 425 814 479 τὴν
842 425 1062 494 Tvglcim'cov
1082 423 1231 481 πόλιν]
1262 427 1538 479 Reponendum
1560 431 1642 466 sine
1663 428 1732 466 du-

288 485 353 523 bio
384 481 624 536 Πιιῖῥαίωι.
661 484 759 521 Nam
788 480 911 549 Πύῤζ
872 499 942 536 ,pa
974 485 1064 521 urbs
1095 485 1255 522 celebris
1286 488 1326 522 in
1355 486 1477 522 Lesbo
1508 487 1654 523 insula:
1690 490 1732 522 at

290 543 426 579 nulla*
417 554 457 577 111
478 554 521 577 ea
540 541 667 577 insula
703 535 847 593 Ἰυρὁα
880 547 947 577 aut
973 537 1147 594 Ίῦὀρος.
1171 543 1300 579 PALM.
1338 542 1429 579 Loci
1449 544 1588 580 vitium
1609 543 1732 578 anim-

287 597 461 635 advertit
480 596 570 633 Abr.
594 595 777 644 Ortelius,
806 595 899 649 Ἐου
905 596 1065 649 θοαίων
1086 601 1282 649 corrigens
1307 597 1497 635 Thesauri
1519 597 1732 647 voe.Ty1·-

288 654 515 692 rlmeorum.
548 651 697 701 Sequor
718 653 960 690 Palmerium.
991 652 1138 690 Hausta
1158 655 1309 703 quidem
1332 655 1491 704 Pyrrha
1515 656 1592 692 fuit
1620 656 1731 700 mari,

289 711 356 747 sed
383 710 564 746 suburbio
583 716 695 746 vetus
715 722 867 757 nomen,
899 715 944 745 ut
965 722 1013 747 ex
1033 709 1161 747 Plinio
1185 711 1226 750 L.
1251 711 1358 751 V.31
1373 742 1381 751 .
1407 718 1556 757 notum,
1576 713 1728 748 mansit.

286 766 423 805 Paullo
441 768 554 802 aliter
570 764 815 814 Xenophon,
845 767 1064 816 opinionem
1087 773 1214 803 tamen
1235 767 1379 806 Ortelii
1406 770 1609 819 iugulans,
1637 765 1733 803 Hel-

285 824 363 861 len.
385 822 428 861 L.
452 822 479 858 Ι.
501 822 605 861 349.
635 822 769 859 WESS.

402 879 506 919 623·
532 879 606 918 30.
648 877 733 917 Καὶ
755 874 831 924 τὰς
851 873 1003 929 νήσους
1022 874 1097 924 τὰς
1117 891 1244 929 συμμ.
1267 875 1622 930 Λακεδαιμόνιοι]
1654 877 1730 914 Su-

287 937 414 985 spicor
442 933 807 985 Λακεδαιμονίοις.
850 934 949 972 Nam
969 937 1033 983 qui
1055 937 1096 972 in
1116 934 1274 971 Aeolide
1288 963 1299 982 ,
1327 935 1511 984 Ioniaque
1533 943 1571 972 et
1590 936 1729 971 insulis

285 990 675 1029 Lacedaemoniorum
710 990 942 1038 foederatis,
981 992 1148 1042 agebant
1179 991 1341 1032 Graeci.
1382 994 1521 1043 legatis
1550 991 1731 1040 Spartam

284 1049 428 1093 missis,
458 1047 592 1083 ducem
611 1048 684 1084 sibi
704 1047 946 1097 Lysandrum
970 1054 1153 1097 optarunt
1172 1047 1325 1086 Diserte
1339 1048 1557 1098 Xenophon
1576 1046 1729 1084 Hellen.

287 1104 336 1142 II.
365 1116 401 1152 p.
425 1104 529 1143 354.
551 1110 589 1140 et
611 1103 843 1141 Plutarchus
864 1103 953 1154 Lys.
972 1118 1007 1154 p.
1029 1105 1136 1144 436.
1157 1104 1203 1144 Ε.
1234 1105 1368 1141 ῊῙΕΞΞ.

402 1161 505 1200 623.
543 1161 616 1200 36.
649 1159 730 1206 Δὶς
758 1158 830 1199 τὸν
862 1157 989 1199 αὐτὸν
1016 1158 1073 1213 μὴ
1104 1158 1302 1211 πὲιιπειν]
1338 1161 1418 1197 Aut
1440 1161 1529 1198 addi
1549 1159 1662 1196 debet
1680 1170 1729 1195 ex

284 1215 472 1255 Veneto
455 1231 517 1254 {m
537 1216 754 1284 παυαρχίᾳ,
779 1223 846 1253 aut
867 1217 1036 1265 profecto
1059 1218 1314 1269 subintelligi.
1345 1217 1424 1254 Lex
1447 1219 1550 1254 enim
1570 1216 1730 1254 vetabat

287 1273 350 1319 δὶς
371 1288 444 1312 τον
465 1270 592 1312 αὐτὸν
614 1288 690 1311 mxv
695 1277 845 1324 αοχεῖν,
875 1280 919 1309 ut
942 1273 1044 1309 Plut.
1068 1276 1108 1311 in
1130 1273 1298 1323 Lysand.
1323 1288 1357 1323 p.
1379 1275 1484 1314 436.
1506 1273 1550 1310 Ε.
1576 1273 1728 1310 scribit.

285 1330 407 1368 Porro
438 1331 479 1366 in
504 1329 563 1367 Α]
565 1331 627 1366 ati
653 1332 807 1366 nomine
838 1330 1044 1367 admissum
1066 1330 1209 1379 aliquid
1230 1344 1252 1367 a
1270 1331 1438 1367 librariis
1460 1337 1532 1368 est.
1557 1328 1730 1366 Diceba-

284 1393 350 1424 tur
360 1383 556 1437 ”.Αρακος
576 1386 675 1434 apud
695 1385 876 1434 Xenoph.
894 1386 936 1423 L.
958 1385 1004 1422 ΙΙ.
1024 1384 1113 1423 Rer.
1137 1386 1203 1423 Gr.
1229 1398 1263 1435 p.
1286 1387 1391 1426 354.
1421 1394 1459 1423 et
1479 1385 1730 1422 Plutarchum

286 1456 332 1480 eo
354 1444 460 1489 loco,
498 1455 609 1492 quem
630 1443 744 1480 modo
764 1443 931 1492 signavi.
962 1442 1012 1479 W
1018 1453 1113 1481 Ess..

399 1499 505 1539 624
533 1500 604 1539 50.
643 1495 763 1551 Προς
782 1496 832 1536 τὰ
852 1494 996 1549 πλήθη
1015 1500 1099 1537 τῶν
1118 1499 1184 1537 τελ
1189 1494 1448 1547 ευτησάιτωι
1460 1497 1476 1548 ]
1504 1498 1561 1535 Ita
1581 1499 1614 1534 si
1634 1497 1729 1534 scri-

284 1556 382 1606 psit,
425 1552 697 1606 ἀκυρολομάς
723 1554 929 1591 difficulter
955 1555 1189 1592 absolvetur.
1240 1554 1395 1592 Mallem
1425 1555 1601 1603 equidem
1626 1549 1729 1606 ποὺς

282 1609 382 1657 τοὺς
413 1616 612 1662 συγγενεῖς
646 1612 730 1649 τῶν
757 1607 1112 1662 τελευτησάντων,
1158 1611 1473 1659 quemadmodum
1492 1619 1580 1659 post
1597 1623 1730 1659 pauca,

284 1675 353 1706 aut
370 1674 474 1704 certe
495 1663 597 1720 πρὸς
618 1663 670 1705 τὰ
692 1662 861 1718 πλήθη,
888 1668 1041 1704 omissis
1062 1669 1146 1706 τῶν
1166 1663 1520 1719 τελευτησάντων,
1550 1668 1730 1716 reliquis-

285 1732 365 1763 set:
387 1736 509 1772 neque
530 1726 632 1760 enim
652 1736 709 1770 ea,
730 1724 806 1760 etsi
824 1724 988 1760 fortasse
1006 1723 1051 1760 de
1073 1726 1365 1773 praepositionis
1386 1724 1538 1761 defectu
1561 1725 1728 1771 suspicio

283 1787 480 1827 nascetur,
491 1781 598 1817 salva
610 1793 692 1816 esse
707 1786 903 1828 poterunt.
927 1779 1115 1817 Palmerio
1126 1780 1232 1817 aliud
1252 1783 1292 1817 in
1312 1788 1480 1817 mentem
1491 1782 1611 1826 venit,
1630 1780 1727 1816 scri-

284 1838 410 1876 benti:
436 1836 676 1887 imperfecta
698 1838 844 1883 oratio,
867 1836 933 1874 ubi
948 1837 1093 1888 procul
1111 1836 1224 1875 dubio
1246 1838 1355 1875 deest
1376 1838 1541 1887 aliquid.
1579 1836 1736 1873 Teuta?

284 1893 372 1932 bam
383 1893 565 1944 supplere
586 1890 683 1938 τοὺς
701 1889 980 1943 ὁιαβαλόντας
1000 1890 1152 1939 αὐτους
1175 1891 1279 1945 πρὸς
1299 1890 1351 1932 τὰ
1371 1895 1423 1932 717
1431 1909 1451 1931 7
1440 1890 1530 1944 szky,
1554 1888 1609 1939 ὥς
1630 1890 1738 1943 ἇμε·“

280 1946 416 2002 ὶήσαι
419 1963 494 1995 τας
512 1951 596 1988 τῶν
615 1945 986 2001 τετελευτηκότων,
1017 1945 1211 1987 calumnia
1230 1963 1293 1986 eos
1315 1957 1518 1987 onerantes
1539 1949 1586 1985 ad
1607 1961 1727 1998 popu-

283 2008 376 2054 lum,
405 2012 449 2043 ut
470 2008 535 2054 qui
555 2007 700 2043 nullam
719 2013 960 2043 mortuorum
980 2019 1111 2044 curam
1129 2005 1364 2044 habuissent.
1394 2005 1505 2050 Quod
1525 2007 1558 2042 si
1577 2008 1639 2042 cui
1658 2018 1726 2056 po-

284 2065 362 2100 tius
385 2064 481 2108 erit,
509 2069 718 2111 praeoptet.
748 2062 883 2100 WEss.

396 2119 503 2159 624.
530 2120 601 2158 58.
620 2116 772 2169 ’Έσχον
793 2116 1050 2169 ἀντιδίκους]
1083 2117 1160 2155 Adi
1188 2117 1490 2168 Xenophontem
1518 2116 1670 2155 Hellen.
1696 2115 1725 2154 I.

279 2188 318 2226 p.
343 2177 448 2216 350.
477 2174 614 2214 WEss.

396 2232 502 2272 624.
533 2233 607 2272 68.
645 2228 732 2271 Καὶ
760 2225 1024 2283 Καλλιάδης]
1053 2229 1238 2281 Suspicor
1262 2228 1407 2279 aliquid
1428 2230 1526 2268 labis
1545 2228 1635 2266 huic
1654 2242 1725 2266 no-

280 2289 378 2326 mini
404 2290 621 2338 ingenitum
650 2300 745 2324 esse.
779 2287 976 2335 Nusquam
1012 2287 1234 2335 Calliades,
1265 2299 1387 2336 neque
1420 2301 1452 2324 c.
1485 2287 1570 2333 74,
1603 2299 1724 2336 neque

279 2344 379 2394 apud
392 2343 691 2393 Xenophontem
713 2343 773 2381 his
793 2344 952 2381 ducibus
974 2350 1262 2381 annumeratur.
1285 2342 1455 2391 Uterque
1473 2314 1724 2380 Era⁹sinidem

280 2407 480 2446 memorat,
513 2403 578 2449 qui
597 2413 674 2437 una
696 2413 782 2437 cum
800 2403 940 2437 ceteris
962 2400 1121 2437 ducibus
1147 2400 1192 2437 de
1212 2401 1335 2436 iratae
1355 2399 1617 2437 multitudinis
1636 2412 1723 2436 sen-

282 2459 406 2494 tentia
426 2469 542 2506 quum
560 2457 681 2493 fuerit
712 2456 934 2503 damnatus,
982 2455 1190 2494 Calliadae
1220 2457 1346 2493 locum
1366 2469 1550 2504 occupare
1572 2457 1723 2504 poterit.

280 2513 386 2551 Defit
407 2520 603 2563 praeterea
626 2512 859 2560 Diomedon,
886 2513 1056 2549 eiusdem
1082 2513 1268 2560 criminis,
1299 2515 1333 2549 si
1354 2520 1480 2550 tamen
1499 2514 1643 2549 crimen
1663 2511 1740 2547 ‹li--

281 2570 456 2615 cendum,
484 2576 522 2606 et
541 2569 799 2606 damnationis
819 2570 961 2607 socius.
1004 2569 1138 2606 WVESS.

395 2626 501 2666 624.
536 2627 607 2666 83.
658 2624 1037 2677 Καταὸλικασθῆναι
1075 2622 1173 2671 τοὺς
1211 2622 1488 2678 στρατηγοὺς]
1539 2623 1723 2661 Damnati

281 2692 357 2718 vm
381 2690 485 2730 suut,
506 2689 544 2719 et
562 2693 619 2730 vl,
641 2685 707 2731 qui
725 2681 904 2728 aderant,
938 2683 1091 2729 capitali
1113 2695 1236 2731 poena
1254 2682 1407 2719 adfecti.
1460 2680 1605 2718 Tamen
1627 2693 1721 2729 quo-

278 2740 383 2776 niam
412 2749 442 2774 x
475 2739 589 2776 duces
618 2739 806 2788 praelium
834 2739 1166 2785 administrarant,
1207 2736 1306 2785 τοὺς
1332 2737 1428 2777 δέκα
1453 2734 1720 2791 στρατηγοὺς,

277 2792 373 2841 τοὺς
400 2792 473 2835 οὐκ
502 2793 771 2841 ἀνελομένους
796 2792 895 2842 τοὺς
921 2793 965 2834 ἐκ
991 2797 1066 2846 τῆς
1092 2795 1324 2846 ναυμαχίας
1347 2794 1619 2833 condemnatos
1639 2793 1719 2839 alii,
