1828 3253
477 119 542 160 1N
573 117 992 161 L113.11.CAP.8.
1021 120 1064 160 9.
1251 98 1254 103 “
1395 118 1484 162 169

159 238 262 279 122.
280 235 324 276 4.
351 232 495 287 Χωρὶς
513 234 588 284 τῆς
607 230 875 285 καμφθείσης
895 231 1102 283 ψαλίδος]
1131 231 1330 281 Forficem
1351 233 1488 270 incur-

46 300 181 333 vatam
201 293 419 341 interpretis
440 302 517 327 non
541 290 636 326 bene
653 289 842 340 intelligo.
907 288 1039 356 Ψαλίς
1059 289 1213 336 forniz·
1247 303 1313 327 seu
1335 302 1486 327 arcua-

48 358 127 388 tam
148 362 242 402 opus
262 355 332 386 est.
361 346 499 384 Strabo
517 344 591 383 XV
599 344 828 394 [.p.1073.
859 344 904 381 Α.
933 343 975 391 ἐξ
995 342 1124 396 ὀπτῆς
1144 344 1323 385 πλίιθου
1348 367 1396 374 -—-
1418 344 1488 385 καὶ

46 423 91 446 αι
108 405 284 456 ψαλίδες
302 403 369 443 καὶ
387 400 440 442 τὰ
462 396 765 453 καμαρώματα.
797 407 834 438 et
852 399 977 438 XVII.
1000 415 1035 451 p.
1063 403 1197 442 1167.
1218 400 1259 438 C.
1289 398 1394 441 ὥστε
1415 417 1488 441 κα-

47 461 256 513 ταβαίνειν
274 460 329 506 εις
351 456 480 524 021}th
502 454 608 497 κατὰ
628 458 904 509 καμφθεισῶν
930 456 1124 507 ψαλίδων
1152 454 1220 495 διὰ
1246 457 1488 508 μονολίθων

47 515 232 570 υπεοβαλ
235 512 390 555 λόντων
411 516 468 568 τῷ
488 511 663 567 ⁴tceyc''..?1l.st
689 516 744 551 sic
757 527 856 550 enim
868 513 1085 551 distractam
1076 526 1156 550 oce
1167 528 1392 567 κατακαμᾳ
1390 516 1490 554 θει-

50 578 136 614 σῶν
169 576 275 610 locus
296 574 369 609 iste
388 570 573 622 legendus
596 575 634 606 et
653 570 881 607 vertendus.
911 576 958 607 ut
983 571 1039 608 ad
1059 569 1221 616 fontem
1248 571 1493 608 descendant

51 644 101 669 oa:
128 634 297 668 arcuato
326 640 444 679 opere
465 640 545 678 per
568 626 750 664 cochleas
770 639 820 664 ex
839 639 914 663 uno
939 626 1072 678 lapide
1101 628 1275 676 ingentis
1295 628 1408 664 molis
1428 639 1490 664 se-

50 694 148 725 ctus.
173 684 318 733 Ioseph.
339 683 426 722 XV.
451 683 496 721 A.
518 682 549 722 Ι.
579 683 620 721 9.
643 684 683 722 6.
716 681 889 732 ψαλίδες
919 681 963 721 de*
993 681 1275 734 ἐνεπεποιηντο
1299 687 1491 733 συνεχεῖς,

48 757 171 794 κατα)
172 740 282 807 ωγαὶ
301 744 387 786 τοῖς
408 738 550 779 ναυτίλ
554 753 626 785 οις.
659 737 772 776 Philo
783 737 999 789 Belopoeic.
1018 752 1055 790 p.
1071 739 1142 779 80.
1172 735 1264 777 τινὰ
1285 737 1330 778 ὸὲ
1349 735 1492 778 καθά-

47 813 123 852 περ
144 797 187 837 ἐν
201 793 332 851 Ρόδῳ
353 795 409 842 εις
428 794 614 862 ψαλίδας
642 790 931 860 συΙκλειόΙιιενα
954 802 1025 831 ete.
1050 794 1101 832 W
1105 805 1186 831 Ess.

166 855 268 895 122
295 837 335 892 5.
360 847 472 890 'Ev‘
452 866 529 903 γμε-
524 850 624 900 ’ραις
645 850 688 889 δὲ
709 846 837 897 ἑπτὰ]
869 851 959 889 Non
977 853 1085 901 potui
1106 857 1242 887 contra
1262 863 1495 889 consensum

50 912 316 961 plerorumque
341 911 512 946 omnium
532 906 665 953 Codd„
684 909 865 958 exiguum
887 907 989 944 hunc
1015 907 1164 944 dierum
1185 920 1386 944 numerum
1405 919 1494 955 pro-

52 968 249 1013 bantium3
287 967 354 1015 qui
381 964 533 1012 quidem
563 966 598 1000 si
623 963 669 999 de
701 965 880 1001 cuniculo
902 959 1110 1016 (διώρυγι)
1131 965 1236 1010 solo,
1264 970 1309 1000 ut
1326 963 1496 1010 videtur,

52 1024 284 1072 accipiatur,
334 1020 434 1059 nihil
469 1019 622 1057 habebit
650 1019 751 1068 quod
789 1019 903 1056 fidem
941 1026 1166 1069 exsuperet·
1157 1047 1168 1067 ,
1219 1020 1317 1056 alter
1347 1019 1497 1057 dierum

51 1089 172 1125 cclx,
204 1078 271 1117 ubi
288 1077 455 1119 feminae
474 1075 644 1115 studium
671 1075 892 1117 consideres
919 1082 956 1113 et
979 1089 1180 1127 operarum
1198 1075 1499 1124 multitudinem,

53 1136 196 1174 nimius
224 1140 294 1170 est.
336 1133 471 1170 Wrss.

170 1189 273 1231 123.
298 1191 339 1231 8.
367 1184 596 1229 Δύνασθαι
616 1184 691 1238 τὴν
704 1185 933 1240 Σεμίραμιν
953 1185 996 1226 ἐκ
1015 1189 1100 1228 τῶν
1119 1184 1249 1240 πέραν
1260 1187 1350 1238 etc.]
1379 1187 1499 1236 Idem,

55 1253 161 1296 puto,
191 1246 317 1284 voluit
333 1243 557 1284 Philostrat.
594 1243 624 1281 Ι.
644 1244 721 1281 vit.
741 1244 865 1295 Apoll.
889 1244 980 1291 25.,
1011 1245 1076 1293 qui
1095 1243 1256 1282 fluvium
1279 1246 1320 1281 in
1339 1245 1499 1294 paludes

55 1303 271 1342 derivatum
289 1314 375 1338 cum
394 1299 680 1349 descripsisset,
710 1296 836 1352 ξηρόι
855 1314 897 1339 τε
917 1297 997 1352 ἤδη
1019 1297 1093 1339 τὸν
1113 1297 1304 1351 ποταμὸν
1317 1327 1330 1347 ,
1359 1302 1500 1350 inquit,

51 1355 257 1411 ὤρυττεν,
288 1352 475 1426 σήραγγα
495 1353 714 1408 ἓογαζομέν
718 1371 742 1407 ⁷7
763 1355 963 1407 κοιλην,’
956 1353 1012 1395 ι”ν
1046 1355 1101 1402 εἷς
1120 1352 1172 1395 τὰ
1191 1355 1405 1406 βασίλεια,
1446 1354 1501 1395 τὰ

54 1412 168 1467 παρὰ
190 1417 282 1459 ταῖς
302 1410 466 1463 ὄχθαις,
487 1409 624 1463 ὥσπερ
649 1411 691 1450 ἐκ
712 1414 786 1464 γῆς
808 1410 919 1465 ἀναᾳ
925 1411 1094 1459 αι’νοιτο,
1116 1418 1195 1450 tum
1207 1415 1287 1450 iam
1298 1415 1500 1452 exsiccato

48 1471 230 1525 fluminis
249 1470 363 1510 alveo
395 1475 548 1508 terram
568 1470 716 1517 egessit
733 1481 857 1506 caver
858 1482 1026 1521 namque
1035 1468 1169 1516 fecit,
1208 1483 1287 1520 qua
1307 1471 1347 1506 in
1368 1482 1501 1516 arces,

56 1535 229 1579 utraque
249 1527 288 1563 in
310 1527 402 1577 ripa
413 1527 596 1577 positas,
625 1531 814 1576 tanquam
835 1538 885 1562 ex
908 1532 1021 1563 terra
1045 1532 1271 1575 emergeret
1288 1532 1329 1563 et
1341 1539 1383 1563 se
1407 1539 1500 1564 con-

57 1583 300 1636 spiciendam
311 1582 541 1633 praeberet.
576 1578 634 1618 Cl.
654 1580 831 1622 Olearius
850 1583 962 1621 aliter
982 1583 1175 1629 instituit,
1207 1582 1275 1621 sed
1293 1584 1435 1631 minus,
1459 1587 1504 1620 ut

59 1640 249 1685 arbitror,
291 1636 438 1674 dextre.
452 1637 529 1677 W
533 1647 613 1674 Ess.

177 1695 280 1736 123.
304 1694 376 1734 15.
406 1694 492 1731 Γ
446 1708 494 1732 ου
515 1688 910 1744 κατασκευάσματος
933 1715 981 1724 —-
1008 1689 1396 1744 καταπεπτωκότος]
1425 1692 1507 1731 He-

60 1751 191 1791 rodoti
219 1757 342 1787 aetate
374 1748 498 1787 adhuc
528 1748 712 1796 durabat,
740 1757 782 1786 ut
811 1751 1006 1801 significat
1024 1750 1072 1788 ΙΙ.
1095 1752 1220 1797 181.;
1252 1749 1392 1787 Persae
1411 1764 1506 1788 vero

62 1808 358 1852 destruxerunt,
386 1818 456 1842 nec
479 1807 603 1853 potuit
623 1805 862 1854 Alexander,
892 1809 964 1844 etsi
983 1808 1113 1853 vellet,
1142 1809 1372 1845 instaurare.
1410 1806 1508 1843 Vide

63 1864 217 1904 Arrian.
236 1861 320 1901 VH.
342 1861 416 1900 Ex.
443 1861 490 1901 A.
520 1863 586 1901 17.
607 1868 646 1899 et
666 1861 720 1900 Io.
741 1861 914 1900 Freinsh.
934 1865 974 1900 in
998 1861 1121 1899 Curtii
1141 1861 1186 1898 V.
1211 1864 1248 1902 1.
1269 1863 1343 1901 24.
1374 1861 1507 1899 VVEss.

182 1919 285 1961 123.
313 1919 383 1958 18.
410 1916 495 1957 Καὶ
516 1915 614 1963 τοὺς
634 1917 877 1965 Χαλδαίους
889 1918 980 1968 etc.]
1010 1917 1234 1956 Conf.infra
1245 1918 1509 1958 c.29.WEss.

180 1975 283 2016 123.
304 1975 379 2014 21.
413 1970 480 2020 Ἐξ
508 1969 726 2026 ἀσφάλτου
756 1974 823 2013 καὶ
852 1974 1061 2025 πλίνθου]
1095 1974 1184 2013 Non
1212 1987 1314 2012 vana
1342 1977 1509 2023 suspicio

66 2038 147 2080 est,
168 2030 444 2081 Babylonicam
463 2032 622 2076 turrim,
652 2033 759 2068 cuius
779 2037 946 2069 structae
965 2033 1166 2068 occasione
1177 2030 1213 2069 N
1217 2029 1399 2068 oachidae
1419 2044 1511 2081 qua-

67 2100 298 2138 quaversum
318 2099 383 2135 per
403 2087 508 2123 orbis
530 2093 651 2124 terrae
672 2088 804 2137 plagas
827 2090 957 2139 spargi
979 2094 1070 2125 sunt
1088 2087 1234 2137 coepti,
1264 2087 1452 2125 bitumine
1474 2094 1512 2124 et

69 2146 200 2182 coctili
226 2145 345 2183 latere
375 2144 560 2180 altissime
593 2143 788 2190 eductam,
826 2145 872 2182 ab
898 2144 970 2180 hoc
990 2144 1129 2192 templo
1158 2155 1236 2179 non
1260 2144 1338 2180 nisi
1357 2145 1512 2180 nomine

70 2201 325 2250 discrepasse:
358 2200 480 2246 locus,
505 2200 615 2245 situs,
642 2200 804 2236 altitudo
826 2207 864 2237 et
884 2208 1012 2239 cetera
1033 2201 1128 2238 bene
1148 2207 1388 2249 congruunt3
1418 2199 1511 2236 Belo

72 2262 295 2294 consecrata
328 2255 429 2304 quod
460 2262 537 2302 est,
591 2255 631 2293 id
650 2256 795 2293 factum
815 2257 1017 2306 deinceps,
1073 2269 1159 2292 cum
1180 2254 1387 2305 Babylonii
1406 2256 1513 2292 urbis

73 2325 164 2349 suae
189 2311 427 2349 conditorem
456 2309 627 2349 Deorum
654 2314 694 2348 in
725 2325 926 2351 numerum
952 2313 1164 2359 referrent3
1202 2313 1322 2349 multa
1350 2311 1449 2350 hanc
1472 2313 1515 2349 in

73 2381 155 2407 rem
173 2368 384 2416 disputavit
407 2366 448 2405 S.
468 2367 642 2405 Bochart.
656 2367 800 2406 1.Pha1.
824 2371 865 2408 9.
885 2376 923 2405 et
945 2370 1029 2415 13.·,
1047 2380 1159 2416 quem
1180 2370 1349 2405 consule.
1382 2368 1512 2405 WEsS.

191 2425 295 2464 123.
319 2424 394 2463 25.
426 2423 511 2463 Καὶ
545 2422 817 2475 ὁίαβεβηκός]
857 2424 954 2462 Vide
974 2425 1002 2462 Ι.
1024 2426 1098 2465 98.
1135 2424 1270 2461 wass.

195 2481 298 2520 123.
320 2481 394 2519 26.
426 2476 654 2518 Ταλάιντων
674 2480 985 2531 Βαβυλωνίων]
1016 2479 1219 2518 Talentum
1240 2478 1518 2528 Babylonicum

78 2536 261 2584 aequabat
292 2545 376 2571 Lxx
409 2538 533 2572 minas
570 2535 760 2573 Euboicas
793 2539 875 2574 sive
896 2537 1062 2583 Atticas,
1102 2544 1144 2573 ut
1162 2549 1210 2572 ex
1231 2535 1430 2571 Herodoto
1452 2534 1519 2571 111.

83 2593 188 2633 126.
217 2598 254 2628 et
273 2590 419 2627 Polluc.
438 2590 509 2628 IX.
530 2593 730 2631 Onomast.
758 2595 829 2633 86.
848 2595 1120 2644 eognovimus3
1153 2604 1227 2640 qua
1246 2591 1396 2639 quidem
1419 2593 1459 2626 in
1478 2604 1519 2626 re

79 2649 126 2686 ab
151 2655 310 2695 utroque
331 2646 510 2684 dissentit
527 2648 675 2685 Aelian.
695 2648 724 2687 1.
749 2648 852 2686 V.H.
869 2652 944 2689 22.
960 2677 972 2696 ,
997 2648 1235 2698 Babylonico
1254 2649 1377 2683 minas
1401 2656 1519 2683 Lxxu

80 2705 254 2741 tribuens
271 2713 281 2749 3
321 2702 386 2738 sed
405 2715 450 2739 eo
470 2705 553 2740 loco
577 2716 710 2751 parum
731 2717 861 2752 sanus,
888 2708 1001 2745 sicuti
1020 2705 1151 2742 docuit
1167 2702 1382 2741 Wilebord.
1406 2701 1521 2740 Snel-

82 2762 157 2798 lius
178 2760 224 2797 de
245 2757 301 2796 Re
321 2757 478 2796 Numar.
498 2772 533 2808 p.
552 2760 627 2799 41.
669 2760 803 2798 W'Ess.
