1828 3253
339 73 435 116 684
796 61 1320 106 ANNOTATIONES

452 184 558 225 601.
589 183 660 222 86.
701 174 827 220 Γάϊον
847 174 1016 219 Μάνιον
1040 176 1260 230 Αἲμίλιον]
1300 176 1412 216 Tolle
1435 173 1583 226 Γάϊον,
1606 185 1650 216 ut
1667 178 1778 216 adul-

336 242 516 284 terinum.
544 237 680 275 RHoD.
718 237 956 273 Alterutrum
981 247 1210 283 praenomen
1230 237 1326 272 citra
1354 235 1508 272 dubium
1529 235 1780 272 auferendum

339 305 419 344 est,
444 303 578 333 natum
611 307 659 331 ex
683 293 724 330 C.
751 293 925 338 Valerii,
953 305 1046 342 quae
1067 298 1298 341 sequuntur,
1324 292 1554 328 nominibus.
1604 291 1648 327 ln
1667 291 1778 328 Livio

337 354 421 393 Lib.
442 353 504 390 IV.
531 352 602 390 53.
638 349 692 388 M.
723 349 913 387 Aemilius
942 355 1008 384 aut
1035 347 1210 385 ilfartz'us
1245 348 1434 386 Aemilius
1463 349 1554 384 olim
1585 347 1778 394 edebatur,

338 410 441 460 quod
460 409 640 446 vitiosum
660 419 742 443 esse
764 405 944 443 viderunt
964 403 1171 454 Sigonius,
1199 403 1381 455 Pighius,
1409 411 1448 441 et
1465 410 1613 454 praeter
1633 409 1779 439 ceteros

337 463 704 510 Drakenborchius,
732 462 843 498 huius
864 461 939 498 loci
975 473 1053 497 non
1084 461 1237 498 oblitus.
1286 460 1327 497 ld
1358 473 1451 497 vero
1479 461 1780 509 praetermittere

337 536 418 562 non
441 521 583 567 debeo,
613 517 911 567 Xenophontem
931 515 1083 553 Hellen.
1108 516 1136 554 Ι.
1154 530 1176 567 p
1210 517 1313 557 345.
1349 515 1517 553 Cononis
1539 523 1577 553 et
1595 515 1780 552 Callicra-

338 579 440 617 tidae
468 591 531 614 res
546 583 674 627 gestas
694 577 735 611 iu
755 586 898 611 annum
926 579 1168 623 sequentem,
1194 576 1256 610 cui
1277 571 1416 610 Callias
1436 573 1573 609 Atticis
1593 573 1634 608 iu
1655 570 1782 607 Fastis

337 647 478 675 nomen
496 634 610 678 feeit,
643 631 837 668 conferre:
867 642 939 666 nec
968 643 1049 667 eam
1072 636 1200 665 tamen
1221 631 1401 678 temporis
1430 629 1666 666 notationem
1686 625 1782 663 Dio-

337 692 590 729 doronocere
617 700 750 737 posse,
781 699 866 723 cum
887 687 997 732 plura
1019 687 1086 723 isti
1115 698 1215 721 anno
1248 686 1562 731 contribulantur,
1594 696 1689 732 quac
1710 683 1782 719 hoc

336 753 512 789 vertente
535 747 802 794 contigerunt,
829 743 974 779 fatente
994 741 1042 778 H.
1075 739 1287 777 Dodwello.
1312 740 1454 777 Contra
1473 742 1641 778 instituit
1659 738 1782 776 Scho-

335 806 467 842 liastes
488 800 633 839 Comici
647 799 742 837 Rau.
768 812 802 835 v.
818 799 904 843 33,
933 810 1099 847 pugnam
1119 797 1167 833 ad
1187 797 1399 847 Arginusas
1419 793 1476 835 ἐπ’
1494 794 1691 842 Ἀντίνου,
1715 807 1783 831 seu

333 856 621 910 Ἀντιγένους,
652 859 706 892 sic
728 855 830 891 enim
859 855 1025 890 scribere
1045 853 1201 898 debuit,
1231 860 1437 902 pugnatam
1457 864 1683 890 memorans,
1723 850 1783 887 Ea

337 915 482 961 Callia,
500 916 565 963 qui
584 918 669 962 post
692 911 918 961 Antigenem
939 911 1034 956 fuit,
1062 909 1255 945 Archonte
1277 911 1467 946 conmissa
1494 909 1582 946 fuit.
1612 906 1690 944 Sed
1710 906 1782 943 hoc

336 973 540 1019 occupavit
560 968 601 1006 S.
623 969 771 1005 Petitus
793 965 955 1003 Miscell.
976 966 1019 1002 L.
1042 965 1071 1001 Ι.
1097 966 1166 1005 14.
1195 965 1336 1004 ΙῪΕΞΞ,

450 1028 557 1067 602.
585 1025 661 1065 95.
695 1020 891 1067 ”Ακακος
913 1021 957 1062 δὲ
977 1020 1044 1060 καὶ
1064 1018 1140 1073 τὴν
1159 1018 1300 1073 ψυχὴν
1322 1016 1504 1068 ἁπλοῦς]
1544 1018 1602 1056 De
1625 1018 1679 1058 M.
1701 1019 1784 1055 An-

334 1085 444 1122 tonio
467 1083 663 1132 Appianus
686 1079 727 1116 L.
743 1080 787 1116 V.
806 1079 902 1116 Bell.
922 1077 1034 1117 Civil.
1054 1091 1089 1126 p.
1111 1078 1244 1118 1183.
1276 1074 1332 1116 ὧν
1351 1077 1417 1115 καὶ
1438 1074 1490 1114 τὰ
1512 1073 1616 1114 ἄλλα
1638 1074 1713 1113 αἷεὶ
1734 1072 1780 1114 τὸ

336 1137 533 1195 φρόνημα
553 1133 710 1181 ἁπλοῦς
730 1134 797 1174 καὶ
818 1133 945 1186 μέγας
963 1133 1029 1174 καὶ
1052 1131 1215 1180 ἄκακος.
1250 1133 1327 1170 Sed
1348 1135 1408 1170 illi
1428 1146 1506 1170 non
1528 1135 1560 1169 is
1580 1132 1698 1169 animi
1715 1131 1784 1168 ha-

335 1197 442 1234 bitus
463 1201 667 1246 perpetuus
686 1193 784 1239 fuit3
807 1192 852 1228 de
873 1189 1118 1229 Callicratida
1138 1197 1271 1229 nostro
1289 1189 1507 1227 adsentitur
1525 1190 1625 1227 Plut.
1648 1189 1689 1225 in
1701 1186 1783 1238 Ly-

336 1253 476 1292 sandro
499 1265 535 1301 p.
555 1250 664 1290 435.
684 1247 727 1285 F.
743 1255 813 1285 ete.
844 1247 979 1285 WVESS.

450 1309 556 1348 602.
583 1307 624 1345 3.
664 1302 890 1356 Παρὲλαβε
910 1301 985 1349 τὰς
1004 1305 1105 1349 ναῦς
1127 1301 1227 1355 etc.]
1270 1302 1360 1339 Non
1381 1308 1441 1339 est
1460 1301 1667 1338 verisimile
1686 1298 1784 1337 Dio-

336 1366 470 1403 dorum
491 1360 722 1413 παρέ).αβεν
742 1361 801 1397 bis
825 1362 1045 1408 scripsisse,
1073 1368 1116 1396 ut
1137 1360 1198 1396 hic
1219 1361 1382 1409 legitur,
1407 1359 1524 1394 nullis
1546 1358 1782 1405 interpositis

333 1423 474 1462 verbis.
508 1419 665 1456 STEPH.
691 1416 822 1464 Neque
842 1416 934 1453 mihi
954 1417 1165 1453 verisimile
1185 1416 1239 1451 fit.
1267 1413 1389 1452 Credo
1409 1415 1528 1450 fuisse
1549 1407 1783 1450 καταπλεύ-

336 1493 413 1524 σας
435 1474 702 1527 εἷς’Έφεσον,
731 1472 798 1511 καὶ
820 1469 895 1517 τὰς
913 1475 1014 1517 ναῦς
1035 1466 1432 1522 μεταπεμψάμενος,
1462 1467 1536 1514 τὰς
1555 1464 1693 1514 πάσας
1713 1475 1785 1505 etc.

335 1535 434 1586 quod
456 1540 492 1570 et
512 1534 569 1568 rei
596 1537 724 1581 gestae
755 1530 851 1565 bene
881 1531 1089 1566 convenire
1109 1527 1330 1579 Xenophon
1358 1525 1447 1563 Rer.
1468 1526 1603 1563 Graec.
1625 1523 1666 1562 L.
1689 1523 1717 1560 Ι.
1746 1538 1782 1574 p.

338 1591 441 1631 345.
470 1589 653 1625 declarat.
680 1585 814 1622 Wnss.

448 1646 553 1687 602.
589 1644 630 1683 5.
664 1640 890 1694 Δελφίνιον
917 1636 1197 1690 κατεχόντων]
1233 1638 1327 1676 Loci
1358 1645 1497 1676 natura
1526 1643 1565 1674 et
1589 1639 1686 1674 situs
1716 1636 1783 1672 de-

335 1704 557 1742 scribuntur
580 1713 602 1736 a
620 1697 871 1748 Thucydide,
898 1699 1086 1734 munitum
1116 1697 1162 1733 ab
1185 1696 1482 1732 Atheniensibus
1504 1694 1656 1743 Olymp.
1679 1703 1779 1732 xcn.

334 1773 437 1799 anno
476 1760 598 1808 primo
637 1755 797 1791 docente
828 1753 869 1792 L.
904 1753 1004 1792 vul.
1038 1755 1112 1793 38.
1130 1763 1140 1799 3
1188 1755 1454 1801 reciperarunt
1491 1749 1783 1787 Lacedaemonii

333 1819 553 1867 priusquam
579 1812 625 1850 ad
646 1814 805 1848 classem
827 1809 1091 1847 Callicratidas
1110 1811 1292 1856 accessit,
1321 1810 1354 1845 si
1375 1807 1547 1844 ordinem
1567 1819 1694 1843 rerum
1715 1805 1782 1841 ad-

333 1876 639 1912 ministraturum
666 1866 886 1919 Xenophon
912 1865 1003 1905 Rer.
1027 1866 1163 1904 Graec.
1187 1865 1229 1903 L.
1255 1865 1284 1901 l.
1309 1877 1345 1913 p.
1365 1864 1473 1904 344.
1502 1869 1679 1900 accurate
1710 1862 1780 1898 ob-

335 1929 517 1968 servavit.
550 1925 687 1963 WEss.

448 1985 553 2024 602.
585 1983 626 2022 9.
666 1978 872 2027 Ἐξέλιπον
896 1974 942 2018 τὸ
965 1977 1119 2031 χωρίον
1152 1972 1446 2028 ὑπόσπονδον]
1484 1974 1573 2012 Non
1601 1973 1783 2023 inproba-

333 2055 439 2088 rem,
466 2043 498 2077 si
521 2040 588 2089 qui
616 2038 715 2074 liber
736 2037 951 2081 addiceret,
979 2031 1248 2074 ὑπόσπονδοι.
1291 2033 1359 2070 Sic
1382 2031 1599 2081 Thucydid.
1620 2029 1683 2067 Vl.
1708 2031 1779 2069 59.

335 2094 474 2149 ἐχώρει
496 2090 760 2138 ὑπόσπονδος
784 2091 824 2139 ἴς
846 2106 887 2130 τε
912 2090 1080 2143 Σίγειον.
1127 2090 1177 2126 Et
1206 2090 1347 2126 Noster
1367 2103 1399 2126 c.
1420 2091 1494 2128 64.
1526 2081 1781 2126 ὑπόσπονδοι

334 2153 407 2194 τὸν
429 2149 557 2191 τόπον
578 2149 768 2197 ἐξέλιπον.
818 2148 914 2185 Vide
937 2148 984 2184 ad
1005 2147 1046 2183 L.
1069 2147 1134 2184 Ill.
1158 2148 1228 2186 70.
1260 2146 1446 2193 superius.
1475 2144 1615 2181 XVESS.

450 2209 554 2248 602.
585 2209 653 2247 18.
685 2207 780 2243 Τῶν
802 2203 841 2243 δ’
870 2202 1034 2253 ἀνδρῶν
1054 2199 1320 2256 φεισάμενος]
1347 2201 1625 2250 Methymnaeis
1647 2211 1781 2247 peper-
1825 2194 1827 2197 ’

336 2267 411 2305 cit:
441 2278 528 2302 nam
557 2275 690 2299 servos
716 2269 753 2298 et
772 2263 836 2310 qui
858 2273 905 2296 ex
928 2260 1225 2297 Atheniensibus
1248 2260 1288 2294 in
1311 2257 1501 2307 praesidio
1521 2257 1686 2300 fuerant,
1714 2267 1779 2291 eoa

336 2335 467 2361 omnes
489 2320 557 2357 sub
580 2331 721 2356 corona
744 2317 940 2364 vendidit,
980 2315 1198 2363 Xenophon
1218 2314 1368 2351 Hellen.
1392 2313 1419 2349 Ι.
1447 2327 1485 2363 p.
1507 2314 1616 2352 346.
1640 2311 1776 2349 Ινεεε.

451 2378 557 2417 602.
586 2378 660 2415 28.
687 2371 782 2412 Ἐπὶ
803 2371 877 2424 τὴν
896 2369 1098 2424 βοήθειαν
1120 2374 1194 2422 τῆς
1215 2366 1486 2421 ΖΙἸηθύμνης]
1524 2368 1688 2405 Iusserat
1705 2365 1778 2404 Co-

335 2436 429 2473 noni
450 2431 715 2471 Callicratidas
735 2432 951 2467 renuntiari
971 2426 1032 2468 ὅτι
1051 2423 1193 2466 παύσει
1219 2424 1345 2465 αὐτὸν
1364 2427 1574 2477 μοιχῶντα
1599 2421 1673 2475 τὴν
1695 2418 1778 2461 θά-

334 2493 513 2535 λατταν,
538 2491 564 2526 ἰ.
589 2502 621 2524 e.
642 2499 685 2523 se
706 2500 789 2523 eum
819 2488 943 2522 maris
966 2486 1170 2536 imperium
1193 2484 1294 2520 clam
1323 2490 1444 2533 atque
1474 2482 1650 2519 adulteri
1669 2492 1777 2516 more

336 2547 412 2586 sibi
437 2546 702 2584 vindicantem
733 2545 772 2579 in
804 2544 977 2579 ordinem
1007 2542 1285 2585 redacturum,
1310 2539 1409 2587 apud
1429 2536 1607 2586 Xenoph.
1623 2535 1774 2572 Hellen.

335 2603 364 2641 Ι.
385 2616 423 2653 p.
436 2603 540 2643 346.
568 2598 796 2638 Plutarchus
815 2601 930 2645 enim,
956 2601 1021 2646 qui
1040 2597 1182 2634 dictum
1200 2596 1239 2633 id
1257 2594 1523 2632 Callicratidae
1543 2596 1648 2638 citat,
1664 2591 1774 2627 Tom.

335 2659 384 2697 Π.
407 2671 440 2706 p.
462 2659 596 2699 1100.
618 2656 662 2692 B.
692 2655 874 2706 αἰσχρῶς
903 2654 970 2693 καὶ
1001 2649 1140 2706 κρύφα
1171 2654 1314 2707 πειρᾷν
1345 2649 1411 2690 καὶ
1442 2644 1775 2702 παραβιάζεσθαι

337 2716 463 2752 simile
489 2727 571 2752 esse
598 2712 746 2751 indicat
755 2741 767 2760 ,
796 2722 917 2760 neque
947 2710 1037 2748 binc
1057 2709 1203 2747 abludit
1224 2706 1382 2759 Synesii
1399 2706 1522 2757 Epist.
1548 2704 1592 2742 V.
1615 2716 1650 2752 p.
1674 2704 1774 2745 167.
