1828 3253
482 200 544 241 IN
574 199 685 240 LlB.
716 198 796 238 xl.
827 197 955 237 CAP.
986 197 1213 239 60.-63.
1481 196 1570 237 535

239 315 348 357 451.
373 315 446 357 64.
476 311 601 367 Mlya
631 310 674 353 δ”
707 309 864 353 ἔστενεν
878 309 989 359 Ἀσὶς
1016 306 1082 350 ὑπ’
1108 306 1274 361 αὐτῶν]
1307 308 1352 347 In
1370 310 1564 357 exempla-

126 371 234 410 ribus
251 373 395 409 nostris
416 373 556 421 legitur
575 368 678 423 μέγα
713 368 747 408 δ’
773 368 812 415 ἐς
839 365 976 421 γενεὰς
1005 362 1071 406 ὑπ’
1107 364 1244 406 αὐτῶν
1277 373 1315 403 et
1346 367 1428 402 sine
1451 378 1564 403 sensu

126 435 167 465 et
183 442 268 466 cum
288 430 400 465 metri
419 427 681 465 dissolutione.
711 425 763 462 At
779 424 881 477 μέγα
905 421 939 463 0⁶
975 421 1130 463 ἔστενεν
1157 420 1283 468 Ἀσὶς
1311 417 1376 460 ὑπ’
1411 418 1562 469 αὐτῶν,

127 482 200 537 (ut
226 484 324 534 apud
356 485 453 521 alios
476 485 680 531 scriptores
712 484 853 532 legitur
881 480 952 517 hoc
979 480 1077 517 idem
1110 482 1341 530 epigramma
1370 474 1560 528 citantes)

124 546 288 590 utroque
307 539 546 577 incommodo
568 545 689 576 vacat.
727 538 825 577 Nam
850 535 1026 583 Ἀσίὸος
1055 532 1148 587 αἴης
1176 536 1268 573 alibi
1291 546 1438 583 quoque
1460 535 1559 584 legi-

126 609 210 632 mus
239 598 279 633 in
306 595 381 633 fine
411 608 545 632 versus
574 594 784 633 hexametri
813 607 896 630 cum
927 608 952 631 α
980 594 1096 643 longo
1122 594 1159 628 in
1178 589 1378 637 Ἀσι’ὸ“ος,
1408 591 1499 626 licet
1519 592 1558 626 in

122 648 279 698 Ἀσίας
298 653 438 699 corripi
461 653 601 698 soleat,
639 657 683 688 ut
701 652 843 688 factum
868 656 925 686 est
944 650 983 685 in
1005 652 1125 698 primo
1145 647 1257 685 huius
1277 648 1557 697 epigrammatis

123 721 250 746 versu.
280 707 434 744 STEPH.
470 706 568 744 Vere
589 706 830 756 Stephanus,
859 707 968 742 cuius
991 705 1267 742 correctionem
1292 703 1439 740 stabilit
1459 702 1557 738 liber

123 764 273 810 Vatic.;
306 775 467 812 namque
489 761 905 803 AEEI'ENEAEJE
930 775 1007 799 non
1025 760 1177 799 aliunde
1199 761 1387 812 originem
1410 761 1556 808 accepit

120 826 234 868 atque
252 831 301 855 ex
321 818 424 871 μέγα
446 817 488 857 δ”
523 816 656 858 ἔστενε
679 816 817 864 Ἀσίς.
856 818 989 856 Wnss.

233 876 340 915 451.
375 877 447 916 66.
493 872 573 913 Ἐπ’
596 872 818 929 Ἄρχοντος
848 872 889 912 δ’
926 869 1122 926 Ἀθήνῃσι
1158 870 1397 923 Φαίδωνος]
1453 870 1554 921 Lege

112 927 371 984 ,Ἀφηφίονος
399 944 447 968 ex
475 930 664 968 Marmore
695 931 955 968 Arundeliano
986 932 1088 967 linea
1123 931 1218 976 72,
1255 931 1318 967 cui
1347 927 1554 964 concordat

120 986 315 1038 Diogenes
335 987 510 1024 Laertius
531 990 570 1024 in
593 988 750 1026 Socrate
779 987 840 1039 (L.
864 986 908 1024 Ιί.
929 986 1024 1038 41.)
1063 986 1192 1023 PALM.
1224 982 1306 1023 'En'
1330 981 1554 1036 ’Ἀρχοντος

121 1040 158 1082 (5²
183 1040 383 1095 Ἀθήνῃσι
419 1043 635 1094 Φαίωνος]
671 1044 886 1081 lnstauravi
910 1042 1116 1079 Archontis
1138 1054 1298 1087 nomen,
1332 1043 1402 1077 etsi
1422 1053 1553 1076 eorru-

121 1105 241 1148 ptum.
268 1099 400 1136 Videri
431 1100 580 1148 quidem
601 1107 728 1149 posset
755 1099 949 1138 Plutarch.
971 1098 1085 1135 Thes,
1112 1110 1145 1146 p.
1169 1099 1237 1137 17.
1262 1096 1302 1134 Β.
1321 1097 1552 1145 patrocinari

114 1154 324 1202 ’Φαι’ὃιοἰνι,
343 1168 428 1191 cum
449 1153 552 1204 μετὰ
575 1154 626 1194 τὰ
647 1153 820 1207 ,Μηδικὰ
844 1154 1059 1199 Φαίδωνος
1080 1152 1277 1204 ἄρχοντος
1301 1152 1552 1189 Athenienses

119 1213 275 1249 oraculo
295 1213 460 1248 monitos
486 1213 550 1258 ait,
572 1220 615 1248 ut
634 1214 816 1261 reliquias
836 1210 977 1247 Thesei
997 1210 1166 1246 Athenas
1188 1215 1437 1258 reportarent,
1458 1220 1551 1258 quas

115 1268 259 1305 relatas
279 1270 379 1304 circa
401 1266 472 1304 hoc
494 1274 653 1316 tempus,
686 1267 809 1318 Scyro
829 1268 996 1313 subacta,
1026 1267 1206 1311 diximus,
1233 1268 1307 1303 nisi
1328 1272 1365 1302 et
1388 1266 1467 1301 illic
1490 1265 1552 1301 vi-

115 1324 172 1360 tio
201 1323 447 1372 depravatum
469 1323 676 1363 Archontis
704 1330 805 1362 esset
835 1336 987 1360 nomen.
1029 1321 1257 1360 Plutarchus
1279 1325 1380 1358 enim
1409 1322 1549 1369 ipsein

113 1377 263 1418 Cimon.
285 1394 318 1430 p.
339 1380 446 1420 483.
465 1379 510 1417 Ε.
532 1377 772 1432 Ἀφεψίωνα
793 1379 969 1428 adpellat.
1016 1377 1153 1415 Scribe
1175 1390 1266 1428 ergo
1283 1375 1551 1430 Ἀψεφίωνος,

115 1442 182 1474 aut
201 1432 460 1489 ἶνίψηφιόνος
490 1448 539 1472 ex
568 1436 757 1474 Marmore
786 1435 1002 1473 Oxoniensi
1029 1447 1115 1472 cum
1141 1434 1353 1480 Palmerio,
1395 1435 1549 1482 quicum

110 1494 364 1529 consentiunt
386 1490 583 1530 Stanleius
602 1493 652 1530 ad
670 1495 790 1531 vitam
808 1491 989 1541 Aeschyli
1012 1491 1162 1541 p.706.
1184 1497 1221 1526 et
1232 1488 1549 1527 Rich.Bentleius

114 1546 277 1584 Dissert.
297 1548 343 1585 de
363 1547 555 1587 Phalarid.
572 1548 697 1600 Epist.
720 1562 757 1598 p.
771 1549 895 1595 282„
914 1549 1076 1585 aliorum
1097 1547 1141 1582 de
1164 1546 1236 1583 hoc
1252 1545 1443 1582 Archonte
1463 1558 1551 1594 pec-

106 1610 202 1641 cata
218 1604 372 1642 uberius
391 1611 624 1654 persecutus
643 1605 778 1642 WEss.
798 1604 1039 1642 Phaedonem
1053 1602 1552 1652 utApsephionisuffectum

111 1661 216 1697 inter
233 1660 563 1710 pseudeponymos
582 1660 784 1699 archontes
802 1662 935 1699 retulit
954 1659 1137 1697 Corsinus
1155 1658 1197 1695 F.
1212 1658 1257 1697 A.
1280 1671 1314 1706 p.
1327 1657 1375 1696 11.
1401 1665 1428 1697 t.
1455 1660 1494 1697 l.
1515 1671 1550 1706 p.

119 1717 225 1757 182.
238 1728 317 1765 seq.
341 1715 595 1755 suffectorum
614 1723 740 1754 autem
758 1718 865 1754 nulla
883 1719 980 1753 ratio
1001 1722 1059 1754 est
1076 1716 1191 1753 fastis
1212 1714 1548 1751 excludendorum.

226 1772 336 1814 451·
365 1774 438 1814 68.
467 1770 757 1819 Μεδιολανός]
798 1771 905 1810 Muta
927 1768 1188 1817 ΖΡῙεδιολανὸς
1208 1773 1247 1808 in
1269 1769 1553 1815 [νῖεὸουλλῖνος

114 1834 155 1865 et
177 1824 345 1871 Μάνιος
367 1823 543 1870 oedem
565 1832 606 1866 in
619 1825 811 1874 ΖΙεΊάνλιος
835 1824 1046 1867 Οὐόλσων.
1074 1826 1207 1864 Ruon.
1238 1826 1349 1864 Certa
1360 1832 1491 1865 resest
1502 1838 1550 1861 ex

115 1882 258 1932 Fastis,
275 1892 313 1921 et
333 1884 563 1935 suffragatur
580 1884 740 1936 Pighius
761 1884 791 1920 F
793 1891 908 1922 astor.
927 1883 969 1921 L.
987 1883 1035 1922 ΙΙ.
1058 1896 1094 1932 p.
1120 1886 1136 1922 1
1155 1884 1222 1923 13.
1245 1883 1388 1920 Manlio
1408 1883 1552 1932 gentile

114 1952 256 1979 nomen
266 1942 418 1979 restitui
431 1953 478 1978 ex
489 1939 706 1988 Codd.,levi
726 1954 841 1990 opera
859 1940 1012 1985 adiutis,
1032 1941 1130 1988 quod
1150 1947 1188 1975 ct
1206 1942 1244 1975 in
1257 1940 1482 1989 cognomiue
1495 1938 1551 1973 fe-

114 1999 265 2044 cissem,
284 1997 532 2035 scribentium
552 2004 708 2047 peccato
732 2009 780 2034 ex
795 1995 1082 2037 OYOAEQN
1101 1996 1316 2046 progenito,
1332 1997 1365 2033 si
1384 1993 1475 2044 quid
1495 1994 1554 2032 illi

115 2055 198 2102 opis
216 2054 408 2091 tulissent.
438 2053 573 2091 WVESS.
602 2049 796 2098 Μάνλιος
822 2048 1046 2092 Οὗούλσων
1071 2051 1203 2089 Ursin.
1234 2051 1340 2089 IDEM
1362 2052 1402 2087 in
1426 2049 1522 2087 Add.

230 2109 341 2151 451..
362 2111 440 2151 71.
474 2107 541 2149 Ἕν
563 2106 641 2164 γὰρ
661 2111 712 2164 τῇ
733 2104 905 2162 ἁπάρτῃ
932 2107 1158 2160 γενομένων
1183 2103 1388 2158 σεισμῶῌ
1417 2106 1554 2153 Liquet

118 2179 168 2204 ex
194 2164 423 2216 Thucydide
452 2166 480 2203 I.
518 2168 621 2207 101.
656 2173 780 2204 terrae
810 2165 911 2202 hunc
937 2172 1138 2202 tremorem
1168 2166 1413 2213 posteriorem
1432 2163 1552 2200 fuisse

116 2221 595 2270 desectione-Thasiorum,
626 2222 671 2259 de
693 2234 767 2271 qua
787 2221 930 2259 Noster
954 2234 986 2257 c.
1010 2222 1081 2260 70.
1123 2220 1203 2257 Nec
1222 2220 1327 2257 aliud
1347 2219 1552 2268 quidquam

117 2280 319 2329 collegeris
336 2291 390 2328 ex,
406 2279 506 2317 Plut.
525 2278 673 2317 Cimon.
697 2291 733 2327 p.
747 2279 881 2324 488„
902 2280 967 2327 qui
986 2291 1068 2315 cuni
1089 2277 1208 2323 addit,
1232 2283 1373 2314 terram
1393 2274 1554 2324 Spartae

118 2337 284 2372 movisse
311 2347 413 2371 anno
440 2337 543 2386 regis
571 2335 792 2373 Archidami
822 2340 977 2384 quarto,
1007 2347 1029 2370 a
1051 2333 1183 2369 Nostri
1203 2333 1439 2379 rationibus,
1476 2334 1554 2368 nisi

106 2391 256 2429 vitium
275 2392 317 2428 in
337 2397 499 2441 quatuor
515 2393 594 2429 illis
616 2393 728 2430 annis
748 2393 812 2438 sit,
828 2391 1052 2440 longissime
1073 2388 1245 2426 discedit.
1275 2388 1431 2427 Initium
1450 2390 1553 2425 enim

120 2445 340 2484 Archidami
369 2449 495 2494 posuit
523 2460 624 2485 anno
651 2450 690 2488 1.
715 2447 868 2497 Olymp.
892 2456 1035 2482 Lxxx’l.
1055 2445 1166 2483 huius
1185 2445 1275 2483 libri
1296 2459 1327 2482 c.
1347 2445 1427 2485 48..
1454 2444 1553 2483 Pau—-

121 2504 253 2540 sanias
269 2502 404 2541 itidem
420 2503 624 2552 discordat,
650 2503 804 2541 Hilotas
820 2504 960 2542 bellum
979 2500 1180 2551 Spartanis
1201 2506 1364 2538 movisse
1385 2501 1556 2539 referens

122 2555 227 2598 κατὰ
248 2556 323 2609 τὴν
342 2554 510 2611 ἐννάτην
526 2555 785 2612 Ὀλυμπιάδα
805 2558 872 2598 καὶ
893 2555 1226 2610 ἑβδομηκοστὴν,
1256 2560 1311 2594 sic
1332 2560 1431 2594 enim
1459 2557 1555 2592 scri-

122 2617 212 2664 psit,
234 2620 277 2650 ut
298 2613 352 2653 10.
374 2614 563 2653 Meursius
580 2617 623 2654 L.
645 2616 692 2653 ll.
716 2617 762 2653 de
782 2615 965 2652 Archont.
990 2629 1026 2652 c.
1052 2615 1120 2655 15.
1139 2615 1277 2664 optime
1296 2614 1410 2660 vidit,
1429 2611 1471 2650 1..
1492 2611 1554 2649 IV.

121 2671 214 2718 24„
233 2682 308 2720 quo
329 2677 496 2721 tempore
516 2686 602 2711 cum
621 2672 851 2711 Thasiorum
872 2671 1034 2710 defectio
1055 2673 1273 2721 contigerit,
1291 2669 1460 2707 Diodoro
1480 2676 1557 2706 tra-

124 2727 237 2763 dente
257 2740 288 2763 c.
313 2728 398 2773 70.,
421 2727 519 2765 haud
540 2732 682 2767 iniuria
701 2732 889 2777 opineris,
900 2729 991 2765 belli
1011 2727 1238 2766 Messeniaci
1260 2727 1501 2776 principium,
1519 2731 1557 2761 et

124 2789 249 2820 terrae
271 2790 427 2829 motum,
447 2787 512 2832 qui
532 2785 631 2824 bello
653 2788 892 2825 occasionem
909 2784 1028 2833 dedit,
1044 2785 1091 2823 ab
1110 2791 1264 2823 auctore
1288 2788 1420 2821 nostro
1439 2783 1557 2820 fuisse

124 2841 384 2888 anticipatum.
409 2840 543 2878 WEss.
