1828 3253
306 123 398 165 546
768 115 1289 158 ANNOTATIONES

306 242 383 274 tem
406 229 602 281 Stephano
624 230 716 268 urbs
737 237 795 268 est
816 231 995 282 Aegypti.
1024 228 1160 268 Riron.
1187 227 1252 271 Ἕν
1272 232 1323 284 τῇ
1346 228 1663 284 Προσωπίτιδι]
1694 232 1759 271 Li-

307 293 368 329 bri
386 302 500 326 manu
525 289 674 324 exarati
693 300 838 324 summo
861 300 1050 324 consensu
1071 285 1142 324 hoc
1163 290 1371 335 postulant,
1387 291 1578 336 mirorque
1597 287 1761 338 Stephaa

308 361 400 385 num
431 347 588 394 vulgato
619 345 760 392 primas
792 344 967 390 dedisse,
1013 347 1236 392 praesertim
1267 358 1351 380 cum
1385 343 1635 394 Thucydides
1667 344 1695 382 l.
1704 347 1759 385 9.

309 410 445 441 contra
466 401 502 438 id
526 402 656 438 veniat
678 401 932 450 apertissime,
961 406 999 436 et
1017 406 1150 436 auctor
1169 401 1250 450 ipse
1272 400 1314 437 L.
1332 399 1421 437 Xll.
1442 401 1482 439 3.
1509 399 1568 436 De
1589 402 1758 449 nomine,

311 472 387 509 quo
409 458 590 505 deinceps
609 457 684 493 fuit
703 457 885 507 insignis,
906 456 988 493 dixi
1010 456 1058 493 ad
1079 455 1267 493 Antonini
1289 457 1419 493 Itiner.
1440 470 1475 506 Ρ.
1500 458 1602 497 156
1626 457 1761 495 W'Ess.

425 515 532 554 462.
557 513 632 552 93.
663 512 748 552 Καὶ
779 508 1037 579 Zopocipoevoz
1068 514 1141 552 τοῦ
1173 510 1329 559 πολλὰς
1348 510 1441 565 etc.]
1480 513 1559 550 Vix
1578 513 1761 551 credibile

312 578 371 609 est
390 571 589 618 scripsisse
610 567 823 606 Diodorum
843 564 1101 633 λοὶισάμενοι
1125 571 1198 608 τοῦ
1221 566 1385 618 ἀποβα)
1391 575 1459 607 εἴν.
1490 568 1644 606 STEPH.
1675 569 1762 609 Καὶ

315 622 574 695 λογισάμενοι
602 626 675 663 τοῦ
698 626 816 664 πολλ.
835 621 1043 677 μυριάδας
1062 622 1286 675 ἀποβαλεῖι
1297 624 1315 676 ]
1354 624 1655 663 Rhodomannus
1677 639 1763 663 cor-

314 686 412 735 rigit
435 680 481 722 τὸ
502 679 750 731 ἀποβαὶεῖν,
784 679 1062 732 Barbeyracius
1082 680 1229 718 Hister.
1249 680 1364 718 Foed.
1386 682 1431 721 Ρ.
1454 681 1483 721 Ι.
1506 696 1541 732 p.
1567 683 1668 723 105.
1698 696 1764 720 su-

317 743 486 789 spicatur
515 737 706 774 excidisse
736 733 905 789 μιήμην
934 739 1008 776 τοῦ
1039 738 1155 777 πολλ.
1185 752 1282 789 7129·
1315 735 1553 788 ἀποβαλεῖν.
1592 738 1691 789 Ego,
1722 742 1765 776 in

317 804 444 848 partes
473 797 506 832 si
539 795 592 830 sit
620 794 918 840 transeundum,
954 792 1234 831 Rhodomanno
1262 806 1478 831 accessero:
1518 803 1681 846 namque
1710 798 1765 834 ita

318 855 445 891 solent
466 850 618 887 Graeci.
646 848 677 885 11
683 849 733 887 ul.
758 849 802 889 L.
825 849 937 889 Xlll.
966 852 1068 891 112.
1099 849 1235 887 VVEsS.

430 908 537 947 463.
559 906 632 946 99.
658 901 908 958 Ἐσώθησαν
927 902 1191 958 παραδόξως]
1216 905 1267 942 At
1284 907 1395 955 pauci
1416 918 1589 955 numero,
1617 906 1663 943 de
1681 908 1767 956 qui-

316 966 389 1004 bus
409 962 659 1013 Thucydides
678 961 707 999 l.
729 964 832 1002 110.
864 961 971 1000 Adde
993 961 1123 1000 Schol.
1147 962 1394 1012 Aristophan.
1414 962 1514 1000 Plut.
1536 976 1575 1001 v.
1608 965 1706 1004 178.
1727 970 1765 1001 et

316 1021 547 1073 principium
575 1018 870 1070 Epigrammatis
898 1018 998 1073 apud
1028 1019 1291 1058 Montfaucon.
1326 1018 1524 1071 Palaeogr.
1556 1018 1624 1058 Gr.
1655 1020 1698 1058 L.
1717 1019 1766 1057 11.

384 1077 487 1118 134.
528 1075 664 1114 ἲνεεε,

319 1092 357 1129 p
431 1133 538 1173 463
563 1134 604 1172 2.
630 1125 893 1184 Ἐφιάλτης(
875 1146 895 1171 ο
918 1128 1176 1183 Σιμωνίδου]
1206 1130 1369 1169 Aeliano
1387 1126 1444 1171 'E
1442 1126 1725 1185 quantes-5¹⁹
1685 1148 1765 1172 ..ο-

320 1187 506 1244 φωιιὸου
535 1188 625 1226 Var.
653 1187 756 1226 Hist.
778 1188 825 1226 11.
847 1188 922 1228 43.
947 1188 1012 1226 Ill.
1040 1189 1113 1229 17.
1139 1186 1212 1225 XI.
1232 1189 1274 1227 9
1304 1186 1428 1237 Atque
1448 1190 1503 1226 ita
1524 1200 1573 1225 ex
1592 1188 1765 1234 Diodoro

319 1249 415 1284 citat
435 1245 487 1283 Ιο.
510 1244 701 1282 Meursius
723 1244 913 1296 Areopag.
934 1258 966 1282 c.
987 1245 1041 1292 9.‚
1069 1244 1244 1295 pluribus
1264 1245 1428 1281 consilia
1447 1247 1529 1281 eius
1555 1252 1593 1282 et
1608 1244 1767 1283 Periclis

318 1305 361 1341 in
380 1301 594 1353 frangenda
613 1299 876 1352 Areopagitici
894 1308 1049 1338 senatus
1070 1302 1300 1338 auctoritate
1321 1308 1546 1348 exsecutus,
1576 1301 1690 1339 credo
1707 1308 1767 1339 ta-

318 1371 409 1396 men
439 1371 488 1395 ex
515 1359 748 1396 coniectura.
788 1357 847 1394 De
870 1365 991 1396 morte
1010 1356 1233 1408 Ephialtae,
1262 1358 1420 1406 eiusque
1439 1363 1594 1394 auctore
1617 1356 1767 1395 Aristo-

320 1416 407 1453 dico
431 1413 657 1464 Tanagraeo
686 1412 786 1451 Plut.
809 1414 945 1452 Pericl.
966 1426 1002 1465 Ρ.
1026 1415 1129 1455 158.
1147 1411 1193 1451 Α.
1218 1413 1359 1451 WEss.
1398 1412 1500 1465 Lege
1521 1412 1767 1469 Σοφωνίὸου

319 1485 369 1509 ex
388 1469 562 1508 Aeliano.
593 1468 764 1509 RElNEs.

432 1527 540 1568 463.
574 1526 613 1566 5
666 1523 728 1566 Ov
756 1522 841 1578 μὴν
878 1520 1050 1578 ἀθρόως
1076 1539 1120 1578 γε
1152 1521 1349 1579 διέφυγε]
1389 1523 1583 1576 Interpres
1613 1522 1769 1574 ἀθώοις

320 1585 461 1635 legisse
481 1581 648 1629 videtur,
677 1580 789 1620 haud
806 1584 960 1634 impune
983 1589 1152 1629 venem,
1173 1594 1296 1630 neque
1318 1582 1416 1619 male
1437 1583 1517 1629 ille,
1536 1583 1615 1620 nisi
1635 1579 1769 1635 ‹2396-

321 1655 379 1687 ως
397 1641 498 1678 idem
522 1652 605 1676 esse
624 1637 698 1676 hoc
719 1639 804 1676 loco
822 1640 922 1676 velis
941 1652 986 1676 ac
1008 1638 1239 1686 confestim,
1232 1649 1242 1659 ·
1266 1650 1378 1687 quam
1400 1637 1578 1676 vocabuli
1599 1646 1768 1688 potesta-

320 1704 398 1734 tem
419 1697 588 1733 declarat
604 1694 780 1732 Eustath.
801 1697 843 1732 in
864 1694 1021 1735 Homer.
1038 1710 1079 1762 Ρ.
1105 1697 1239 1736 1386.
1274 1695 1379 1732 ioan.
1397 1693 1596 1746 Chrysost.
1625 1694 1672 1732 T.
1694 1695 1764 1736 ΙΙΙ.

319 1767 356 1804 Ρ.
382 1753 486 1793 357.
506 1750 549 1789 Β.
575 1749 848 1803 προτρέχουσι
878 1754 1151 1821 στρατιῶται,
1190 1748 1296 1791 ὥστε
1322 1748 1380 1803 μὴ
1410 1747 1574 1804 ἀθρόον
1601 1747 1768 1804 ἀπαρα-

319 1804 554 1854 σκευάστοις
573 1806 779 1855 δέξασθαι
802 1804 877 1847 τὸν
896 1804 1084 1859 βασιλέα.
1123 1807 1404 1846 Praecurrunt
1419 1809 1584 1856 militen,
1615 1821 1662 1847 ne
1681 1816 1765 1846 sta-
1788 1816 1791 1818 ’

322 1869 391 1904 tim
415 1878 491 1903 rex
511 1866 595 1902 eine
614 1865 695 1902 ullo
716 1870 923 1917 apparatu
947 1865 1191 1916 excipiatur.
1228 1862 1282 1902 Et
1301 1862 1349 1903 T
1372 1863 1418 1903 V.
1441 1877 1476 1914 Ρ.
1503 1864 1574 1904 52.
1596 1863 1637 1902 C.
1661 1861 1765 1931 ὅπερ

319 1920 395 1962 οὐκ
425 1914 477 1974 ἦν
510 1918 598 1960 κατ’
630 1919 888 1960 ἀκολουθίαν
915 1918 1210 1976 ἀνθρωπίνην,
1256 1916 1330 1960 τὸν
1366 1915 1530 1972 ἀθρόον
1570 1915 1766 1970 ἐλθόντα,

316 1981 467 2019 τοῦτον
487 1992 596 2017 ουτω
618 1979 802 2029 τιμῆσαι.
844 1977 929 2029 Ego
954 1990 1040 2014 cum
1061 1979 1146 2016 viro
1169 1976 1388 2014 doctissimo
1408 1976 1523 2014 facio.
1546 1975 1682 2015 WEss.

430 2034 540 2075 463·
562 2035 604 2073 9.
622 2030 807 2087 νΑρχων
830 2032 1054 2085 Φιλοκλῆς]
1083 2033 1168 2071 Hoc
1182 2032 1374 2070 Archonte
1394 2032 1496 2070 edita
1514 2038 1573 2070 est
1583 2031 1766 2085 Aeschyli

316 2089 463 2128 Fabula
482 2090 759 2141 Agamemnon,
776 2102 855 2127 non
874 2089 1037 2143 εἷκοστῆ
1061 2086 1187 2143 ὀγδόῃ
1206 2083 1486 2139 Ὀλυμπιάὸι’
1472 2086 1548 2128 ἔτει
1572 2088 1763 2145 δευτέρῳ,

315 2153 362 2184 ut
380 2153 438 2184 est
458 2149 499 2184 in
520 2149 602 2183 eius
620 2144 855 2193 Didascalia,
885 2144 951 2183 sed
973 2143 1248 2200 ὀγδοηκοστῇ,
1283 2145 1596 2194 quemadmodum
1615 2132 1764 2184 Potitiis

316 2203 367 2240 ad
387 2202 479 2254 Leg.
502 2201 618 2240 Attio.
640 2201 684 2239 L.
705 2201 732 2239 Ι.
755 2216 792 2253 Ρ.
813 2204 886 2244 67.
904 2215 997 2241 vere
1020 2205 1201 2242 correxit.
1229 2200 1376 2247 Eodem
1394 2204 1549 2253 genitus
1572 2209 1631 2240 est
1645 2202 1762 2240 Athe-

314 2261 378 2296 nis
398 2259 549 2309 Lysias,
574 2256 639 2297 ἐπὶ
663 2256 948 2305 Φιλοκλέους’
932 2272 1131 2311 αρχοντος
1153 2259 1228 2298 τοῦ
1247 2255 1352 2324 μετὰ
1376 2258 1592 2311 Φρασικλῆ
1607 2286 1619 2307 ,
1658 2257 1763 2299 κατὰ,

313 2313 362 2355 τὸ
394 2310 587 2409 ὃιιὸτερον
619 2311 711 2362 ἔτος
736 2317 812 2368 τῆς
842 2312 1123 2368 ὀγδοηκοστῆς
1141 2309 1430 2366 Ὀλυμπιάδος,
1450 2313 1553 2354 Plut.
1577 2313 1624 2353 T.
1646 2315 1694 2352 ΙΙ.
1725 2329 1759 2366 Ρ.

317 2372 407 2413 835
518 2370 655 2409 Wass.

424 2427 532 2469 463
564 2428 634 2468 10
664 2421 916 2481 Ῥηγοῦλος]
946 2426 1023 2465 Pro
1037 2421 1258 2480 Ῥηγοῦλος
1283 2426 1435 2464 fortean
1452 2421 1694 2480 Ῥνγιλλεῦς,
1723 2433 1763 2464 et

313 2495 383 2534 pro
414 2479 704 2532 Μεδιολανὸς,
733 2484 1045 2531 Μεδουλλῖνος,
1085 2490 1130 2521 ut
1149 2495 1277 2533 supra.
1307 2482 1396 2520 Nisi
1417 2489 1455 2520 et
1473 2481 1561 2531 hic,
1596 2481 1760 2521 Romani

310 2542 479 2578 nominis
513 2552 594 2578 non
632 2540 689 2578 ita
716 2553 883 2592 gnarus,
930 2540 1160 2578 vocabulum
1198 2539 1246 2577 ad
1286 2552 1422 2577 sonum
1470 2541 1757 2577 concinniorem

310 2596 530 2636 detorserit.
572 2594 710 2634 Rnon.
745 2596 852 2635 Idem
880 2595 1021 2648 Pighio
1052 2598 1095 2634 in
1125 2596 1229 2635 Ann.
1261 2596 1310 2633 ad
1341 2608 1431 2633 ann.
1462 2605 1684 2633 chxxxix.
1717 2598 1758 2633 in

309 2653 531 2701 opinionem
553 2654 685 2700 venit,
710 2665 834 2702 neque
852 2654 936 2690 sine
955 2664 1102 2690 caussa.
1150 2651 1318 2699 Bellum,
1347 2651 1450 2700 quod
1469 2654 1654 2703 sequitur,
1684 2651 1757 2689 La-

305 2708 564 2746 cedaemoniis
585 2709 785 2763 signiferis
803 2707 1010 2747 conflatum
1027 2714 1098 2748 est.
1129 2707 1298 2746 Iustinus
1322 2708 1388 2746 111.
1405 2709 1447 2749 6.
1481 2707 1565 2746 Sed
1585 2721 1657 2745 nec
1678 2707 1756 2745 Lu-

303 2766 550 2804 cedaemonii
567 2769 779 2816 quievere;
807 2767 877 2817 qm'
894 2778 980 2804 cum
989 2764 1273 2804 Messeniorum
1292 2764 1391 2803 bello
1413 2765 1600 2817 occupati
1614 2772 1754 2802 essent.
