1828 3253
405 161 469 203 ΙΝ
498 161 606 206 LIB,
632 161 744 203 ΧΗ.
774 160 900 202 ΟΑΡ,
929 163 1154 204 :ML-238.
1435 164 1543 210 591,

84 278 186 324 λιον,
204 271 338 316 Aahx.
357 275 563 316 Κοΐντιον.
595 273 729 314 Βκου.
760 273 804 314 In
830 273 935 314 Livii
956 274 1250 314 correctioribus
1270 274 1380 313 libris
1401 276 1529 314 Aemi-

84 334 158 370 lius
187 332 384 371 Mamerci
408 334 654 383 praenomine
684 333 829 379 utitur,
859 334 974 369 sicuti
1000 331 1120 368 lulius
1143 331 1261 369 Lucii
1286 331 1329 370 L.
1358 332 1422 369 lv,
1457 335 1529 373 16.

82 387 173 427 Fuit
195 396 322 426 tamen
351 391 392 426 in
414 389 577 426 Aemilia
605 394 721 439 gente
741 400 820 426 non
849 389 1019 426 insolens
1045 387 1178 425 Manii
1195 400 1448 437 praenomen,
1479 389 1527 426 de

83 457 158 494 quo
188 447 294 482 alias.
344 444 524 482 Errorem
556 445 821 491 librariorum,
851 445 893 481 in
914 443 1176 480 Tribunorum
1205 445 1423 481 nominibus
1459 446 1529 482 ad-

81 504 263 548 missum,
290 501 562 539 animadvertit
591 507 629 537 et
649 500 810 550 Pighius
841 502 880 537 in
903 499 1005 537 Fast.
1028 500 1076 537 ad
1105 513 1194 537 ann.
1216 510 1359 539 cccxv.
1391 501 1527 538 lVEss.

197 559 299 598 502.
332 558 408 597 40.
442 553 538 595 Ἐπὶ
557 554 601 595 δὲ
620 552 778 596 τούτων
792 554 1031 608 Ἀθηναίοις
1052 558 1150 602 etc.]
1189 554 1374 604 Sequitur
1395 570 1528 595 eorum

81 615 310 663 scriptorum
329 615 569 659 institutum,
595 615 661 662 qui
680 611 994 662 Peloponnesiaci
1014 613 1106 649 belli
1132 613 1361 661 principium
1382 614 1427 650 ab
1448 614 1526 650 Ar·-

81 669 247 707 chidami
267 672 309 706 in
337 668 504 706 Atticam
526 671 747 706 incursione
776 675 966 718 repetunt.
1017 667 1101 706 Hoc
1130 670 1278 706 calculo
1307 667 1454 706 Xerxis
1484 672 1527 706 in

82 725 282 762 Graeciam
301 725 494 775 expeditio
515 727 627 762 annis
654 734 677 761 Ι.
706 725 846 761 bellum
873 727 1080 775 praecessit
1107 724 1207 775 apud
1225 723 1446 762 Ciceronem
1478 724 1523 764 L.

81 781 164 819 Vll.
189 781 304 819 Attio.
331 780 452 830 Epist.
482 783 551 822 11.
585 787 623 817 et
651 780 898 818 Demosthen.
930 784 970 818 in
999 781 1137 820 Neaer.
1171 793 1206 829 Ρ.
1232 781 1337 821 740.
1383 781 1526 819 Verum

81 837 211 874 eodem
231 843 302 884 est,
329 837 549 884 Isocratem,
578 839 643 886 qui
664 837 858 875 Archonte
878 836 1120 887 Lysimacho,
1149 840 1231 875 sive
1252 836 1525 885 Nausimacho,

78 900 122 930 ut
151 893 294 931 Noster
325 892 517 930 hominem
547 894 734 942 adpellat,
767 895 926 942 primam
957 895 1081 931 lucem
1117 893 1317 943 adspexit,
1353 891 1524 947 πέμπτῳ

78 945 280 1002 πρότερον
309 946 386 988 ἔτει
414 952 488 989 ‘cof
515 950 604 989 Πε)
596 952 908 1001 οποννησιακοῦ
939 948 1041 989 πο)’
1009 965 1119 1001 εμου
1147 963 1229 986 esse
1262 957 1393 986 natum
1423 935 1525 998 apuil

78 1003 312 1056 Dionysium
338 1004 385 1042 Τ
405 1004 451 1043 H.
483 1019 518 1055 p.
542 1006 616 1045 94.
660 1006 702 1043 ld
732 1013 858 1043 tamen
889 1018 1026 1054 prave,
1051 1006 1152 1054 quod
1183 1005 1284 1042 hunc
1312 1007 1352 1042 in
1380 1019 1525 1043 annum

79 1069 213 1099 auctor
232 1075 298 1108 ea,
325 1073 420 1111 quae
449 1062 496 1098 ad
516 1062 690 1099 Plataeas
721 1070 810 1099 sunt
835 1062 1124 1109 administrata,
1154 1063 1380 1099 coniecerit:
1412 1075 1524 1110 supe-

78 1120 180 1156 riore
208 1120 308 1155 enim
340 1119 610 1168 contigerunt,
635 1121 734 1155 sieut
755 1131 803 1155 ex
826 1117 1054 1169 Thucydide
1081 1132 1172 1157 vere
1193 1118 1324 1155 docuit
1342 1117 1394 1157 H.
1415 1117 1524 1157 Dod-

81 1176 214 1211 wellus
234 1173 371 1211 Annal.
395 1173 573 1224 Thucyd.
606 1187 643 1224 p.
670 1177 772 1215 118.
806 1174 940 1211 wass.

193 1231 296 1270 502.
328 1231 403 1270 46.
437 1227 634 1269 Τάλαντα
657 1228 802 1281 σχεδὸν
824 1228 1125 1281 ὀκτακισχίλια]
1155 1229 1300 1269 Vereor
1317 1229 1525 1269 vehemen-

78 1292 158 1333 ter,
178 1299 226 1323 ne
248 1286 339 1334 quid
360 1289 400 1323 in
420 1284 479 1323 his
499 1289 549 1323 sit
567 1294 777 1336 peccatum.
804 1287 950 1324 Auctor
969 1286 1122 1336 quidem
1143 1294 1267 1335 certe,
1295 1289 1349 1324 ita
1369 1290 1402 1324 si
1422 1289 1524 1324 scri-

77 1345 220 1391 pserit,
250 1342 324 1379 sibi
354 1354 433 1378 non
461 1349 625 1380 constat.
660 1335 832 1391 Namque
864 1357 898 1382 c.
920 1343 994 1382 40.
1026 1349 1064 1379 et
1092 1341 1134 1379 L.
1154 1342 1263 1380 Xlll.
1287 1346 1363 1383 21.
1391 1340 1522 1395 μίρια

76 1394 262 1438 τάλαντα
291 1412 311 1435 e
330 1396 428 1435 Delo
450 1398 622 1436 Athenas
651 1406 874 1449 conportata
903 1400 1043 1446 refert,
1075 1405 1116 1436 at
1134 1412 1166 1436 c.
1192 1400 1263 1439 54.
1294 1399 1408 1437 huius
1428 1401 1520 1438 libri

75 1454 199 1494 πλείω
220 1456 303 1493 τῶν
323 1453 484 1520 μυρίων
504 1450 732 1494 ταλάντωι.
758 1469 852 1506 quae
873 1468 952 1492 non
971 1454 1188 1492 cohaerent.
1214 1455 1265 1493 W
1270 1466 1354 1493 Ess.

193 1512 298 1551 502.
333 1511 404 1550 54.
437 1505 780 1564 “foczdmpadovgj
821 1511 962 1548 Suidas
996 1512 1037 1548 in
1066 1508 1344 1563 'Al'msszddrsg
1378 1513 1523 1549 sororis

75 1566 238 1604 Periclis
267 1567 389 1603 filium
418 1566 610 1615 perhibet,
638 1581 758 1616 paene
780 1567 827 1604 ad
857 1574 1022 1604 mentem
1051 1566 1237 1616 Diodori,
1270 1567 1396 1605 Valer.
1426 1581 1521 1606 vero

77 1623 269 1661 Maximus
289 1622 498 1660 Alcibiadis
517 1624 750 1661 avunculum
770 1623 978 1670 Periclem,
1008 1623 1051 1661 L.
1070 1623 1135 1661 ΙΙΙ.
1161 1626 1198 1664 l.
1241 1624 1294 1661 At
1313 1631 1434 1661 mater
1454 1624 1523 1661 Al-

76 1679 237 1718 cibiadis
256 1677 493 1718 Dinomache
513 1686 596 1717 erat
618 1679 804 1730 Megaclis
823 1679 867 1719 F.
881 1707 892 1727 ,
945 1683 1054 1718 cuius
1082 1681 1220 1729 proavi
1241 1688 1393 1729 neptem
1418 1680 1523 1731 Aga-

75 1739 210 1775 ristam
230 1735 398 1773 Pericles
416 1736 492 1773 sibi
519 1738 762 1773 matrimonio
784 1738 985 1783 iunxerat,
1015 1743 1113 1773 teste
1135 1736 1365 1784 Plutarcho,
1396 1739 1463 1786 qui
1485 1744 1524 1775 et

76 1791 268 1830 Alcibiadi
299 1803 442 1842 genere
477 1795 723 1829 coniunctum
752 1792 939 1830 Periclem
976 1807 1240 1844 προσηκοντα
1271 1790 1377 1832 κατὰ
1406 1791 1523 1846 γένος

74 1836 286 1900 prudenter
315 1847 482 1895 adpellat
509 1849 552 1884 in
579 1848 706 1888 Alcib.
738 1850 898 1898 princip.
945 1847 1003 1885 De
1033 1850 1152 1886 tutela
1180 1849 1392 1886 Alcibiadis
1412 1856 1451 1886 et
1478 1852 1521 1888 in

75 1905 233 1943 aedibus
254 1903 416 1941 Periclis
446 1904 670 1942 educatione
698 1904 885 1942 Isocrates
911 1904 956 1941 de
977 1903 1062 1956 Big.
1099 1919 1134 1954 Ρ.
1157 1906 1260 1945 520-
1293 1905 1435 1945 1171385.

188 1961 301 2013 502.Δ
319 1960 389 1999 55-
421 1960 535 2006 Παῖς
556 1957 613 2000 ὢν
633 1957 708 2012 τὴν
726 1956 904 2012 ἡλικίαν]
937 1960 1038 1998 Cave
1055 1961 1188 1999 credas
1209 1961 1412 1999 admodum
1430 1973 1524 2010 pue-

74 2031 161 2056 rum
181 2023 261 2054 tum
282 2018 463 2066 temporis
482 2017 614 2055 fuisse.
645 2016 691 2054 Si
715 2020 817 2054 enim
838 2016 930 2054 haec
941 2018 1080 2055 Pericli
1100 2031 1171 2056 usu
1194 2021 1374 2056 venerint
1391 2021 1522 2068 paullo

75 2081 163 2112 ante
180 2070 545 2122 Peloponnesiacum
579 2074 741 2120 bellum,
781 2074 998 2110 Alcibiades
1021 2080 1181 2111 aetatem
1210 2075 1415 2112 militarem
1445 2076 1522 2113 iam

76 2132 280 2180 attigerat,
307 2130 446 2178 quippe
477 2130 545 2178 qui
570 2131 766 2178 superiore
795 2143 896 2167 anno
919 2129 1164 2167 Phormionis
1183 2130 1299 2168 ductu
1330 2134 1370 2168 in
1395 2130 1522 2169 Thra-

77 2189 175 2223 ciam
194 2186 396 2222 militatum
416 2185 584 2233 abierat,
611 2188 667 2223 uti
699 2193 849 2235 praeter
875 2185 1080 2223 [socratem
1103 2200 1170 2234 eo,
1192 2200 1266 2236 quo
1301 2188 1407 2234 dixi,
1435 2189 1521 2226 loco

76 2240 305 2279 Plutarchus
335 2247 496 2278 testatur
523 2244 565 2278 in
594 2243 717 2279 Alcib.
747 2255 782 2291 p.
810 2243 912 2282 194.
937 2242 983 2278 Ε.
1032 2242 1145 2289 Scio,
1174 2255 1271 2291 quae
1299 2243 1521 2281 Athenaeus

77 2297 284 2347 disputarit
312 2296 355 2334 L.
374 2297 532 2344 V.‘15.,
561 2298 628 2334 sed
656 2311 700 2336 ea
723 2301 841 2336 aetati
859 2298 1069 2336 Alcibiadis
1099 2299 1199 2337 nihil
1220 2307 1374 2339 nocent.
1423 2301 1521 2338 Vide

76 2361 203 2391 tamen
225 2350 354 2389 Schol.
372 2352 420 2389 ad
442 2353 687 2404 Aristophan.
709 2354 797 2391 Pac.
817 2369 854 2392 v.
878 2357 984 2395 604.
1013 2355 1153 2394 Wnss.

191 2410 377 2449 502.6l.
391 2404 440 2448 ‘O
447 2406 736 2462 Hbmsscddffng]
740 2411 774 2450 O
789 2408 823 2449 δ’
829 2409 938 2449 Αλκ.
950 2418 1172 2479 praestaret.
1185 2410 1322 2449 RHOD.
1334 2411 1516 2452 ctWESS.

192 2466 295 2504 502-
318 2466 391 2505 62.
424 2462 565 2504 Ἀλλὰ
596 2469 683 2512 πῶς
715 2482 879 2505 σκοπειν
906 2483 963 2518 μη
996 2465 1165 2522 ἀποδῶ]
1215 2469 1391 2506 Praestat
1412 2466 1518 2508 ἀλλὰ

77 2525 242 2560 σκοπεῖν
274 2523 361 2567 πῶς
388 2518 446 2573 μὴ
479 2531 549 2558 etc.
561 2552 573 2570 ‚
616 2530 659 2559 ut
690 2523 785 2559 bene
814 2525 855 2560 in
887 2523 1062 2560 Addend.
1094 2527 1174 2562 suis
1204 2523 1518 2562 Rhodomannus.

77 2578 212 2615 Paullo
242 2577 353 2613 aliter
384 2577 612 2615 Plutarchus
641 2592 722 2616 rem
754 2579 874 2615 refert
900 2579 1024 2618 Alcib.
1056 2593 1091 2630 p.
1125 2582 1228 2622 194.
1253 2581 1325 2627 E.,
1372 2582 1517 2618 Nostro
1550 2620 1553 2623 f

75 2647 194 2683 paene
214 2635 406 2670 consentit
423 2633 506 2670 Val.
534 2633 724 2672 Maximus
745 2634 787 2672 L.
813 2634 880 2671 Ill.
905 2637 943 2675 1.
975 2636 1109 2674 WEss.
1158 2638 1219 2675 111.
1243 2636 1419 2688 Scaliger
1437 2650 1518 2674 ma-

74 2691 148 2727 luit
165 2691 280 2726 etiam
304 2693 468 2727 σκοπεῖν
495 2692 595 2736 πῶς.
622 2692 728 2728 IDEM
747 2694 789 2728 in
807 2691 905 2729 Add.

191 2746 294 2785 503.
325 2747 399 2784 66.
450 2742 559 2792 Τοις
589 2749 663 2798 τῆς
695 2743 852 2793 πόλεως
890 2746 1201 2800 περισπασμους
1229 2765 1296 2788 και
1327 2744 1517 2815 φόβους-ι]

74 2799 245 2839 Diodoro
276 2802 523 2851 perfrequens
548 2806 655 2841 vocis
683 2806 973 2857 περισπασμοῦ
1004 2804 1050 2842 de
1070 2805 1410 2855 occupationibus,
1434 2808 1519 2855 qui-
