1828 3253
455 167 522 206 IN
550 167 660 206 LIB.
691 168 735 206 V.
773 167 902 207 CAP.
936 169 1158 211 59.—62.
1446 175 1539 215 459

86 283 185 326 'Quo
224 282 310 318 loco
342 279 594 327 Scholiastcs,
644 279 818 320 Κνιδίαν
848 280 1070 319 Thessaliae
1099 285 1295 334 regionem
1320 284 1540 335 perhibens,

100 339 264 385 turpiter
292 350 331 373 se
353 337 477 384 dedit,
492 348 576 373 'nec
602 344 714 373 vacat
736 336 953 387 Stephanus
971 339 1081 387 culpa
1104 353 1139 376 v.
1160 336 1338 378 Δώτιον.
1381 341 1540 379 Utrius-

103 405 174 442 que
205 406 370 429 errorem
398 399 547 442 praeter
577 391 632 429 Cl.
653 391 816 430 Salmas.
836 394 883 430 ad
904 393 1080 443 inscript.
1105 395 1247 432 Herod.
1269 397 1384 434 Attio.
1406 411 1439 446 p.
1462 401 1535 439 28.

101 451 245 486 refellit
263 447 401 485 Ezech.
427 447 629 497 Spanhem.
667 448 786 487 Poeta
814 447 890 487 τὰν
924 449 1098 488 Κνιδίαν
1127 457 1192 489 aut
1225 454 1343 499 ipsam
1373 453 1536 491 Cnidum

101 512 236 552 vocat,
263 506 370 542 cuius
392 505 566 541 conditor
588 503 752 552 Triopas
780 506 899 541 fuisse
921 506 1042 542 fertur
1075 519 1098 542 a
1126 507 1290 547 Pausan.
1314 508 1355 545 L.
1374 509 1424 546 X.
1453 513 1533 557 l'1.,

101 570 167 598 aut
185 563 379 611 regionem
397 561 483 598 urbi
501 563 681 607 vicinam,
703 563 759 598 uti
779 573 868 597 mox
887 559 1101 605 Diodorus;
1145 565 1211 614 qui
1245 565 1344 611 quod
1376 565 1420 601 (le
1448 567 1534 603 luco

101 618 313 662 subnectit,
351 614 582 653 Callimacho
612 629 689 654 non
716 617 912 664 probabit,
940 615 1104 669 Triopae
1127 619 1206 656 filio
1226 619 1475 670 Erysichtoni
1497 622 1536 658 id

101 673 381 717 contribuenti,
418 674 532 709 sicuti
553 679 590 708 et
608 673 701 709 fecit
720 672 883 710 Tzetzes
905 675 944 709 in
968 672 1206 724 Lycophron.
1230 690 1267 712 v.
1297 677 1440 724 1393,
1470 678 1536 715 ubi

98 736 205 779 pater
225 740 422 776 perperam
452 735 489 764 et
517 735 650 764 contra
677 731 839 776 scriptos
867 727 985 767 Codd.
1014 726 1198 780 Πριόπα.
1228 731 1365 773 Wnss,

212 785 315 824 379.
342 785 410 824 19.
449 780 508 822 Τὸ
531 780 784 834 καλούμενον
806 781 872 822 ἀπ’
897 782 1024 823 αὐτοῦ
1054 783 1271 839 Τριόπιον]
1313 786 1469 825 Celebre
1487 790 1536 826 il-

98 841 149 877 lic
174 839 363 889 Apollinis
387 839 585 891 Τριοπίου
607 842 787 889 templum
807 847 844 876 et
865 848 1078 888 certamen,
1115 843 1162 879 ad
1197 843 1297 893 quod
1326 846 1535 882 convenire

98 896 308 934 Dorienses
337 909 531 933 sacrorum
553 902 590 932 et
616 897 844 933 concordiae
863 909 999 933 caussa
1028 911 1114 934 cum
1141 901 1325 936 uxoribus
1346 908 1383 937 ct
1403 901 1535 938 liberis

100 955 211 990 statis
231 953 404 991 solebant
421 952 668 1001 temporibus,
700 959 794 989 teste
814 951 1004 1002 Dionysio
1024 953 1066 990 L.
1090 954 1150 991 IV.
1175 955 1219 992 A.
1244 955 1352 992 Rom.
1375 970 1410 1005 p.
1426 959 1533 996 221).

101 1016 160 1055 et,
190 1021 299 1057 quem
319 1015 512 1045 auctorem
531 1007 685 1055 habuit,
713 1007 910 1046 Herodoto
929 1008 957 1045 Ι.
984 1010 1085 1050 144.
1108 1011 1226 1048 Plura
1248 1011 1316 1048 Ez.
1331 1011 1535 1061 Spanhem.

100 1065 148 1104 ad
169 1063 315 1103 Callim.
336 1078 372 1114 p.
403 1066 507 1104 686.
537 1064 672 1101 lVESS.

213 1121 317 1160 379.
343 1121 419 1159 24.
449 1115 646 1170 Κανάχης
668 1121 742 1171 τῆς
761 1116 922 1160 Αἰόλου
946 1119 1013 1158 καὶ
1034 1120 1328 1172 Ποσειδῶνος]
1361 1123 1427 1161 Sic
1451 1124 1539 1162 Cal-

99 1176 286 1214 limachus
304 1175 352 1212 H.
374 1174 499 1212 Cerer.
521 1189 558 1213 v.
586 1178 700 1222 100,
731 1185 773 1213 ut
802 1189 915 1225 supra
945 1179 1097 1213 monuit
1116 1178 1294 1225 Palmer.,
1319 1186 1356 1216 et
1377 1180 1539 1228 Apollo-

100 1233 215 1271 dorus
235 1232 263 1268 Ι.
287 1234 325 1272 7.
336 1232 378 1271 4.
410 1232 584 1268 Aliorum
606 1232 652 1268 de
675 1231 820 1280 'lriopa
844 1235 1042 1282 opiniones
1066 1237 1242 1282 exposuit
1264 1242 1399 1272 auctor
1418 1250 1449 1275 e.
1467 1238 1538 1276 06.

98 1296 136 1326 et
155 1289 197 1326 L.
219 1288 283 1325 lv.
307 1288 377 1328 58.
418 1287 584 1337 Scripsit
603 1295 729 1324 autem
752 1285 1011 1334 Ἀπόλλωνος
1041 1303 1109 1326 και
1136 1289 1315 1342 Στίλβης
1346 1293 1421 1340 τῆς
1441 1294 1540 1343 Πη-

98 1347 221 1392 νειοῦ,
248 1351 291 1380 ut
311 1356 359 1381 ex
379 1342 421 1380 L.
443 1343 507 1382 IV.
527 1345 599 1384 69
619 1344 782 1382 videbis.
809 1344 939 1395 ltaque
965 1345 1002 1381 id
1022 1358 1204 1382 revocare
1224 1359 1302 1384 non
1328 1361 1412 1385 sum
1436 1351 1540 1387 veri-

98 1407 173 1441 tus.
202 1401 342 1439 WEss.

213 1458 316 1497 379.
338 1458 413 1496 26.
437 1453 555 1494 Ἔστι
586 1452 630 1494 (5³
662 1453 703 1494 ἒν
725 1452 940 1510 Καστάβῳ
970 1458 1044 1508 τῆς
1062 1452 1361 1510 Χεξιρονῆοου]
1390 1458 1448 1496 De
1468 1458 1541 1496 Ca-

101 1515 208 1550 stabo
233 1514 363 1550 dicent
381 1513 459 1549 alii.
505 1511 747 1551 Hemitheam
767 1511 947 1565 staphyli
964 1513 1084 1552 filiam
1106 1512 1339 1552 Parthenius
1357 1522 1544 1554 memorat

100 1568 533 1608 Erotie.c.1.Wr.ss.

214 1626 318 1666 379
342 1626 416 1664 32.
448 1624 532 1664 Και
557 1625 606 1677 τῆ
627 1623 702 1674 μὲν
716 1619 846 1664 ‘Potor
859 1621 932 1663 τὸν
949 1620 1187 1663 Ἀπόλλωια
1206 1640 1320 1678 μιγὲν
1323 1624 1404 1681 τα]
1437 1628 1542 1672 Quae

101 1681 318 1732 Apollinem
349 1687 386 1717 et
417 1679 513 1717 hanc
544 1682 624 1716 eius
653 1683 813 1717 amicam
845 1681 1111 1726 illustrabant,
1147 1684 1338 1731 copiosius
1368 1686 1543 1732 exposita

100 1739 220 1775 fuisse
241 1739 413 1787 suspicor
434 1737 474 1772 in
491 1735 649 1773 Deliaca
669 1740 855 1785 oratione,
887 1735 1203 1784 quamDinarcho
1222 1738 1378 1787 quidam
1397 1740 1544 1776 tribue-

102 1795 208 1841 bant,
235 1793 495 1831 intercedente
519 1791 710 1841 Dionysio
733 1791 778 1829 T.
801 1792 851 1831 ΙΙ.
873 1806 908 1842 p.
933 1795 1036 1833 118.
1050 1820 1062 1839 ,
1091 1793 1157 1829 ubi
1180 1805 1299 1841 prave
1328 1807 1431 1832 nunc
1451 1795 1544 1848 Δη-

100 1847 263 1897 λιακὸς,
293 1845 552 1894 Ἀπόλλωνος
571 1848 638 1885 καὶ
653 1843 810 1894 Ῥοιοῦς
828 1851 903 1900 τῆς
927 1844 1140 1902 Ταφυλου.
1173 1848 1306 1887 Wssss.

216 1907 320 1946 379.
347 1905 418 1944 35
451 1904 555 1949 FF&
542 1899 728 1955 Λάρνακα
751 1904 1058 1957 συρκλεισαντα,
1087 1905 1230 1956 βαλεῖν
1256 1904 1311 1951 εἷς
1331 1920 1405 1957 την
1426 1901 1544 1957 acm]

104 1961 278 1999 Similem
307 1962 474 1998 fabulam
504 1960 549 1996 de
571 1959 720 1997 Semele
740 1959 873 1997 Cadmi
904 1961 984 1998 filia
1003 1960 1198 1998 Brasiatae
1219 1962 1427 2000 narrabant
1443 1963 1545 2029 apud

100 2017 266 2056 Pausan.
292 2016 359 2054 Ill.
379 2018 454 2057 24.
478 2029 512 2064 p.
537 2018 628 2056 272
636 2044 660 2063 .,
692 2029 762 2052 nec
786 2018 948 2054 multum
967 2017 1157 2055 diversam
1178 2018 1223 2054 de
1244 2017 1389 2065 Danae,
1420 2021 1481 2056 cui
1501 2021 1545 2056 in

102 2087 235 2111 aurum
253 2086 387 2111 versus
409 2073 551 2122 Iupiter
570 2073 707 2110 vitium
727 2073 936 2120 obtulerat,
962 2073 1105 2110 Acrisii
1124 2073 1155 2109 F
1159 2101 1180 2120 .,
1202 2073 1357 2110 Lucian.
1380 2073 1428 2110 D.
1459 2073 1545 2112 Ma-

101 2134 176 2168 rin.
199 2129 290 2167 ΧΙΙ.
317 2131 354 2169 l.
392 2128 502 2165 Hanc
535 2128 579 2164 de
612 2127 769 2175 Rhoeo,
807 2142 915 2166 arcae
947 2131 1096 2167 inclusa
1118 2136 1156 2166 et
1176 2132 1217 2169 in
1237 2143 1341 2167 mare
1361 2133 1544 2180 proiecta,

101 2189 229 2236 tangit
247 2185 410 2222 Tzetzes
429 2189 470 2221 in
490 2183 679 2234 Lycophr.
699 2199 738 2223 V.
766 2185 881 2232 570,
906 2188 1064 2235 insuper
1093 2186 1250 2233 addens,
1282 2193 1474 2224 servatum
1495 2199 1544 2224 ex

102 2242 218 2279 undis
238 2242 412 2290 nupsisse
436 2240 597 2288 Zareei,
626 2239 779 2291 Carysti
799 2242 904 2288 filio,
931 2249 1205 2291 proptereaque
1226 2243 1365 2279 Anium
1385 2242 1544 2280 Zarecis

102 2297 224 2336 filium
250 2294 544 2346 perhiberi,02'1
576 2292 718 2349 φύσει,
754 2295 860 2336 ἀλλὰ
888 2296 1013 2336 θέσει.
1051 2297 1153 2334 Hinc
1174 2300 1241 2335 lux
1262 2299 1434 2349 adfulget
1457 2297 1546 2336 Ste-

105 2353 245 2403 phano,
281 2349 492 2400 Μύκοιος,
524 2353 720 2398 scribenti,
744 2352 820 2402 μία
847 2356 929 2392 τῶν
952 2349 1197 2400 Κυκλάὸωι,
1225 2352 1304 2393 ἀπὸ
1329 2351 1547 2402 Μυκόνου,

104 2412 178 2448 τοῦ
199 2408 381 2456 Auaov,
407 2411 481 2447 τοῦ
505 2409 717 2460 Καριστοῦ
735 2408 802 2446 καὶ
811 2404 956 2455 ζΡυοῖ·ς
973 2412 1047 2461 τῆς
1069 2406 1272 2476 Ζάρηκος.
1299 2410 1426 2448 Prava
1445 2414 1548 2450 enim

106 2472 196 2502 sunt
216 2471 254 2501 et
273 2465 502 2512 perturbata.
561 2464 755 2501 Dederat'
746 2477 826 2512 lpse
849 2463 927 2504 ἀπὸ
952 2462 1170 2514 ΠΙυκόνου,
1211 2468 1283 2505 τοῦ
1299 2463 1447 2513 A',2tov
1472 2468 1546 2505 τοῦ

106 2536 181 2572 της
195 2516 351 2566 Ροιοῦς
380 2535 446 2558 και
468 2515 681 2573 Ζαρηκος,
711 2523 784 2559 τοῦ
808 2517 1046 2574 Καρύστου.
1087 2522 1198 2568 Quod
1220 2525 1546 2570 praestantissimo

108 2576 184 2616 Th.
204 2576 346 2613 Galaeo
373 2578 414 2613 in
443 2584 609 2613 mentem
638 2579 792 2614 venisse
822 2589 936 2624 quum
956 2591 1058 2614 nunc
1078 2578 1405 2624 animadvertam,
1429 2580 1490 2615 illi
1506 2580 1547 2617 in

107 2633 271 2671 solidum
291 2633 517 2669 transcribo.
548 2632 644 2669 Eum
667 2645 757 2683 errro
778 2633 866 2670 vide
888 2633 935 2670 ad
954 2633 1136 2671 Parthen.
1160 2648 1192 2673 c.
1219 2637 1237 2674 1
1251 2664 1259 2672 .
1290 2634 1421 2670 WEss.

216 2690 320 2729 380.
346 2689 416 2727 50·
452 2685 512 2726 Τὸ
537 2685 748 2738 ἀπότοιιον
767 2691 841 2727 τοῦ
863 2687 1038 2741 πατρὸς]
1073 2689 1312 2728 Conf.L.11.
1336 2690 1406 2733 57.
1424 2687 1552 2728 Ἀπο-

107 2743 232 2795 τομιά
258 2745 464 2782 indicatur.
509 2743 650 2781 Noster
677 2744 842 2797 Ex.cerp
873 2745 998 2782 Vales.
1031 2760 1066 2797 p.
1099 2746 1205 2811 345.
1235 2745 1280 2781 de
1307 2743 1484 2783 Caesaris
1511 2748 1554 2784 in

109 2799 329 2838 Corinthios
348 2801 630 2845 benivolentia,
669 2799 789 2846 οὗτος
819 2797 888 2839 διὰ
915 2802 990 2853 τῆς
1019 2801 1126 2848 mag
1155 2795 1409 2855 ημερότητος
1435 2801 1557 2854 ὁιωρ-
