1828 3253
304 197 392 237 148
764 190 1282 241 ANNOTATIONES

301 307 348 345 de
369 307 442 344 LL.
467 308 630 357 princip.
654 309 757 359 leges
785 312 977 358 accepisse
1000 312 1127 347 aiunt:
1158 321 1281 358 neque
1309 311 1471 347 fortasse
1489 313 1746 349 reiectaneum

301 364 515 410 videbitur,
547 366 578 401 si
600 363 805 417 εῗὶ-ηᾳέιαι
827 381 939 404 παοα
959 364 1373 412 Ja‹)getc.a1tissime
1396 368 1744 406 i1111xeris.W⁷1-:ss.

415 419 518 459 105.
543 421 617 460 30.
651 418 781 474 Παρὰ
800 436 885 467 τοις
900 419 1185 474 Ἀριμασποῖς]
1216 422 1313 458 Utra
1332 425 1460 459 xcrior
1482 425 1531 459 sit
1543 426 1745 472 scriptura,

302 474 396 511 haec
427 488 477 511 an
493 473 696 528 Ἀσιανοῖς
706 504 717 523 ‚
747 490 826 514 non
850 478 1033 514 decerno:
1066 478 1111 514 de
1132 477 1361 515 Zatlnaustc
1381 479 1482 515 enim
1506 481 1633 515 omnia
1651 479 1747 516 mihi

303 532 465 568 obscura
495 539 606 579 sunt,
647 545 718 569 nec
750 535 829 570 scio
870 537 935 582 qui
963 547 1085 585 genus
1115 541 1153 570 et
1184 535 1284 571 unde
1315 534 1426 571 domo
1466 535 1594 570 fuerit.
1646 534 1745 571 Nam

305 586 608 635 Zoroasterem,
637 588 884 636 Zoroadum,
922 591 1150 637 Zeu-(ulam7
1180 592 1245 638 qui
1272 590 1401 627 Persis
1430 591 1559 640 legum
1588 596 1626 626 ct
1653 591 1746 626 reli-

301 644 429 693 gionis
450 651 596 690 auctor,
623 645 784 682 eundem
804 659 847 682 ac
870 646 1141 683 Zathraustem
1164 646 1289 684 videri
1316 659 1393 682 non
1425 659 1580 695 possum
1602 646 1746 682 doctis-

301 701 397 735 simo
425 698 467 736 P.
497 699 544 737 D.
574 699 716 737 Huetio
742 700 940 739 Demonst.
969 702 1119 753 Evang.
1151 702 1306 751 Propos.
1336 702 1400 740 IV.
1435 715 1466 738 c.
1502 703 1540 742 5.
1570 714 1604 750 p.
1640 703 1744 741 152.

302 757 495 792 assentiri.
525 755 758 807 Arimaspos
778 765 815 794 et
827 758 1001 795 Arianos
1020 760 1114 795 alias
1133 757 1354 794 habebimus
1373 757 1498 794 XVII.
1517 760 1588 798 81.
1609 756 1744 795 WESS.

418 812 520 850 105.
551 813 626 852 32.
657 810 823 861 Γέταις,
856 820 942 860 τοῖς
967 810 1354 864 ἀπαθανατίζουσι]
1387 814 1475 850 Nisi
1492 814 1622 851 fucum
1640 815 1744 850 fece-
1788 833 1789 836 ¹

299 868 380 903 rint
407 870 638 904 vetustiores
668 868 851 917 schedae,
880 869 951 906 hoc
984 871 1154 920 profecto
1187 868 1345 907 Diodor.
1375 871 1513 908 voluit.
1558 869 1744 907 Getarum

300 924 419 970 aliqui
436 920 757 971 ἇ9ανατίζοντες
777 932 815 961 et
833 923 1213 973 ἀπα9ανατίζοντες
1235 926 1481 972 dicebantur,
1511 932 1623 974 atque
1643 925 1744 973 apud

301 977 370 1015 hos
395 979 593 1016 Zamolxis
621 984 824 1028 praecipua
851 983 977 1032 gloria
1007 981 1177 1019 florebat.
1214 982 1324 1018 Plato
1346 979 1538 1020 Charmid.
1578 993 1613 1029 p.
1638 983 1742 1021 156.

300 1032 348 1070 D.
391 1032 553 1085 ἔμαθον
584 1032 626 1073 ὸ)
662 1033 792 1087 αὐτην
823 1034 899 1088 ἔγω
941 1036 1025 1076 ἐκεῖ
1048 1036 1110 1075 ἐπὶ
1143 1039 1338 1087 στρατιᾶς
1376 1033 1490 1088 nand.
1519 1051 1629 1082 τινος
1657 1039 1741 1075 τῶν

303 1088 504 1145 Θρακῶν,
536 1093 619 1129 τῶν
648 1088 796 1142 Ζαμό)
802 1092 910 1139 ξιὸος
940 1092 1117 1144 ἶαῖοῶν,
1145 1108 1182 1131 οι
1212 1090 1278 1144 λέ)
1281 1107 1394 1131 ονται
1421 1091 1488 1130 καὶ
1518 1090 1742 1131 ἀπαθανα-

300 1131 431 1193 τίζειν.
474 1148 581 1183 cuius
610 1148 728 1184 velba
760 1150 972 1185 aemulatur
1012 1149 1170 1186 Lucian.
1209 1148 1343 1198 Scyth.
1382 1150 1421 1188 1.
1464 1145 1508 1187 οὗ
1553 1144 1742 1194 Σκύθαις

298 1197 428 1251 μόνον
450 1197 664 1254 ἐπιχώριον
688 1219 734 1242 ον
764 1201 1088 1252 ἀπα9ανατιζειι
1119 1203 1186 1243 καὶ
1207 1202 1377 1254 πέμπειν
1396 1201 1509 1255 παρὰ
1529 1200 1740 1254 Ζάμολξιν

299 1265 368 1293 etc.
383 1285 394 1303 9
425 1260 640 1306 nollemque
663 1260 756 1296 adeo
785 1258 1047 1309 (Ξθανατίζειι
1069 1262 1109 1297 in
1130 1274 1173 1297 eo
1203 1261 1446 1296 doctissimus
1471 1259 1630 1299 (resner.
1652 1273 1741 1308 pro-

297 1313 445 1350 basset:
471 1321 673 1362 utrumque
694 1317 796 1352 enim
816 1329 859 1353 ea
881 1318 921 1353 in
940 1330 981 1353 re
1003 1319 1144 1354 iustum
1164 1324 1243 1363 est3
1271 1330 1359 1353 nam
1379 1316 1553 1352 Olearius
1576 1313 1740 1354 ιῖ9αιά-

297 1368 416 1417 τίζειν
436 1372 476 1406 in
498 1383 696 1408 numerum
715 1374 984 1409 inusitatorum
995 1374 1254 1410 transcribens
1270 1373 1317 1409 ad
1330 1372 1512 1410 Philostr.
1536 1371 1642 1411 VIII.
1663 1372 1738 1408 Vit.

300 1424 370 1474 Ap.
403 1427 443 1465 7.
474 1438 509 1474 p.
539 1428 644 1466 337.
673 1428 885 1465 audiendus
915 1441 993 1465 non
1025 1436 1094 1465 est.
1133 1429 1175 1465 Id
1205 1429 1361 1466 dubium
1394 1434 1474 1474 est,
1518 1441 1585 1464 cur
1617 1427 1737 1464 Getae

298 1478 680 1530 ἀπαθανατίζοντες
710 1486 788 1520 sint
808 1487 954 1521 vocati:
987 1487 1019 1521 si
1041 1484 1096 1521 Cl.
1121 1485 1195 1521 lac.
1228 1485 1400 1522 Gronov.
1430 1486 1622 1531 sequeris,
1658 1497 1737 1520 non

296 1540 436 1586 poterit
455 1539 689 1576 commodius
714 1541 876 1589 exprimi
905 1553 1026 1590 neque
1047 1542 1123 1579 alio
1144 1554 1258 1577 sensu
1288 1542 1421 1577 titulus
1445 1541 1589 1588 accipi,
1623 1553 1736 1589 quam

296 1606 365 1641 pro
396 1595 663 1633 inmortalibus
692 1603 980 1643 consecranth
1019 1598 1061 1633 in
1089 1597 1242 1634 Arrian.
1272 1596 1370 1644 Exp.
1398 1595 1458 1631 Al.
1480 1595 1509 1631 l.
1541 1596 1581 1633 3.
1606 1608 1642 1643 p.
1669 1599 1736 1642 8.;

297 1660 409 1696 quam
433 1656 655 1698 potestatem
675 1652 732 1688 uti
751 1653 869 1689 verbo
890 1652 1086 1689 adstruam
1110 1654 1211 1689 infra
1234 1651 1282 1688 II.
1303 1654 1400 1699 20.‚
1426 1654 1482 1688 ita
1502 1665 1650 1698 vereor,
1687 1664 1735 1688 ne

295 1719 380 1742 cum
409 1705 518 1742 Getis
548 1707 659 1743 datur
703 1721 780 1744 non
817 1709 1021 1745 admodum
1050 1716 1261 1758 opportuna
1291 1711 1352 1745 sit.
1415 1709 1520 1751 Quae
1551 1706 1735 1745 Herodot.

296 1761 360 1797 IV.
387 1762 459 1800 94.
483 1761 527 1798 de
550 1763 685 1799 iisdem
704 1764 887 1812 prodidit,
915 1764 954 1801 id
974 1767 1169 1812 postulare
1190 1764 1383 1810 videntur,
1412 1770 1455 1800 ut
1473 1776 1520 1800 ex
1540 1766 1733 1812 opinione,

293 1828 406 1865 quam
427 1817 472 1853 de
493 1820 642 1856 animae
673 1821 946 1857 inmortalitate
969 1827 1226 1869 susceperant,
1256 1823 1311 1857 ita
1332 1822 1410 1856 sint
1428 1821 1628 1868 appellati;
1658 1833 1732 1869 qua

292 1875 332 1910 vi
353 1876 449 1910 citra
471 1874 627 1912 dubium
652 1882 711 1911 cst
740 1878 781 1913 in
803 1875 862 1913 his
890 1876 1042 1924 Iosephi
1060 1876 1205 1913 XVIII.
1226 1876 1271 1912 A.
1301 1875 1329 1912 Ι.
1354 1878 1391 1915 l.
1416 1876 1453 1914 5.
1483 1876 1528 1911 de
1557 1875 1731 1923 Essenis‚

289 1926 544 1977 ἀθανατιζοι
550 1944 588 1968 σι
621 1929 665 1970 de*
698 1928 774 1977 τὰς
800 1927 952 1983 ψυχάς.
993 1932 1145 1970 Mecum
1174 1933 1291 1969 sentit
1320 1931 1363 1968 L.
1392 1931 1546 1968 Kuster.
1572 1934 1614 1968 in
1643 1927 1731 1970 Ζά-

286 1986 430 2035 μολξις
461 1985 615 2024 Suidae.
659 1987 795 2024 WVESS.

405 2043 505 2080 105.
531 2043 592 2082 34
627 2039 713 2081 Τὸν
739 2040 832 2082 Ἰαῶ
863 2039 1181 2095 ἐπικαλούμενον
1205 2040 1339 2094 θεὸν]
1385 2042 1506 2080 Vetus
1536 2041 1630 2080 haec
1657 2056 1728 2081 no-

287 2098 403 2133 minis
433 2107 518 2136 mm
549 2101 822 2145 pronuntiatio.
874 2097 1024 2138 Θεὸν’
1010 2096 1169 2139 ’ὕπατον
1198 2097 1292 2139 Ἰαω
1323 2098 1492 2137 Macrob.
1530 2098 1559 2136 I.
1599 2089 1728 2137 Satur.

291 2155 360 2191 18.
399 2160 436 2188 et
474 2150 607 2203 Ισχὺν
633 2152 726 2194 Ἰαῶ
772 2154 990 2205 Hesychius
1020 2155 1134 2193 habet
1163 2158 1203 2193 in
1230 2154 1406 2204 Ὀζείας·
1445 2156 1582 2205 quibus
1616 2156 1726 2203 adde,

284 2219 380 2255 quae
402 2211 478 2245 viri
506 2210 610 2247 docti
629 2210 677 2246 ad
707 2209 891 2248 Clement.
921 2211 1030 2249 Alex.
1059 2213 1105 2249 V.
1138 2212 1319 2251 Stromat.
1344 2225 1379 2261 p.
1402 2214 1506 2252 666.
1536 2214 1577 2248 in
1606 2224 1725 2249 unum
1776 2241 1781 2246 .

284 2263 571 2302 conduxerunt:
606 2279 729 2315 neque
758 2269 860 2303 enim
899 2270 1103 2305 consilium
1134 2276 1213 2315 est,
1250 2273 1292 2305 in
1320 2281 1403 2305 eam
1432 2280 1536 2303 nunc
1571 2268 1724 2318 ingredi

282 2323 596 2358 controversiam.
641 2321 685 2358 ld
706 2323 939 2360 monendum
956 2331 1098 2372 restat,
1130 2324 1266 2361 lustin.
1297 2323 1408 2360 Mart.
1431 2325 1605 2374 neglecta
1626 2337 1720 2361 voce

277 2371 371 2414 'Iam
401 2377 540 2426 legisse
560 2378 728 2429 ,Μωσῆν
755 2375 828 2417 τὸν
851 2375 1104 2430 καλούμενον
1135 2376 1246 2419 θεόν.
1288 2380 1389 2428 quod
1413 2381 1638 2416 consultone
1669 2391 1720 2417 an

279 2433 376 2467 vitio
396 2431 485 2468 libri
512 2433 654 2470 factum
672 2436 744 2480 sit,
773 2446 851 2471 non
884 2434 1004 2472 habeo
1026 2436 1170 2474 dicere:
1200 2435 1387 2486 Cyrillum
1412 2436 1581 2484 profecto
1602 2448 1719 2473 excu-

279 2499 362 2523 sare
392 2499 562 2535 nequeo,
595 2492 660 2538 qui
690 2503 776 2526 cum
808 2490 939 2528 eadem
970 2491 1063 2529 hacc
1092 2505 1140 2529 ex
1172 2492 1340 2538 Iustino,
1377 2491 1588 2528 Diodorum
1614 2494 1717 2530 enim

278 2542 379 2579 haud
408 2546 604 2591 inspexit,
647 2546 882 2583 exscriberet
910 2547 952 2584 L.
983 2547 1013 2584 Ι.
1044 2562 1074 2585 c.
1100 2548 1237 2585 Iulian.
1266 2562 1300 2597 p.
1334 2548 1404 2587 15.
1435 2546 1496 2594 D.‚
1523 2561 1589 2594 ea,
1619 2559 1714 2596 quae

275 2597 409 2635 lustin.
438 2601 554 2646 probe
587 2601 841 2649 distinxerat,
871 2605 947 2650 ita,
976 2610 1018 2640 ut
1048 2604 1236 2641 Iulianum
1256 2605 1396 2640 fortius
1417 2610 1592 2654 urgeret,
1621 2617 1714 2640 con-

272 2655 459 2691 nectenda
480 2659 650 2702 censuit,
671 2654 918 2709 χρήσασθαι
939 2674 992 2697 τα
1014 2661 1066 2697 π)
1070 2656 1157 2711 η9η
1181 2675 1248 2698 και
1267 2661 1386 2709 βιοῦν
1417 2657 1549 2711 ἄιὸρα
1572 2658 1638 2697 καὶ
1660 2674 1711 2712 τι]

269 2712 385 2762 ψιχῆ
404 2709 532 2762 μέγαν
555 2711 621 2750 καὶ
644 2715 702 2751 τῶ
724 2713 804 2767 βίω
828 2710 1072 2754 καινότατον
1095 2718 1178 2754 τῶν
1206 2713 1572 2766 μνημονευομένων
1596 2714 1710 2767 παρὰ

265 2771 351 2811 ῒθῖς
370 2765 447 2805 ’101’
442 2766 580 2813 ’δαΐοις
601 2769 769 2819 Μωοῆν
780 2797 791 2815 ,
821 2785 893 2808 τον
913 2767 1165 2821 καλούμενον
1188 2767 1303 2810 θεόν.
1336 2784 1430 2819 quae
1452 2773 1484 2808 si
1502 2771 1607 2807 fraus
1630 2783 1708 2808 non

266 2829 346 2869 est,
377 2825 571 2861 amisimus
602 2837 695 2863 vera
717 2838 845 2865 rerum
868 2827 1065 2866 vocabula.
1093 2826 1188 2866 Vide
1217 2834 1255 2866 et
1276 2826 1318 2865 P.
1347 2826 1395 2865 D.
1419 2826 1604 2865 Huetium
1627 2825 1706 2864 De-
