1828 3253
325 98 419 140 652
634 129 638 133 .
783 95 1308 139 ANNOTATIONES

320 209 389 251 καὶ
410 205 431 250 ὃ
451 211 576 262 βασιλ
581 206 646 256 εὺς
666 206 743 261 μὲν
762 206 838 251 οὐκ
867 207 1077 259 ἐπείθετο,
1104 213 1255 261 inquit,
1284 208 1363 252 εἴθ’
1396 207 1484 253 ’ὖπό
1511 210 1630 261 &0124-
1638 243 1651 264 ,
1682 210 1762 254 ειθ’

319 263 400 306 υπὸ
424 264 589 313 ἀνοίας,
618 262 642 318 ἦ
668 269 793 305 πᾶσιν
819 266 1012 319 {mussat
1041 265 1350 320 πλησιαζόιτων
1370 272 1456 336 >τῶν
1474 272 1624 309 κακῶν
1666 270 1766 308 Nam

319 330 401 361 tum
422 323 572 360 demum
590 336 685 361 vera
705 326 778 360 erit
798 326 1010 371 sententia,
1042 325 1106 362 ubi
1137 323 1213 364 εἷθ’
1246 321 1326 364 υπὸ
1359 322 1526 377 αγιμοιας
1551 326 1766 364 refluxeris.

322 380 478 430 Quippe
497 383 556 416 ita
576 393 616 417 se
639 392 705 416 res
725 379 855 426 lmbet,
876 382 1164 431 utpleruquce
1174 381 1391 427 fortunam
1411 389 1638 421 mutaturus
1655 382 1767 420 Deus

320 437 489 474 consilia
523 443 778 488 corrumpat,
820 437 1136 484 quemadmodum
1159 438 1328 475 Velleius
1351 437 1393 475 L.
1414 438 1461 476 Π.
1486 441 1589 480 118.
1620 440 1765 477 scribit.

321 492 458 531 wass.

438 549 540 588 566.
565 550 638 588 68.
679 543 823 598 εΥιιῶν
851 545 927 599 τὴν
958 544 1105 601 πόλιν]
1145 548 1212 587 Sic
1232 549 1445 589 Diodorum
1475 558 1513 588 et
1541 563 1632 588 mox
1661 547 1766 604 πρὸς

318 598 429 656 ὑμᾶς
454 605 680 653 reliquisse,
710 607 828 641 series
850 607 1034 642 orationis
1055 606 1228 643 dubitare
1250 606 1436 656 prohibet.
1462 607 1596 644 VVESS.

435 661 538 700 566.
563 662 635 700 73.
673 657 757 711 Ίηι
784 658 826 698 δ’
851 659 1098 713 ἄπαγ”μλιαι
1118 665 1192 713 τῆς
1212 662 1353 713 πείσας
1364 661 1380 714 ]
1413 660 1663 701 Praestabit'
1644 676 1767 714 επαγ-

316 715 468 769 γε)..ιἀν
507 728 602 764 quae
627 717 808 754 vocabula
835 718 1082 755 librariorum
1108 719 1284 756 socordia
1304 723 1511 769 permutari
1534 720 1701 757 diximus
1720 719 1763 756 L.

318 773 349 811 1.
376 776 414 814 l.
437 780 474 810 et
497 773 558 810 [V.
583 775 653 813 83.
683 773 820 811 Wnss.

435 830 537 869 566.
565 832 638 869 83.
662 827 732 867 (Ἐν
752 827 844 881 γὰρ,
872 826 933 868 ὅτι
955 832 1078 869 τοῦτο
1102 826 1330 880 πράξαντες
1356 831 1443 881 ete]
1477 832 1587 876 Quod
1607 831 1655 868 ad
1676 844 1764 868 sen-

316 888 475 922 tentiam
505 886 813 932 desiderabatur,
854 885 994 934 lnterp.
1027 887 1176 923 addidit
1204 901 1320 924 unum
1352 887 1424 924 Ιιοο
1445 890 1606 938 iusuper
1634 889 1763 925 addo.-

315 954 410 990 quae
436 942 588 990 quidem
608 944 777 991 ellipsis,
811 945 843 979 si
873 944 935 979 cui
960 944 1112 989 durior,
1140 946 1251 980 sicuti
1274 951 1354 991 est,
1386 944 1603 990 videbitur,
1631 945 1665 980 is
1685 945 1764 981 levi

315 1011 431 1047 opera
451 997 503 1037 ἐῶ
524 1013 615 1050 W&
644 1001 754 1035 mitto
775 1001 898 1045 eni-m,
928 1001 1054 1050 legere
1077 1002 1225 1047 poterit.
1256 999 1348 1036 Mox
1369 998 1441 1039 τὸν
1463 996 1643 1050 πόλεμον
1661 999 1762 1038 ἔπα-

314 1053 570 1108 νῃρημέιους
595 1057 745 1103 recepi,
773 1056 962 1103 quomodo
986 1056 1026 1092 L.
1048 1054 1136 1092 Xll.
1164 1058 1235 1096 84.
1285 1056 1502 1093 Alcibiades
1530 1054 1657 1095 ἔπεισε
1688 1054 1762 1094 τὸν

315 1114 449 1162 dmum
482 1110 754 1149 ἐπανελέσθαι
787 1109 860 1150 τὸν
884 1109 1075 1162 πόλεμον.
1123 1111 1174 1149 Et
1195 1113 1234 1149 L.
1256 1112 1362 1149 XIV.
1383 1115 1456 1153 21.
1487 1110 1525 1152 οἱ
1554 1112 1597 1151 δὲ
1618 1112 1762 1150 Λακε-

315 1164 519 1217 ὁ“αι,ιιόιίοι
550 1166 731 1220 φανερὸν
754 1165 869 1207 οὔπω
897 1166 970 1207 τὸν
999 1164 1178 1220 πόλεμον
1200 1168 1505 1223 ἐπανῃροῦντο,
1533 1176 1645 1218 atque
1667 1171 1762 1206 alias

315 1224 426 1261 dixit.
456 1224 504 1261 W
509 1234 589 1260 ESS.

430 1281 533 1320 567.
556 1281 598 1319 [l.
646 1281 791 1319 Ταῦτα
820 1277 1110 1330 διαλεχθέντος
1137 1283 1211 1319 τοῦ
1232 1277 1442 1327 Λάκωνος
1460 1283 1557 1327 etc.]
1590 1280 1759 1317 Innuunt

313 1335 421 1383 haec,
448 1336 617 1386 Gylippo
639 1338 831 1385 inpulsore
853 1337 1003 1374 Niciam
1025 1344 1063 1373 et
1083 1336 1379 1374 Demosthenem
1413 1338 1634 1374 interfectos
1655 1349 1756 1373 esse:

314 1405 388 1442 qua
410 1396 450 1430 in
472 1406 512 1429 re
528 1392 722 1429 Diodorus
742 1394 822 1429 abit
840 1407 860 1429 a
882 1392 1110 1443 Thucydide
1132 1393 1172 1431 L.
1195 1393 1279 1432 Vll.
1297 1395 1383 1439 86..
1404 1405 1514 1441 quem
1528 1392 1756 1430 Plutarchus

313 1452 484 1499 sequitur
505 1451 545 1485 in
557 1449 643 1485 Nic.
664 1462 698 1497 p.
718 1450 819 1489 541.
833 1448 875 1486 F.
898 1448 1068 1497 Uterque
1083 1452 1197 1495 enim,
1221 1449 1370 1486 Lacone
1385 1451 1523 1507 invito,
1546 1448 1758 1485 Athenien-

313 1509 409 1543 sium
434 1506 548 1542 duces
570 1518 592 1541 a
613 1503 868 1552 S3racusanis
893 1505 1178 1542 contrucidatos
1200 1507 1320 1542 fuisse
1348 1507 1458 1542 asset
1463 1513 1553 1542 erat.
1571 1506 1702 1542 WESS.

429 1563 531 1601 567.
562 1562 602 1599 9.
637 1556 741 1598 Υπὸ
772 1564 854 1600 τιῖιι
876 1560 1082 1612 ιειοτέοωι
1102 1561 1270 1613 ἕξαοῖια·
1261 1559 1418 1613 ἔνης]
1449 1561 1700 1598 'leuebantur
1719 1561 1758 1598 hi

311 1620 503 1668 elegantia
532 1617 761 1653 eruditionis
793 1618 942 1654 Attio-ie
973 1625 1010 1654 et
1040 1621 1251 1654 carminum
1276 1618 1495 1666 Euripidis,
1524 1630 1585 1666 qu
1586 1633 1618 1655 ie
1640 1617 1758 1654 Athe-

311 1676 504 1712 niensium
533 1675 665 1709 multis
693 1675 809 1711 saluti
836 1675 979 1720 fuisse,
1021 1674 1249 1711 Plutarchus
1282 1675 1392 1711 (locet
1413 1677 1453 1711 in
1477 1674 1562 1712 Nic.
1588 1688 1623 1725 p.
1652 1676 1755 1714 542.

311 1732 412 1775 Quia
432 1743 524 1768 vero
549 1743 568 1766 e
589 1732 750 1778 captivis
769 1732 897 1780 plures
920 1732 1066 1767 victum
1086 1731 1161 1766 sibi
1185 1738 1222 1767 et
1250 1733 1324 1767 alia
1347 1732 1529 1767 docendis
1549 1733 1669 1768 literis
1691 1743 1757 1779 pa-

309 1788 460 1833 rabant,
490 1788 609 1837 vulgo
633 1785 793 1824 Athenis
815 1787 861 1823 de
883 1787 1054 1834 civibus,
1083 1800 1131 1823 ex
1154 1787 1353 1824 Siciliensi
1377 1788 1482 1824 clade
1504 1788 1674 1825 nondum
1695 1800 1756 1824 re-

310 1847 458 1890 versis,
485 1843 695 1888 dicebatur,

468 1896 532 1937 'H
545 1914 606 1938 τοι
629 1897 850 1949 τέθνηκεν,
881 1894 905 1949 ἢ
928 1894 1107 1937 διδάσκει
1127 1895 1367 1950 γράόιιματα.

309 1968 422 2005 quem
441 1958 633 1992 senarium
654 1956 869 2003 proverbiis
889 1956 1051 1991 inseruit
1072 1956 1290 2002 Apostolius
1311 1954 1419 1992 Cent.
1440 1954 1494 1991 X.
1514 1955 1556 1994 4.
1591 1954 1725 1992 WVESS.

427 2014 532 2052 567.
554 2014 628 2052 26.
652 2008 775 2049 Ἀλλὰ
797 2010 961 2061 κυριόνς
983 2007 1158 2062 ποιήσω]
1191 2011 1286 2048 Vide
1312 2011 1354 2050 L.
1378 2010 1468 2050 ΧΠ.
1498 2012 1568 2050 19.
1600 2010 1756 2049 Mallem

309 2074 437 2105 autem
459 2067 609 2105 Dioclis
630 2076 668 2104 et
686 2069 813 2118 legum
827 2068 1030 2117 Syracusis
1051 2069 1212 2104 latarum
1234 2067 1430 2104 historiam
1450 2071 1633 2104 continua
1655 2071 1752 2105 serie

309 2127 571 2173 explicuisset,
591 2137 661 2160 nec
687 2125 743 2161 bis
763 2124 921 2161 eandem
942 2137 1034 2170 rem,
1053 2132 1094 2160 ut
1112 2125 1204 2161 facit
1226 2138 1257 2160 c.
1281 2125 1354 2163 34.
1374 2131 1411 2160 et
1431 2135 1526 2172 seq.,
1549 2125 1753 2174 adgressus

307 2182 445 2218 fuisset
465 2189 610 2217 auctor.
647 2181 782 2217 W'ESS.

426 2239 528 2277 567.
561 2238 635 2276 31.
674 2233 864 2275 Ιῐόπλιον
900 2231 1150 2287 Κορνήλιον]
1189 2235 1400 2284 Seque-ntes
1422 2249 1468 2272 ex
1490 2235 1602 2273 Livio
1622 2243 1660 2272 et
1677 2235 1753 2273 Fa-

309 2295 379 2330 stis
400 2295 452 2329 ita
471 2295 653 2329 restitue:
691 2289 812 2331 Γάϊον
839 2290 1063 2340 Οὐαλέριον
1084 2293 1289 2339 Hortum,
1316 2293 1533 2344 Ko'f'yzrtov
1555 2292 1752 2331 Κικιννᾶ-

307 2364 395 2397 τον,
432 2345 592 2398 Φάβιον
615 2345 913 2398 Οὐιβουλανόν.
945 2348 1080 2386 RHOD.

423 2405 524 2443 Ibid.
564 2401 689 2443 Γάϊον
733 2401 921 2454 Φάβιον]
975 2405 1016 2440 ln
1055 2405 1197 2441 tabulis
1235 2403 1461 2452 Capitolinis
1493 2403 1542 2442 N.
1577 2403 1750 2441 Fabius:

309 2473 426 2510 quare
457 2470 495 2497 et
515 2461 698 2497 Numerii
722 2473 952 2509 praenomen
972 2460 1090 2497 Fabio
1117 2461 1282 2497 reddunt
1312 2464 1351 2497 in
1381 2460 1483 2497 Livii
1512 2460 1552 2497 L.
1576 2460 1637 2497 IV.
1660 2463 1749 2507 49„

308 2519 419 2555 cuius
439 2524 529 2554 ante
551 2516 817 2567 Mogontinam
841 2517 1030 2554 editiones
1057 2518 1130 2555 Gn.
1153 2518 1215 2553 vel
1241 2517 1307 2553 Cn.
1329 2518 1617 2565 praeferebant,
1653 2516 1748 2553 Dio-

308 2574 404 2610 doro
425 2575 721 2611 consentientes.
753 2572 942 2617 Ceterum,
969 2576 1034 2623 qui
1055 2573 1117 2610 hic
1139 2573 1296 2610 deerant
1315 2574 1486 2619 tribuni,
1514 2580 1617 2609 recte
1634 2575 1748 2609 resti—

307 2634 384 2668 tuti
403 2643 426 2667 a
445 2629 723 2667 Rhodomanno
744 2638 844 2666 sunt.
862 2629 996 2666 VVEss.

423 2687 528 2726 567.
556 2687 628 2724 36.
661 2687 758 2723 λ’ῖοι
789 2685 856 2724 καὶ
886 2681 1033 2736 Σάμιοι
1062 2683 1129 2723 καὶ
1158 2680 1405 2737 Βυζάντιοι]
1442 2682 1529 2721 Chii
1556 2691 1594 2721 et
1613 2683 1747 2731 Samii,

303 2745 460 2794 cognita
488 2741 783 2780 Atheniensium
810 2742 941 2788 clade,
974 2743 1104 2778 statim
1127 2740 1288 2778 deficere
1319 2740 1368 2777 ud
1396 2739 1606 2790 Spartanos
1633 2742 1748 2777 insti-
