1828 3253
276 204 373 244 260
743 197 1259 239 ANNOTATIONES

286 310 392 355 κατὰ
425 309 615 364 ποταμὸν
646 312 759 351 πλεῖν
785 319 844 350 est
871 313 1209 363 quomodocunque
1238 316 1278 351 in
1298 327 1343 351 eo
1361 315 1547 365 navigare
1566 313 1612 350 ll.
1633 315 1724 360 28„

287 377 354 408 aut
375 373 489 406 etiam
510 381 630 419 prono
651 371 774 415 amni,
806 382 918 418 quem
947 371 989 406 in
1019 371 1173 407 modum
1203 368 1308 409 κατὰ
1341 368 1492 421 &aziam
1528 370 1594 408 καὶ
1625 367 1724 435 ῥοῦν

286 424 490 478 νήχεσθαι
523 424 625 462 Plut.
645 424 692 461 Τ.
715 425 760 462 ll.
783 438 818 474 p.
841 427 946 466 979.
970 423 1011 462 C.
1037 434 1075 463 et
1104 424 1262 480 ἆσχὲτω
1291 423 1402 477 τάχει
1434 441 1540 464 κατα
1573 423 1671 492 ρουν
1702 421 1723 476 ἧ

289 486 389 529 ναῦς
409 479 573 535 ἐφέρετο
595 481 624 518 l
610 494 717 532 ong.
740 482 788 519 ll.
808 482 956 519 Pastor.
983 495 1020 530 p.
1046 484 1116 522 58.
1152 490 1189 519 et
1210 478 1307 528 ὁδὸς
1326 485 1439 520 πᾶσα
1461 478 1728 531 ἐπιποτάμιος

290 537 396 579 κατὰ
418 536 517 590 ῥοῦι
540 541 816 590 συγκατιοῦσα
839 541 896 577 τσῦ
927 535 1046 577 ὕδατι
1078 539 1240 590 Gregor.
1262 539 1426 589 Nysscn.
1451 538 1573 588 Epist
1595 537 1660 576 lll.
1692 549 1727 584 p.

293 597 399 636 363.
428 597 468 632 in
498 593 655 633 Collect.
686 594 855 632 Monum.
876 595 916 631 L.
936 594 980 631 A.
999 595 1200 646 Zacagnii.
1233 594 1345 633 Unde
1366 602 1403 631 et
1423 595 1468 631 de
1488 595 1601 631 rebus
1620 605 1728 642 pros-

292 654 457 701 perrime
486 651 693 688 fluentibus
732 648 808 690 κᾶν
844 648 1008 690 ἅπαντα
1045 649 1098 690 τὰ
1132 649 1237 690 ἄλλα
1278 648 1384 690 κατὰ
1418 648 1517 703 ῥοῦν
1555 648 1731 702 φέρηται

294 704 517 761 npdqpmta
547 706 599 745 Io.
633 693 895 758 Chrysostoin.
927 708 972 744 de
996 707 1117 745 Uxor.
1145 710 1275 757 quales
1305 707 1499 744 ducendae
1531 705 1578 743 'l.
1602 705 1670 744 Ill.
1692 719 1729 754 p.

294 766 401 805 227.
427 763 566 800 WEss.
595 760 693 802 Ἀνὰ
712 771 839 801 tamen
857 764 1023 801 malebat
1042 763 1320 802 Valckenarius
1337 764 1386 801 ad
1403 762 1548 800 Herod.
1569 761 1636 799 Ill.
1664 762 1734 802 13.

293 824 418 859 citans
440 834 474 869 Ρ.
496 821 604 859 272.
629 820 699 859 55
723 821 828 860 300.
851 821 924 861 90.
953 820 1125 858 F.rustra

410 878 517 916 200.
539 878 613 916 61.
656 873 735 927 Μὴ
757 877 896 915 πλεῖον
916 873 1040 916 εἰκοσι
1059 876 1127 915 καὶ
1149 870 1389 943 τεσσάρων]
1429 874 1552 912 Miror
1578 874 1736 911 tolerari

297 934 371 971 huc
398 945 517 981 usque
548 933 717 980 potuisse
744 933 1025 982 ineptissimum
1054 930 1099 972 τὸ
1132 928 1408 984 πεντήκοντα,
1451 933 1544 968 satis
1565 932 1694 979 utique
1714 942 1738 966 a

297 989 468 1027 Diodoro
488 989 743 1039 proscriptum
762 995 800 1025 et
823 988 1054 1026 damnatum.
1083 988 1384 1054 Agatharchides
1409 988 1571 1024 eundem
1590 986 1738 1023 dierum

300 1059 498 1084 numerum
537 1052 736 1093 posuerat,
786 1046 860 1082 etsi
886 1057 1004 1094 prave
1032 1058 1136 1082 nunc
1165 1047 1246 1082 eius
1278 1047 1321 1082 in
1349 1044 1554 1093 Excerptis
1593 1054 1628 1091 p.
1660 1042 1736 1082 48.

299 1100 425 1142 εἴκοσι
451 1099 519 1140 καὶ
539 1098 670 1139 πέντε.
707 1100 842 1138 Wnss.

412 1159 518 1197 200.
536 1158 607 1196 70.
626 1153 727 1197 Ἀπὸ
749 1159 824 1197 τοῦ
847 1153 1158 1214 συμβεβηκότος
1179 1151 1434 1224 ῥινόκερως]
1436 1155 1555 1192 Plane
1573 1153 1621 1192 ad
1640 1153 1743 1190 hunc

300 1213 455 1253 modum
477 1213 642 1251 Pausan.
666 1212 737 1251 IX.
757 1216 833 1254 21.
867 1209 975 1253 εἶδον
998 1213 1043 1253 δὲ
1073 1213 1140 1253 καὶ
1162 1209 1342 1280 ταύρους
1363 1208 1460 1258 τούς
1479 1226 1522 1251 τε
1540 1211 1742 1251 Αἰθιοπι-

301 1285 421 1318 κους,
451 1267 523 1315 οὓς
552 1268 616 1307 ἐπὶ
641 1284 699 1309 τω
728 1265 1006 1336 συμβεβηκότι
1027 1265 1275 1320 ὀνομάζουσι
1297 1265 1537 1320 ῥινοκερως,
1563 1265 1625 1306 ότι
1648 1281 1704 1319 oq
1710 1282 1743 1304 ι-

304 1342 369 1366 σιν
394 1323 492 1364 ἐπ’
477 1323 584 1380 οίκρα
605 1328 655 1379 τῇ
675 1323 754 1379 ῥινὶ
772 1322 816 1364 ἐν
834 1321 993 1380 ἑκάστῳ
1017 1324 1149 1378 κέρας.
1180 1332 1218 1362 et
1237 1326 1387 1364 Aelian.
1401 1325 1475 1362 XV
1483 1324 1529 1360 ll.
1548 1323 1596 1360 Η.
1610 1322 1655 1358 A.
1672 1323 1742 1363 11.

306 1383 479 1432 Sumpsit
501 1389 627 1418 autem
651 1381 749 1420 hanc
770 1384 946 1419 animalis
966 1382 1262 1431 descriptionem
1282 1395 1330 1419 ex
1345 1379 1647 1432 Agatharchide,
1678 1380 1745 1429 qui

303 1440 467 1478 fortasse
488 1437 721 1475 Graecorum
740 1441 885 1488 primus
904 1452 987 1476 eam
1004 1439 1192 1488 depinxit,
1209 1453 1245 1488 p.
1266 1439 1341 1478 49.
1381 1438 1518 1474 Wuss.

418 1496 527 1535 200.
551 1495 624 1534 73.
666 1491 755 1546 Την
787 1493 832 1533 δὲ
857 1490 991 1547 χρόαν
1011 1493 1234 1547 πυξοειδῆ]
1264 1494 1569 1539 Artemidorum,
1600 1493 1665 1541 qui
1696 1503 1745 1528 ex

305 1550 589 1603 Agatharchide
609 1551 710 1588 idem
722 1551 955 1601 prodiderat,
974 1552 1192 1588 confutavit
1202 1550 1342 1588 Strabo
1355 1550 1398 1587 L.
1410 1549 1515 1587 XVI.
1535 1562 1570 1598 Ρ.
1587 1550 1605 1588 l
1622 1549 1745 1595 120.;

308 1611 437 1646 colore
456 1610 558 1644 enim
577 1620 655 1645 non
673 1607 829 1654 buxum,
843 1608 909 1644 sed
927 1607 1172 1656 elephantum
1189 1608 1356 1656 referre3
1384 1606 1486 1656 quod
1504 1611 1543 1642 et
1565 1604 1641 1642 Dio
1654 1603 1745 1641 Cas-

311 1667 392 1703 sius
412 1663 454 1701 L.
478 1662 540 1702 Ll.
562 1677 599 1713 p.
627 1664 731 1704 526.
758 1664 962 1714 significat.
1003 1664 1144 1703 lVESS.

424 1721 530 1759 200.
563 1721 635 1760 81.
676 1716 807 1758 “va
847 1718 892 1758 δὲ
933 1714 954 1759 ὅ
985 1718 1135 1774 ἐλέφας
1168 1715 1269 1772 etc.]
1325 1717 1468 1757 Confer
1505 1717 1667 1767 Oppian.
1700 1715 1747 1753 ll.

311 1776 496 1828 Cyneget.
526 1789 627 1812 vers.
652 1776 755 1815 554.
770 1783 841 1812 etc.
864 1788 1036 1825 quaeque
1064 1779 1124 1814 illi
1142 1777 1347 1824 adscripsit
1366 1775 1405 1813 C.
1431 1774 1686 1820 Rittershus.‚
1712 1778 1753 1810 et

312 1832 488 1871 Cosmam
509 1831 777 1882 Indicopleust.
798 1831 841 1869 L.
860 1831 932 1870 XI.
954 1832 1197 1902 Topograph.
1217 1845 1253 1882 p.
1273 1833 1379 1872 334.
1407 1832 1542 1870 Wrss.

426 1889 533 1929 200.
558 1891 630 1929 88.
667 1886 765 1926 Ἐπὶ
794 1888 932 1928 πλεῖον
962 1889 1029 1928 καὶ
1054 1888 1325 1928 διδασκαλίαν
1343 1890 1442 1940 μεθ.
1466 1883 1750 1938 ἐπιδέχονται]

313 1945 398 1983 Hoc
417 1947 579 1982 nimium
596 1944 761 1981 videtur.
790 1940 890 1984 Ἐπὶ
918 1946 1057 1984 πλεῖον
1081 1948 1236 1997 egregie
1258 1958 1322 1981 eas
1351 1944 1502 1982 edoceri
1520 1956 1658 1993 posse
1647 1949 1751 1980 artes

311 2004 459 2040 innuit:
492 2000 679 2049 quomodo
699 1999 890 2037 Tantalus
915 2000 1036 2053 φίλος
1066 1999 1219 2054 ἐγένετο
1249 2003 1333 2040 τῶν
1361 2003 1473 2040 θεῶν
1504 1999 1568 2038 ἐπὶ
1599 2000 1752 2046 πλεῖον,

307 2061 380 2108 qui
398 2058 472 2094 diis
494 2070 673 2105 percarus
691 2057 811 2093 fuisse
828 2056 1072 2105 perhibetur,
1103 2059 1193 2095 infr.
1212 2057 1275 2094 IV.
1304 2059 1375 2097 76.
1397 2063 1435 2094 et
1452 2055 1666 2093 Daedalum
1678 2054 1755 2091 Mi-

314 2127 388 2151 nos
411 2113 532 2166 φίλον
554 2111 618 2151 ἐπὶ
636 2113 776 2151 πλεῖον
796 2113 964 2151 adscivit
983 2128 1014 2152 c.
1029 2115 1101 2154 79.
1122 2114 1293 2151 ciusdem
1312 2114 1413 2151 libri.
1432 2112 1548 2161 Atqui
1566 2115 1608 2149 in
1628 2114 1753 2148 simiis

315 2171 456 2207 falsum
480 2169 521 2206 id
540 2182 622 2206 esse
642 2169 831 2206 novimus.
846 2169 1078 2208 Prudentius
1098 2169 1401 2221 Agatharchides
1421 2166 1690 2214 διδασκαλίας
1708 2180 1753 2205 τε

314 2224 636 2277 μεθοδευτικῆς,
662 2226 811 2274 inquit,
840 2223 904 2264 ἐπὶ
924 2223 1054 2266 ποσὸν
1075 2223 1457 2266 &nrovra1.wssss.

425 2283 533 2321 200.
553 2276 903 2334 92.}1991051ara
923 2281 966 2322 δὲ
988 2285 1122 2323 ταῦτα
1140 2280 1194 2322 τὰ
1214 2280 1330 2335 ζῶα]
1374 2282 1570 2319 [nticiatur
1588 2278 1661 2317 hoc
1681 2277 1758 2315 Ae-

315 2339 409 2375 lian.
429 2337 492 2374 lv.
514 2336 564 2374 H.
586 2336 631 2373 A.
652 2337 727 2377 46.
747 2344 786 2374 et
809 2338 986 2386 V1.10.‚
1014 2342 1080 2389 qui
1105 2341 1206 2377 forte
1227 2338 1421 2376 diversum
1443 2350 1566 2389 genus
1582 2334 1757 2386 Cynoce-

318 2393 517 2442 phalorum
544 2395 586 2430 in
613 2395 739 2430 animo
769 2392 921 2432 habuit:
958 2403 1049 2433 sunt
1076 2398 1177 2433 enim
1207 2397 1338 2445 plura,
1375 2397 1477 2432 inter
1505 2406 1600 2442 quae
1633 2393 1756 2429 multo

317 2453 432 2487 etiam
449 2449 679 2486 ferocissimi
698 2453 956 2500 reperiuntur,
985 2452 1145 2490 docente
1164 2452 1298 2500 Prosp.
1327 2450 1467 2501 Alpino
1492 2447 1582 2486 Rer.
1613 2448 1657 2487 L.
1688 2446 1755 2488 lV.

316 2506 481 2556 Aegypt.
511 2506 638 2545 c.11.
667 2504 807 2546 WEss

430 2563 537 2601 201.
569 2562 644 2601 96.
672 2556 721 2600 ‘O
751 2561 796 2601 δὲ
824 2558 1042 2615 λεγόμενος
1067 2563 1220 2617 κῆπος]
1257 2563 1418 2601 Praeter
1436 2559 1757 2613 Agatharchidem

317 2617 477 2654 eandem
497 2619 666 2654 nominis
684 2620 1110 2672 caussamPythagoras
1131 2621 1266 2658 dedit
1256 2634 1297 2658 ιη
1317 2620 1471 2656 Aeliani
1490 2615 1684 2655 XV11.H.
1708 2614 1754 2651 A.

320 2677 377 2720 8.
403 2673 469 2710 sed
494 2674 710 2720 absurdam,
736 2683 916 2713 monente
939 2675 995 2714 Cl.
1010 2677 1229 2715 salmasio
1219 2691 1259 2714 m
1271 2676 1397 2714 Solin.
1417 2689 1452 2724 Ρ.
1464 2675 1585 2720 276.,
1607 2679 1643 2708 et
1661 2671 1758 2708 ridl-

317 2704 454 2767 culam.
478 2730 729 2781 Peregrinum
748 2733 892 2769 animal
915 2739 996 2781 est,
1026 2740 1138 2782 atque
1159 2747 1204 2771 ea
1224 2734 1265 2770 in
1287 2740 1401 2798 gente
1429 2743 1566 2768 nomen
1587 2731 1756 2778 inpetra-

319 2789 399 2832 vit,
428 2786 493 2822 ubi
514 2787 660 2823 natales
682 2785 805 2824 habet.
844 2787 1032 2827 Hebraeis
1052 2801 1162 2840 ενι-ηρ
1185 2791 1249 2827 vel
1269 2801 1307 2839 η
1312 2801 1336 2839 p
1358 2789 1496 2825 &imme
1518 2783 1755 2833 sunl-(1¹¹Od

316 2842 546 2880 vocabulum
567 2844 625 2898 τῷ
645 2857 762 2898 κηπω
782 2845 907 2882 simile
925 2851 965 2884 et
988 2847 1159 2886 eiusdem
1175 2814 1331 2885 videtui-
1349 2845 1525 2895 originis,
1544 2842 1754 2887 meritoque
