1828 3253
418 229 477 266 lN
508 227 617 266 ΜΒ.
649 226 758 265 xri.
789 224 916 263 CAP.
939 225 1012 265 75.
1035 228 1178 267 —78.
1431 224 1522 272 623

83 340 188 380 Coss.
211 341 363 390 Onuph.
382 339 545 378 Panvin.
564 338 667 378 Fast.
681 339 724 376 L.
748 339 776 376 1.
794 338 842 376 ad
863 351 952 376 ann.
970 347 1160 376 cccxxvi.
1181 337 1385 389 depravate
1406 345 1525 383 scribi

83 405 253 436 autumat
275 412 343 446 pro
378 397 420 434 T.
443 396 626 442 Quinctio
648 396 780 433 Pemzo
813 402 851 432 et
879 396 925 432 A.
949 394 1130 433 Cornelio
1163 398 1302 445 cosso,
1335 402 1522 439 inmemor

83 468 234 500 corum,
276 467 370 503 quae
398 452 591 490 Diodorus
624 465 654 489 c.
686 453 756 491 75.
792 459 1088 488 memoraverat:
1131 458 1304 502 sequitur
1330 465 1521 495 errantem

83 509 395 555 Rffidomannus,
412 516 455 545 ut
473 520 563 544 mox
581 508 743 547 videbis.
790 506 1008 544 Ceterorum
1027 506 1131 544 Fasti
1153 508 1258 546 Coss.
1277 519 1521 560 praetereunt

87 567 128 603 L.
152 566 377 611 Quinctium
401 571 438 601 et
458 565 502 601 Α.
526 564 820 615 Sempronium,
842 577 962 614 neque
984 565 1209 601 inconmodo
1235 579 1302 615 pro
1330 567 1519 618 Livianis,

84 635 176 672 quas
205 622 380 667 turbant,
406 621 632 658 rationibus.
678 620 832 656 Habent
862 632 1010 669 quoque
1036 621 1299 660 adversarium
1328 623 1376 659 H.
1408 624 1521 662 Dod-

82 680 255 724 wellum‚
287 689 394 724 quem
422 676 510 714 vide
532 679 571 713 in
592 683 670 713 not.
690 677 737 713 ad
759 675 952 724 Chronol.‚
971 688 1065 724 quae
1086 678 1332 730 subiungitur
1353 679 1518 732 Dionys.

81 733 207 771 Halic.
229 734 361 781 p..96.
398 732 534 769 Wisss.
976 736 978 738 “

199 790 302 828 532.
328 791 398 829 18.
421 784 709 839 Ἀτραλιιῦτιον]
746 785 934 841 'Astyage
962 787 1027 826 Co.
1050 790 1135 826 vid.
1155 787 1201 826 ad
1224 804 1256 829 c.
1283 792 1355 830 73.
1389 792 1526 831 VVESS.

197 846 301 884 532.
339 844 411 885 19.
467 842 555 884 Οὐκ
586 840 869 884 ἀποδιδόντων
893 866 940 872 —-
966 842 1040 897 τὴν
1060 842 1234 899 ΙΙύλον]
1272 846 1384 888 Conf.
1415 848 1524 887 Thu-

83 900 169 951 cyd.
192 900 236 938 V.
261 902 334 941 35.
365 901 502 939 Wssss.
1076 911 1078 915 '

187 958 302 997 ⁴532.
329 959 402 997 22.
446 955 614 996 ”Enetos
644 954 741 1003 voi-9
778 954 1044 1009 Ἀθηναιόυς
1081 958 1222 1012 φιλίαν
1257 959 1525 1015 συνθέσθαι]

86 1013 231 1057 Quibus
259 1015 404 1051 artibus
435 1014 484 1051 ad
512 1014 795 1051 conciliandum
827 1013 898 1051 hoc
929 1015 1064 1051 foedus
1097 1018 1145 1052 sit
1170 1016 1388 1054 Alcibiades
1416 1031 1523 1065 usus,

86 1069 303 1106 ostenditur
320 1083 342 1106 a
360 1070 460 1107 Plut.
483 1070 605 1106 Alcib.
626 1084 659 1119 p.
694 1072 790 1110 197.
813 1069 874 1116 D.‚
907 1073 968 1107 cui
989 1070 1205 1121 Thucydid.
1224 1073 1413 1124 adiunge,
1441 1075 1525 1111 soe-

84 1125 186 1162 deris
209 1128 290 1162 eius
315 1127 518 1163 formulam
537 1126 813 1163 describentem
832 1126 874 1164 L.
897 1126 942 1162 V.
964 1128 1037 1166 47.
1066 1127 1201 1167 wass.

200 1183 302 1221 532.
323 1184 398 1222 28.
430 1182 636 1231 Αἰνιᾶνες]
666 1181 749 1218 Hoc
770 1184 888 1220 malui
908 1184 954 1220 ob
973 1182 1378 1234 StephaniByzantini
1396 1185 1527 1224 decre-

85 1244 165 1274 tum
195 1244 234 1274 et
254 1240 344 1286 quia
363 1239 524 1276 inferius
544 1237 586 1274 L.
610 1238 754 1275 XVllI.
784 1241 852 1278 ll.
882 1242 1058 1278 recurrit.
1088 1239 1289 1289 Ceteroqui
1312 1243 1351 1278 in
1371 1246 1525 1292 scriptis

84 1292 204 1333 Codd.
237 1294 448 1340 Αἷνειᾶνες
484 1301 522 1331 et
557 1293 751 1340 ,Αἰνιᾶνες
781 1296 1089 1343 frequentissime
1123 1300 1327 1344 permutari
1357 1300 1528 1336 ostendit

83 1348 390 1387 Hutchinsonius
415 1350 464 1387 ad
483 1349 730 1398 Xenophont.
766 1351 909 1400 Agesil.
940 1364 974 1400 p.
995 1352 1068 1391 44.
1113 1354 1214 1396 Quin
1249 1352 1390 1391 Strabo
1420 1355 1463 1392 L.
1493 1355 1522 1391 1.

85 1417 122 1454 p.
147 1407 249 1446 105.
278 1405 351 1445 ΧΙ.
375 1419 409 1456 p.
434 1406 538 1446 775.
584 1405 807 1452 Αἷνειᾶνας
827 1414 864 1443 et
882 1405 1081 1445 Heliodor.
1101 1408 1276 1458 Aethiop.
1301 1409 1348 1446 Π.
1369 1423 1405 1458 p.
1421 1414 1523 1451 122.

83 1465 232 1511 saepius
252 1462 430 1511 adpellat.
462 1461 641 1499 Caussam
663 1463 766 1509 belli,
794 1463 893 1513 quod
914 1462 1234 1501 Heracleensibus
1255 1478 1341 1503 cum
1359 1470 1524 1506 maxime

82 1520 232 1555 illatum
253 1524 332 1565 est,
360 1521 518 1568 exponit
537 1518 753 1569 Thucydid.
775 1519 819 1556 V.
846 1520 917 1559 51.
948 1519 1087 1557 Wssss.

199 1576 302 1614 532.
334 1575 406 1614 38.
442 1571 529 1612 Ἐπὶ
557 1571 674 1614 πόλιν
697 1571 1008 1628 Μηκύβερναν]
1045 1577 1147 1616 Leve
1168 1578 1327 1625 vitium,
1354 1578 1454 1629 quod
1477 1576 1521 1619 L.

84 1629 194 1669 XVI.
233 1631 304 1669 54.
332 1633 516 1677 recurrit,
558 1643 605 1667 ex
634 1644 753 1680 prava
783 1634 1097 1679 pronuntiatione
1126 1637 1213 1672 voci
1246 1637 1526 1686 ingeneratum,

85 1688 246 1724 sustuli:
262 1682 561 1738 Υ.71’[ηκύβ«ερναν
583 1699 713 1724 omnes
730 1690 926 1734 vocitant,
950 1690 1082 1728 urbem
1100 1701 1161 1727 xx
1180 1692 1317 1729 stadiis
1338 1691 1526 1742 Olyntho,

84 1745 120 1781 si
140 1756 216 1779 non
235 1743 337 1779 fallit
353 1742 655 1792 Harpocration,
676 1750 870 1781 remotam.
890 1743 1027 1785 WEss.
1311 1775 1313 1777 .

201 1799 303 1838 533.
344 1799 419 1838 43.
471 1795 693 1851 Παπύριον
722 1797 1020 1850 Μουτιλανὸν]
1066 1801 1129 1840 Ex
1156 1800 1428 1843 Movmzavbv
1465 1804 1528 1841 fac

85 1849 369 1907 Μουγιλανόν.
419 1855 566 1892 Prioris
594 1857 685 1892 anni
713 1858 913 1893 consulum
942 1859 1039 1895 alter
1060 1871 1126 1909 per
1156 1860 1336 1898 mendum
1365 1867 1528 1898 vocatur

87 1906 374 1964 Σεμπρώνιος,
411 1924 497 1948 cum
525 1911 660 1948 debeat
690 1925 773 1948 esse
810 1913 867 1950 A.
905 1910 1136 1966 Κορνήλιος
1167 1913 1343 1962 Κόσσος.
1385 1915 1524 1956 Ruon.

83 1966 295 2015 Παπίριον
325 1964 620 2019 ΖΙἸουγιλανὸν]
655 1966 748 2004 Cum
776 1980 824 2005 ex
854 1970 1001 2007 vicinia
1024 1972 1222 2010 literarum
1255 1975 1304 2012 T.
1329 1979 1368 2009 et
1387 1974 1435 2012 Γ.
1466 1974 1527 2010 vi-

83 2025 180 2060 tium
200 2024 252 2060 sit
273 2026 535 2074 progenitum,
569 2037 636 2060 cur
658 2037 735 2060 non
755 2023 966 2062 mutarem?
1007 2025 1162 2079 Collega
1181 2029 1326 2079 Papirii
1349 2025 1462 2066 L'ivio
1482 2026 1525 2065 L.

86 2079 150 2117 lv.
174 2080 247 2119 30.
268 2079 328 2117 vC.
360 2079 556 2117 Servilius
585 2079 718 2117 Ahala
742 2087 824 2127 est,
855 2082 920 2117 sed
939 2085 1005 2132 qui
1022 2092 1170 2131 praeter
1193 2086 1231 2122 id
1254 2098 1466 2136 cognomen
1488 2090 1526 2121 et

85 2135 244 2173 Structi
257 2138 423 2185 gessisse
443 2136 607 2183 videtur,
629 2145 808 2173 monente
828 2136 968 2188 Pighio
987 2142 1027 2176 in
1047 2139 1148 2178 Fast.
1168 2142 1215 2178 ad
1234 2155 1323 2178 ann.
1338 2150 1530 2179 cccxxvl.

85 2192 219 2230 WEss.
237 2190 294 2227 De
306 2190 462 2228 Structo
477 2191 666 2229 Serviliae
676 2195 804 2243 gentis
816 2196 1045 2244 cognomine
1057 2210 1092 2233 v.
1104 2204 1141 2233 et
1154 2196 1333 2249 Borglzes.
1345 2197 1391 2235 ll.
1402 2211 1437 2247 p.
1449 2198 1526 2238 48.

201 2248 304 2286 533.
333 2248 408 2286 45.
446 2245 757 2299 Ἕγκαλέσαντες
786 2254 873 2296 τοῖς
894 2250 1272 2304 Λακεδαιμονίοις]
1314 2254 1416 2305 Lege
1440 2258 1528 2299 τοῖς

83 2299 354 2354 Ἐπιδαυρίοις
375 2316 422 2340 ex
447 2302 623 2354 Thucyd.
652 2304 694 2341 L.
715 2304 761 2343 V.
788 2306 876 2352 53.,
904 2307 970 2344 ubi
993 2306 1085 2345 haec
1107 2308 1268 2347 historia
1288 2311 1373 2348 fuse
1394 2323 1528 2347 narra-

86 2366 161 2396 tur.
179 2359 306 2396 PALM.
346 2358 517 2396 Fecisset
539 2359 732 2398 Diodorus
752 2363 918 2408 rectius,
945 2365 977 2400 si
999 2369 1085 2410 τοῖς
1110 2363 1406 2420 Ἐπιδαυρίοις,
1441 2380 1527 2403 cum

88 2415 226 2463 quibus
248 2416 283 2452 id
303 2415 441 2452 bellum
454 2416 624 2467 vArgivis
643 2418 740 2464 fuit,
772 2420 999 2465 scripsisset.
1038 2419 1147 2458 Solet
1166 2428 1293 2460 tamen
1311 2421 1528 2461 Λακεδαι-

87 2470 240 2521 μονίων
269 2483 362 2508 voce
393 2473 598 2509 eorundem
627 2476 752 2509 socios
783 2475 994 2523 conplecti,
1026 2478 1133 2514 cuius
1163 2491 1254 2516 usus
1283 2480 1456 2528 exempla
1483 2479 1526 2514 in

88 2526 158 2563 hac
181 2527 273 2563 belli
297 2525 611 2575 Peloponnesiaci
632 2528 792 2566 historia
811 2532 996 2578 conplura
1017 2540 1117 2572 sunt.
1166 2534 1328 2572 Materia
1351 2542 1388 2571 et
1406 2536 1526 2571 *color

86 2583 188 2620 bello
217 2583 312 2628 fuit,
350 2582 440 2632 περὶ
466 2586 540 2623 τοῦ
570 2580 762 2635 θύματος
788 2588 861 2624 τοῦ
879 2582 1137 2636 Ἀπόλλωνος
1165 2593 1238 2630 τοῦ
1269 2589 1473 2636 Πυθέως,
1501 2586 1528 2628 ὃ

88 2637 179 2677 δίον
209 2635 452 2690 ἀπαγαγεῖν,
482 2637 556 2678 οὐκ
586 2638 765 2691 ἔπεμπον
791 2636 893 2692 ὑπὲρ
920 2644 1134 2695 βοταμίων
1159 2642 1421 2698 Ἐπιδαύριοι.
1460 2645 1528 2682 Sic

89 2693 337 2745 Thucydides
365 2693 411 2732 ·L.
431 2695 477 2733 V.
503 2696 574 2735 53.
617 2696 758 2733 Noster
787 2697 1003 2746 Apollinem
1032 2701 1122 2738 inde
1151 2704 1301 2740 extudit
1331 2702 1526 2752 Pythium,

89 2749 382 2799 haudprofecto
415 2751 633 2798 prudenter.
676 2752 877 2804 Templum
897 2757 998 2793 enim
1027 2759 1108 2794 eius
1127 2758 1316 2808 Apollinis
1349 2761 1391 2796 in
1413 2758 1527 2808 Argi-

88 2819 226 2843 vorum
255 2812 336 2843 crat
359 2806 507 2844 finibus
537 2815 575 2844 et
605 2815 813 2856 potestate,
855 2810 1126 2861 dicebaturque
1159 2812 1394 2861 Πυθαέως,
1432 2820 1527 2850 teste

89 2861 262 2901 Pausan.¹
284 2861 331 2899 11.
353 2863 426 2902 35.
446 2869 484 2900 et
504 2864 610 2912 Ἰ36.,
641 2867 707 2914 qui
735 2872 772 2902 et
799 2865 846 2903 ab
867 2866 1028 2919 Argivis
1057 2870 1097 2907 id
1118 2882 1257 2909 nomen
1285 2872 1345 2908 illi
1373 2870 1527 2908 venisse·
