1828 3253
440 231 502 270 ΙΝ
536 229 647 270 LIB.
676 229 812 268 XIII.
848 229 974 268 CAP.
1014 231 1059 271 4.
1086 251 1133 258 -
1159 233 1200 272 7.
1454 233 1544 273 633

225 345 328 387 545.
357 345 429 385 70.
460 339 766 392 Αὔλιζομέγους
785 338 865 381 ἀπὸ
887 343 972 380 τῶν
994 337 1163 395 ὅπλων]
1193 343 1332 381 Procul
1352 357 1373 382 a
1396 347 1545 393 castris,

109 405 172 441 ubi
196 416 325 440 eorum
346 413 450 439 arma
471 412 520 436 ex
541 397 574 435 Τ
580 398 768 467 hucydide
789 397 854 435 VI.
869 399 942 438 64.
976 394 1061 450 Ξ7εγ
1054 412 1080 437 ε
1111 397 1156 437 ὁὲ
1187 397 1370 465 (nuncius
1391 415 1413 438 a
1432 401 1544 439 Nicia

109 456 340 509 submissus)
368 453 467 502 τοὺς
489 452 736 505 Ἀθητὼαιοις
767 450 1007 501 αὐλίζεσθαι
1042 451 1122 493 ἀπὸ
1151 457 1234 493 τῶν
1257 453 1333 493 ὅτι)
1339 472 1395 495 ων
1423 456 1465 497 ἓν
1491 459 1542 512 τῇ

110 512 236 562 πόλει,
267 515 333 551 ubl
351 513 501 551 Portus
532 510 711 560 Explicat
728 509 829 546 Plut.
852 509 936 547 Nic.
957 522 992 558 p
1017 511 1119 550 533.
1139 508 1187 547 D.
1214 511 1264 548 w
1268 522 1348 549 ESS.

225 582 329 621 546
351 581 423 621 82.
457 579 544 616 Τοῦ
566 591 607 616 τε
624 574 852 627 Ὀλυμπίου
875 573 1003 628 κύριοι
1023 575 1297 632 κατέστησαν]
1325 579 1546 632 Thucydidi

107 634 389 688 Ὀλυμπίειον,
424 634 663 672 variantibus
690 639 816 669 tamen
848 634 979 680 libris,
1008 633 1050 671 L.
1072 633 1137 671 VI.
1161 636 1260 681 65,‚
1299 648 1392 685 quae
1414 638 1546 676 eadem

111 693 302 731 discordia
322 692 413 729 infr.
435 690 477 727 L.
503 688 610 726 XVL
635 689 709 729 69.
753 689 973 736 Plutarcho,
1003 690 1210 740 Polyaeno,
1238 690 1358 728 Dioni
1378 691 1546 744 Chryso-

111 757 247 796 stomo,
273 747 521 793 Philostrato,
548 744 620 782 hoc
642 744 928 794 Syracusanum
952 752 989 782 et
1006 746 1110 784 aliud
1129 745 1420 786 Atheniensium
1441 749 1545 787 lovis

111 807 292 854 templum
321 799 566 853 ''Ostipcmow
633 801 745 849 Apud
771 801 1001 839 Pausaniam
1032 815 1135 839 nnnc
1174 799 1397 854 Ὀλύμπιον
1433 806 1546 844 modo

108 858 378 911 Ὀλυμπίειον,
396 865 575 895 monente
601 856 811 908 Sylburgio
830 860 871 894 in
894 857 934 894 L.
951 857 998 895 ΙΙ.
1017 872 1052 908 p.
1075 860 1177 899 171.
1208 859 1334 908 Atque
1357 861 1428 898 hoc
1450 865 1546 899 scri-

109 925 260 965 ptorum
282 916 456 953 dissensu
482 928 565 951 cum
584 928 629 952 eo
651 915 842 964 intemplo
862 920 942 951 tum
963 916 1052 952 aliis
1070 922 1214 952 motum
1232 917 1400 953 arbitror
1411 917 1548 954 Gram-

109 975 289 1010 maticum
305 971 535 1022 Eugenium,
554 980 598 1007 ut
617 971 716 1006 libro
738 969 828 1020 περὶ
848 973 933 1009 τῶν
950 973 1168 1021 τεμενικῶν
1184 973 1408 1022 inquireret,
1421 981 1548 1013 utrum

110 1026 346 1079 praestaret?
386 1026 518 1063 Testis
539 1025 678 1063 Suidas
700 1027 741 1062 in
763 1023 964 1078 Εὗγένιος.
1000 1027 1120 1064 Porro
1142 1028 1187 1065 de
1206 1036 1389 1078 occupato
1411 1029 1548 1081 Olym-

112 1088 176 1134 pio
194 1097 273 1123 non
294 1085 406 1134 plane
426 1083 595 1120 adsentit
613 1081 831 1132 Thucydid.
854 1081 919 1118 Vl.
933 1084 1004 1123 71.
1035 1083 1169 1121 Wssss.

228 1153 332 1192 546.
362 1153 434 1191 88.
470 1147 584 1189 Καθ’
617 1146 667 1200 ,pv
700 1147 738 1187 οἶ
762 1147 978 1200 Ἀθηναῖοι
1010 1154 1109 1198 etc.]
1148 1151 1244 1190 Vide
1276 1151 1377 1190 Plut.
1402 1152 1489 1191 Nic.
1512 1166 1552 1204 p.

117 1208 221 1248 533.
239 1207 285 1245 Ε.
309 1214 346 1244 et
365 1205 583 1256 Thucydid.
603 1204 666 1241 vl.
691 1207 763 1245 72.
788 1206 838 1242 Π
842 1217 923 1245 Ess

229 1275 332 1315 546.
353 1274 427 1314 95
469 1274 563 1313 Πολ
556 1268 757 1325 υχρόνιον
784 1270 909 1325 γὰρ
894 1271 1064 1314 ἔσεσθαι
1084 1271 1133 1327 τὴ
1139 1290 1159 1313 ν
1179 1275 1441 1329 πολιορκίαν]
1469 1276 1554 1314 De-

113 1332 193 1368 levi
225 1326 469 1380 ὖπελάμβαι
472 1345 518 1369 ον
546 1342 594 1366 ex
622 1331 752 1380 glossa
777 1337 919 1367 natum.
960 1329 1078 1368 Recte
1099 1333 1409 1384 subintelligetur
1428 1334 1466 1369 id
1487 1340 1554 1371 aut

114 1388 252 1424 similis
271 1387 426 1438 generis
445 1385 563 1432 aliud,
587 1392 630 1422 ut
648 1397 773 1434 saepe.
813 1385 903 1426 vid
923 1386 1096 1425 Gronox
1085 1401 1162 1425 lum
1184 1390 1225 1425 in
1248 1388 1435 1427 Herodoti
1455 1389 1499 1428 L
1518 1388 1550 1429 Ι.

117 1444 190 1484 75.
213 1450 251 1480 et
268 1443 402 1480 Niciae
425 1443 623 1490 epistolam
644 1441 744 1491 apud
765 1440 986 1492 Thucydid.
1013 1444 1044 1481 V
1048 1443 1098 1483 ΙΙ.
1124 1447 1194 1485 ll.
1222 1445 1270 1482 W
1275 1456 1357 1485 ESS.

230 1511 334 1551 546.
358 1511 404 1549 2.
443 1510 514 1547 Tc&
545 1504 730 1548 ἀνελόντι
752 1505 967 1576 Διαγόραν
990 1532 1037 1538 -
1061 1508 1334 1563 ἕπεκήρῑξαν]
1373 1512 1557 1551 Additum

116 1567 268 1604 decreto
289 1572 384 1612 erat,
412 1567 470 1605 τῶ
491 1552 536 1603 δ’
568 1561 759 1617 ἀγαγόντι
781 1562 878 1613 dio,
908 1575 950 1603 ut
970 1565 1100 1607 Schol.
1135 1569 1274 1606 docent
1296 1571 1337 1606 in
1358 1568 1554 1619 Aristoph.

116 1622 219 1661 Aves
236 1637 273 1661 v.
298 1623 432 1663 1072.
421 1648 456 1668 .‚
482 1632 707 1671 quamquam
728 1626 860 1672 pocta,
888 1624 954 1672 qui
976 1637 1059 1662 cum
1079 1627 1244 1663 maxime
1263 1626 1430 1662 fabulam
1450 1627 1558 1663 illam

118 1679 261 1725 docuit,
279 1679 484 1727 praeteriit.
513 1677 681 1728 Elegans
699 1685 827 1715 autem
846 1676 1122 1731 ἐπικνρύττειν
1140 1680 1217 1719 τινὶ
1243 1696 1449 1733 αργυριον,
1472 1695 1558 1718 cum

118 1739 279 1784 pecunia
301 1735 451 1783 publice
480 1746 547 1783 per
565 1746 788 1782 praeconem
812 1737 969 1782 praemii
988 1737 1072 1773 loco
1093 1738 1172 1774 illis
1192 1739 1461 1785 constituitur,
1492 1738 1559 1785 qui

118 1793 373 1842 proscriptum
403 1790 647 1828 obtruncant.
697 1789 839 1827 Noster
861 1790 904 1827 L.
923 1790 1030 1829 XIV.
1056 1795 1097 1832 8.
1134 1789 1384 1844 ἓπεκίοῑξαι
1415 1791 1459 1831 δὲ
1490 1792 1559 1832 καὶ

116 1843 343 1899 χρημάτων
365 1847 418 1884 π7.
422 1846 531 1896 ἦθος
550 1849 637 1891 τοῖς
659 1842 750 1884 ἀιε7
756 1848 846 1885 οὖσι
866 1844 940 1886 τὸν
959 1842 1008 1886 τί·
1012 1862 1173 1901 ραννον.
1214 1849 1409 1898 Appianus
1442 1847 1485 1885 L.
1512 1849 1559 1885 V.

120 1901 408 1950 Be11.Civi1.p.
435 1902 572 1942 1164.
603 1901 670 1939 και
692 1899 891 1952 χρήματα
920 1906 980 1942 τῶ
1009 1903 1207 1944 κτείναντι
1231 1905 1300 1943 καὶ
1322 1904 1560 1972 ghfpfo‘lav

119 1954 474 2011 ἔπικεκηρυχεσαν.
499 1957 656 1994 Pleni-us
674 1956 811 2008 Lysias
832 1961 873 1996 in
895 1945 1081 1996 Andocid.
1103 1974 1135 1997 c.
1157 1963 1198 2001 6.
1227 1960 1561 2013 ἒπικγρυττοντες

119 2012 324 2055 τάλαντον
344 2012 538 2066 ἀργυρίου
560 2008 706 2052 δώσειν
724 2016 782 2052 τῶ
804 2010 904 2067 &7:122
906 2030 1001 2054 ¹07ss
1021 2012 1047 2067 ἢ
1066 2013 1254 2058 ἀποκτείν
1258 2032 1359 2056 mn.
1392 2016 1449 2053 De
1469 2016 1564 2053 Dia-

119 2085 214 2123 gora
232 2084 372 2121 porro,
413 2071 546 2107 iurene
566 2082 615 2106 an
635 2071 779 2106 iniuria
798 2071 878 2107 illis
909 2074 961 2108 sit
977 2075 1252 2122 transcriptus,
1283 2076 1347 2121 qui
1368 2072 1492 2110 Deum
1516 2086 1562 2109 ac

120 2127 402 2178 providentiam
424 2126 470 2162 de
488 2139 618 2162 rerum
637 2132 773 2163 natura
793 2128 949 2174 tollunt,
969 2128 1161 2165 dubitasse
1180 2138 1352 2166 veterum
1375 2129 1563 2166 Christia-

121 2197 260 2221 norum
281 2184 423 2232 plures,
450 2189 543 2218 nota
560 2195 621 2218 res
642 2188 710 2218 est.
742 2181 838 2219 vide
858 2196 942 2220 cum
955 2183 1107 2221 Mureto
1124 2185 1212 2221 Var.
1236 2185 1337 2223 Lect.
1358 2185 1401 2222 L.
1419 2185 1470 2222 X.
1490 2187 1561 2225 17.

123 2239 178 2276 Io.
197 2239 283 2276 Alb.
300 2238 517 2276 Fabricium
536 2236 636 2274 Bibl.
658 2237 793 2275 Graec.
816 2238 858 2275 L.
877 2239 924 2276 ΙΙ.
943 2241 1017 2279 23.
1042 2243 1112 2281 16.
1133 2241 1284 2278 ¹VVESS.

239 2306 342 2346 546.
369 2306 415 2345 4.
443 2303 667 2354 Λαβίνους
686 2301 1054 2357 ἐξεπολιόρκησαν]
1085 2307 1200 2345 Forte
1219 2307 1456 2358 Λαβίκους,
1482 2307 1562 2346 La-

124 2364 245 2400 vicos.
264 2361 399 2398 Rnon.
427 2359 668 2413 Λαβίκους]
696 2360 916 2398 Certissima
937 2361 1205 2402 Rhodomnnni
1225 2367 1409 2402 correctio
1431 2377 1478 2400 ex
1499 2364 1564 2401 Li·-

125 2421 191 2456 vio
210 2418 252 2455 L.
273 2417 337 2454 lv.
356 2419 449 2464 47„
473 2428 699 2465 quamquam
719 2419 843 2467 gloria
862 2420 1067 2457 instaurati
1088 2422 1164 2458 loci
1188 2421 1345 2457 debetur
1363 2419 1500 2471 Pighio
1522 2421 1565 2457 in

126 2473 234 2512 Fast.
257 2473 304 2510 ad
327 2487 414 2510 ann.
435 2483 640 2509 cccxxxv.
689 2473 843 2510 Placuit
864 2474 1006 2522 eadem,
1030 2483 1068 2513 et
1087 2479 1151 2526 qui
1171 2479 1294 2526 potuit
1314 2475 1453 2514 aliter?
1492 2475 1562 2513 Ph.

127 2528 307 2567 Cluverio
325 2529 409 2566 Ital.
429 2529 560 2577 Antiq.
585 2528 627 2566 L.
647 2528 717 2568 ΙΙΙ.
741 2542 774 2578 p.
798 2530 904 2570 948.
939 2531 1024 2583 Ego
1046 2546 1138 2570 vero
1158 2535 1372 2572 triumviris
1392 2532 1451 2569 his
1473 2544 1566 2569 con-

127 2592 189 2623 tra
208 2592 356 2623 veteres
376 2585 496 2621 libros
514 2585 737 2633 adstipulor.
766 2585 899 2622 WVESS.

245 2642 348 2680 546.
372 2644 411 2681 8.
446 2636 573 2680 Γάϊον
603 2640 867 2692 Σερουΐλιον]
907 2642 1042 2681 Livius
1060 2644 1105 2683 L.
1126 2643 1339 2682 Servilium
1360 2643 1566 2682 Str-uotum

131 2704 169 2734 et
187 2709 276 2734 mox
295 2695 362 2748 Sp.
382 2697 574 2734 Rutilium
598 2697 782 2735 Crassum
806 2698 848 2734 L.
872 2697 935 2735 IV.
954 2700 1050 2747 47„
1083 2701 1149 2738 ubi
1169 2702 1361 2739 Rutilium
1382 2703 1423 2737 in
1452 2701 1569 2737 Vetu-

133 2755 235 2791 rium
267 2751 368 2789 haud
396 2753 541 2789 iniuria
570 2765 619 2789 ex
647 2753 790 2791 Nostro
823 2762 1054 2794 convertunt
1076 2756 1260 2809 Sigonius
1291 2765 1328 2794 et
1347 2756 1506 2808 Pighius
1529 2758 1571 2794 in

135 2810 274 2847 Annal.
295 2809 343 2845 ad
363 2820 452 2845 ann.
472 2818 692 2846 cccxxxvl.
723 2809 860 2849 Wnss.

261 2864 364 2905 546-
390 2865 460 2905 16.
489 2861 615 2904 [Μετὰ
635 2864 847 2906 Γυλίππου
869 2861 1057 2921 Πύθην]
1093 2867 1126 2906 Α
1146 2875 1252 2908 recto
1271 2863 1451 2921 Πύθης,
1480 2867 1582 2918 quod
