1828 3253
420 194 482 235 lN
515 194 624 234 [ΑΒ.
653 193 950 235 x111.CAP.
983 197 1192 237 8.-l2.
1449 199 1540 239 637

98 322 177 348 non
209 308 401 360 perhibuit
426 307 673 359 Thucydides
703 306 746 345 L.
765 307 796 345 V
804 306 847 345 11.
871 307 944 348 36.
983 306 1080 345 Vide
1112 308 1194 345 cius
1222 308 1313 346 libri
1342 323 1374 347 c.
1395 310 1470 350 39.
1502 317 1542 347 et

97 366 280 417 Polyaen.
303 366 348 402 de
371 363 598 414 Stratagem.
619 364 661 401 L.
681 364 726 401 V.
753 365 823 404 13
851 363 901 401 W
905 374 985 401 Ess.

214 423 318 462 549.
343 421 414 461 54.
441 418 521 459 Διὸ
548 418 782 470 συνέβαινε)
805 441 854 447 -
875 415 1056 470 ἔμβοὶάς
1075 415 1342 473 τιτοώσκειν]
1386 421 1538 460 Rostra

97 481 249 526 interp„
276 484 321 515 ut
347 475 447 527 apud
468 474 648 525 Xenoph.
674 475 716 512 L.
741 475 803 512 IV.
828 475 980 512 Hellen
1004 489 1041 525 p.
1063 476 1171 516 404.
1202 474 1330 516 αἰτὸν
1357 477 1402 517 δὲ
1434 493 1537 529 (ημ-

94 534 275 586 μίξαντα
302 538 388 579 τοῖς
417 531 623 582 πολεμίοις
652 529 832 581 ἐμβολὰς
859 527 1008 584 ἐχούσῃ
1036 534 1086 585 τῆ
1115 528 1290 583 τριήρει,
1327 532 1377 572 H.
1402 535 1535 584 steph.

96 590 213 628 Thes.
243 589 290 626 T.
321 588 350 625 Ι.
386 588 491 628 679.
522 590 724 624 monitore.
775 586 912 624 Retine
946 600 1060 638 ergo,
1089 591 1122 625 si
1153 591 1280 625 animo
1313 591 1535 638 allubescit

96 648 248 683 tametsi
270 645 527 682 necessarium
549 643 702 693 quidem
722 655 801 680 non
825 650 895 691 est,
922 650 964 680 ut
985 656 1055 680 nec
1074 647 1115 681 in
1139 643 1200 681 his
1222 644 1404 695 Aeschyli
1426 647 1534 687 Pers.

96 715 136 742 v.
166 702 275 742 415.

259 753 396 797 Αὐτοὶ
419 751 462 794 δ’
491 749 561 809 ὕφ’
586 749 723 795 abram
741 752 939 807 ἐμβολαῖς
952 750 1258 807 χαλκοστόμοις

260 811 463 852 Παίοντο.
496 832 544 839 -

93 866 307 916 Utrobique
335 870 636 917 inpressionem,
669 863 915 919 σύγκρουσιν
941 866 1008 906 καὶ
1030 862 1283 919 προσάραξιν
1311 869 1395 908 τῶν
1419 871 1535 918 νεῶν,

91 937 168 973 quo
195 925 308 962 modo
326 923 462 962 Critici
483 923 647 972 Graeci,
678 927 892 973 exprimere
913 924 1068 974 poterit.
1111 923 1209 962 Vide
1232 923 1281 961 ad
1298 923 1342 962 L.
1363 925 1435 963 XI.
1457 928 1532 966 27.

91 981 229 1020 wass.

207 1037 311 1077 550.
342 1036 416 1077 64.
439 1032 608 1087 Ἐπειδὴ
631 1032 678 1075 δέ
695 1036 824 1082 τινες]
855 1035 1017 1073 Videtur
1037 1031 1172 1075 ἔπειτα
1190 1036 1313 1087 magis
1334 1035 1422 1075 huic
1447 1039 1533 1077 loco

93 1096 301 1130 convenire
336 1105 448 1143 quam
477 1088 628 1144 ἐπειδή.
674 1104 764 1129 nam
795 1105 879 1129 cum
909 1089 1046 1144 ἐπειδὴ
1091 1105 1274 1142 suspensa
1302 1096 1534 1144 relinquitur

93 1151 296 1186 sententia.
323 1148 480 1185 STEPH.

207 1206 310 1245 550.
333 1207 405 1246 67.
434 1203 519 1244 Καὶ
540 1199 714 1255 συνέστη
739 1198 839 1255 etc.]
882 1201 1002 1241 Vacat
1023 1205 1170 1254 copula.
1193 1201 1436 1253 Trierarchi,
1466 1210 1533 1258 qui

90 1259 165 1298 hoc
181 1263 223 1298 in
243 1262 427 1310 praelium
446 1260 597 1297 Niciam
616 1262 781 1297 invitum
804 1262 1064 1307 coniecerunt,
1095 1260 1306 1298 Menander
1325 1270 1363 1300 et
1380 1262 1532 1314 Euthy—

91 1317 222 1354 demus
242 1324 352 1353 erant
371 1319 412 1353 in
431 1317 532 1353 Plut.
549 1316 635 1353 Nic.
654 1327 690 1363 p.
714 1315 817 1356 536.-
838 1316 882 1352 E.
914 1316 1047 1353 Wssss.

203 1373 309 1412 550.
333 1375 404 1413 88.
437 1370 617 1417 Πλειόυς
634 1374 718 1410 τῶν
736 1371 982 1424 τριακοσίων
1003 1370 1127 1422 δέκα]
1169 1371 1319 1422 Optime
1340 1374 1530 1411 omittitur

89 1435 321 1479 postremum
340 1428 567 1466 vocabulum
583 1441 606 1464 a
623 1426 716 1478 Reg.
744 1430 781 1468 l.
803 1435 841 1464 et
860 1427 945 1465 Vat.
965 1430 1030 1476 qui
1050 1431 1083 1465 si
1103 1431 1268 1477 priorem
1289 1442 1437 1478 quoque
1458 1443 1531 1466 nu-

89 1497 236 1522 merum
259 1485 498 1530 minuissent,
525 1483 685 1521 solidam
706 1485 955 1521 abstulissent
975 1485 1145 1521 laudem:
1175 1497 1297 1535 neque
1327 1489 1429 1522 enim
1460 1486 1532 1523 du-

90 1541 196 1578 bium
214 1547 293 1587 est,
318 1542 411 1589 quin
433 1542 595 1588 turpiter
613 1543 667 1577 sit
685 1540 872 1577 foedatus.
900 1540 1070 1588 Namque
1095 1546 1177 1577 toto
1200 1540 1272 1578 hoc
1291 1542 1390 1578 bello
1414 1541 1532 1578 Athe-

89 1599 151 1633 nis
171 1609 248 1633 non
268 1598 370 1634 ultra
391 1606 436 1632 cc
457 1599 631 1633 triremes
650 1596 692 1632 in
714 1595 888 1634 Siciliam
910 1603 1176 1645 properarunt,
1195 1596 1356 1635 Nicolao
1376 1601 1415 1635 in
1432 1598 1532 1635 Ora-

89 1655 194 1689 tione
214 1665 282 1690 sua
304 1659 399 1689 teste
422 1652 512 1689 infr.
533 1665 566 1690 c.
589 1653 667 1692 21.
703 1651 904 1689 Praeterea
924 1651 1200 1689 Demosthenes
1223 1660 1261 1690 et
1282 1653 1532 1703 Eurymedon

90 1706 154 1747 ἐπὶ
187 1710 288 1748 νεῶν
316 1703 602 1759 ἓβὸομῆκοντα
633 1706 702 1747 καὶ
731 1710 856 1759 τριῶν
885 1711 1014 1756 copias
1043 1709 1249 1745 auxiliares
1286 1710 1531 1748 adduxerunt

89 1763 189 1814 apud
222 1765 323 1802 Plut.
352 1761 437 1801 Nic.
469 1777 504 1813 p.
536 1764 640 1803 537.
670 1763 716 1800 A.
750 1776 799 1801 ex
824 1763 1000 1814 Thucyd.
1023 1763 1202 1804 V11.42.
1243 1764 1347 1802 Fieri
1375 1767 1528 1814 quidem

88 1825 228 1869 potest,
256 1827 299 1858 ut
320 1819 528 1867 Diodorus,
557 1821 652 1857 alios
671 1827 837 1866 secutus,
861 1833 978 1858 naves
999 1822 1082 1868 plus
1104 1831 1236 1856 Lxxul
1258 1820 1529 1860 Demosthenis

89 1883 202 1925 atque
226 1875 524 1926 Eurymedontis
541 1877 700 1924 imperio
721 1877 938 1923 subiecerit,
966 1888 1036 1913 nec
1055 1883 1244 1913 trecentas
1264 1884 1403 1914 tamen.
1443 1878 1527 1916 Ma-

88 1938 178 1970 neat
197 1945 289 1983 ergo
311 1945 379 1969 sua
398 1934 439 1969 in
463 1931 550 1968 sede
570 1934 786 1979 corruptior
806 1935 1017 1980 scriptura,
1057 1932 1178 1969 donec
1198 1934 1353 1970 aliunde
1376 1935 1529 1973 uberior

88 1991 158 2026 lux
166 1988 373 2039 adfulgeat.
387 1987 438 2024 'W
442 1998 522 2026 Ess,
553 1988 663 2032 Quod
678 1987 875 2025 strothius
886 1988 1145 2036 reponendum
1157 1987 1293 2026 vidit'
1274 2004 1321 2041 07
1324 1986 1474 2042 doq‘uoz
1478 2006 1528 2030 τα

87 2041 147 2097 (π’
170 2056 238 2092 pro
257 2042 317 2096 τί)
336 2047 408 2082 etsi
423 2043 662 2094 Thucydidis
675 2042 948 2094 Plutarchique
968 2046 1137 2081 numeris
1158 2057 1236 2082 non
1257 2049 1350 2083 satis
1370 2060 1530 2096 respon-

89 2101 166 2146 det,
185 2102 296 2149 plane
310 2107 436 2137 tamen
458 2102 640 2137 convenit
652 2099 822 2137 Diodoro
842 2101 889 2137 ab
911 2103 1003 2150 ipsis
1016 2100 1313 2138 Atheniensibus
1334 2106 1530 2153 octoginta

89 2170 207 2194 naves
239 2156 412 2194 decretas
433 2157 617 2194 scribenti
645 2168 727 2205 cap.
748 2158 789 2196 9.
831 2155 1015 2206 Reliquae
1036 2159 1155 2208 igitur
1173 2158 1220 2194 ab
1242 2161 1356 2196 sociis
1377 2160 1528 2198 additae

88 2219 189 2250 sunt.

202 2268 305 2308 550.
324 2270 368 2308 2.
393 2264 542 2314 Ἐντὸς
562 2269 637 2307 τοῦ
658 2266 916 2319 τειχιάματος
938 2270 1013 2320 τῆς
1028 2266 1273 2321 Ἔπιπολῆς]
1306 2271 1402 2308 Vide
1424 2285 1526 2322 supr.

91 2338 124 2361 c.
146 2326 186 2364 8.
212 2331 250 2361 et
269 2323 534 2374 Thucydidem
554 2323 655 2360 Vlll.
677 2325 766 2372 44,
795 2331 1027 2362 nocturnum
1053 2324 1124 2363 hoc
1153 2334 1343 2364 certamen
1364 2328 1530 2379 diligen-

88 2383 234 2417 tissime
253 2380 521 2417 declarantem.
559 2380 696 2419 wass.

203 2437 305 2476 550.
333 2438 402 2476 ll.
440 2432 566 2476 Mer«)
587 2432 747 2475 δώδεκα
769 2430 975 2489 τριήρων]
1007 2436 1086 2475 lmo
1108 2449 1190 2486 xv,
1222 2440 1256 2476 si
1286 2453 1364 2477 non
1389 2440 1529 2478 fallunt

91 2490 331 2542 Thucydidis
351 2492 468 2529 verba
498 2492 541 2531 L.
565 2492 647 2529 Vll.
673 2493 747 2532 46.
783 2492 921 2529 Wssss.

204 2549 307 2587 551.
346 2549 417 2587 17.
453 2547 665 2599 Λοιμικῆς
697 2544 1015 2599 καταστάσεως]
1056 2548 1150 2588 Dixi
1178 2550 1222 2589 L.
1248 2549 1292 2587 V.
1321 2554 1393 2591 82.
1434 2552 1529 2590 Loci

88 2605 308 2654 ingenium,
346 2616 457 2653 quem
485 2606 620 2641 castris
649 2611 928 2653 occupaverant
957 2605 1005 2642 ad
1024 2604 1239 2657 Syracusas
1259 2606 1528 2656 Athenienses,

93 2659 324 2696 describitur
342 2671 426 2695 cum
451 2673 542 2696 cura
563 2659 605 2695 L.
625 2659 732 2697 XIV.
753 2661 824 2700 70.
853 2659 986 2697 Wnss.

205 2716 307 2755 551·
336 2716 412 2755 22.
456 2714 735 2766 Καθημένους
767 2715 823 2762 εἷς
853 2714 1069 2769 Σικελίαν]
1108 2715 1183 2756 Ἔν
1206 2717 1344 2756 ficte)
1328 2734 1368 2756 ια
1396 2721 1433 2756 in
1455 2733 1526 2756 no-

91 2778 213 2808 tarum
237 2773 406 2808 auctario
429 2770 748 2817 Rhodomannus‚
796 2784 870 2821 quo
891 2773 986 2809 nihil
1006 2771 1077 2810 hoc
1097 2764 1248 2822 quidem
1270 2776 1352 2810 loco
1376 2775 1527 2825 indige-

90 2840 186 2863 muS.
211 2826 479 2865 permutantur
500 2826 567 2864 hae
587 2830 900 2877 praepositiones,
919 2830 1070 2866 altera·
1060 2843 1101 2867 in
1121 2832 1278 2868 alterius
1295 2831 1421 2868 locum
1440 2845 1528 2869 suc-
