1828 3253
386 225 453 264 IN
480 225 592 265 LIB.
620 225 758 265 XIII.
798 224 924 264 CAP.
958 227 1184 267 86.-90.
1409 229 1499 267 093

166 341 273 382 612.
316 341 389 381 82.
435 339 687 385 Πολυτελῶς
726 335 767 378 δ’
803 335 932 390 αὐτὴν
973 333 1150 390 ὁρῶντες
1189 333 1491 391 ὠχυρωμένην]

53 397 247 446 Quidquid
266 409 378 445 opere
397 409 442 434 ac
471 403 621 444 sumptu
643 397 795 446 egregie
821 395 1076 441 elaboratum,
1105 394 1144 430 id
1166 396 1269 433 πολι
1275 394 1359 434 τε)
1343 410 1381 440 ἐς
1404 395 1492 433 huic

51 455 242 502 scriptori.
269 451 328 490 De
354 454 494 505 regiiS,
522 463 617 500 quas
634 453 763 488 ambas
785 450 1007 488 Semiramis
1031 452 1243 498 munierat,
1273 449 1356 504 ἀιιᾳ
1368 448 1490 503 ότερα

51 509 96 550 δὲ
125 510 357 554 πολυτελῶς
384 504 682 548 κατεσκεύαστο
713 507 889 556 supraL.
914 507 959 545 11.
985 508 1023 546 8.
1058 506 1152 543 Inde
1171 511 1331 557 τεῖχος.
1322 509 1398 546 πο).
1402 522 1491 546 vte-

49 565 117 612 λές
139 565 180 603 L.
201 563 307 602 X·.IV
321 566 373 606 7.
404 572 443 602 et
461 563 608 613 τειχίον
637 565 870 609 πολυτεὶῶς
893 560 1210 617 (ὗκοὸομημένον
1243 563 1333 599 ibid.
1362 577 1394 601 c.
1418 565 1490 604 51.

51 623 153 666 Quin
173 626 212 658 et
233 616 354 673 λόγος
372 621 606 666 πολυτελῶς
625 634 708 672 7⁶2
697 618 903 670 οαμιιένος
925 619 967 657 Ι.
984 617 1094 655 XIV.
1119 619 1188 658 13.
1217 618 1350 655 1171533.

161 678 267 718 612.
299 678 372 717 86.
391 675 496 716 Καὶ
525 678 608 716 τῶν
637 674 918 726 σιτοπομπιίυν
943 671 1250 724 ἀποκλείοντες]
1293 674 1338 711 In
1360 674 1494 726 Eclog.

51 735 125 775 12.
145 732 188 770 L.
200 731 316 770 XXI.
345 729 486 784 εἴργειν
500 733 583 771 τῶν
605 746 900 781 σιτοπομηιωι.
929 731 979 768 At
999 732 1073 782 τῆς
1095 729 1388 781 σιτοπομπείας
1409 730 1492 769 ἐπι-

45 785 244 840 λιπούσης
262 787 346 826 Lib.
366 787 473 826 XIV.
497 789 570 828 35.
611 787 766 839 Ergone
788 795 825 824 et
854 786 915 824 hic
934 789 1016 827 τῶν
1037 789 1319 837 σιτοπομπιῶν
1347 788 1490 824 rectius

46 843 144 883 erit?
172 844 361 893 Equidem
380 857 460 882 non
477 847 687 891 reiicerem,
705 844 818 881 modo
838 842 954 880 Codd.
975 844 1175 893 praeirent.
1204 842 1489 893 Σιτοπομπιάν

44 901 159 939 habet
180 900 423 948 Demetrius,
448 901 646 950 disputans
664 907 794 938 utrum
815 900 1002 951 grandius
1022 898 1093 937 hoc
1117 911 1168 937 an
1194 898 1308 939 σίτου
1339 896 1487 951 κομιδὴ

44 965 112 996 aut
133 956 247 997 σίτου
279 954 423 1009 ποιιπὴ
455 957 502 994 de
521 956 672 995 Elocut.
700 971 732 994 c.
755 958 829 999 92.
861 956 1000 993 Wess.

158 1015 265 1054 612.
299 1014 373 1053 87.
415 1011 467 1052 Οἳ
488 1011 532 1052 δὲ
555 1009 834 1065 Καρχηδόνιοι
856 1007 1197 1065 παρατάττεσθαι
1226 1010 1301 1063 μὲν
1324 1006 1372 1050 οὗ
1391 1011 1489 1049 τολ-

43 1067 230 1122 μῶντες]
275 1068 436 1119 Oportet
463 1076 589 1106 tamen
621 1068 721 1106 haud
740 1070 910 1120 segniter
938 1069 984 1105 ab
1013 1068 1232 1106 Hamilcare
1261 1081 1339 1105 rem
1367 1068 1488 1104 fuisse

44 1126 352 1164 administratam
371 1125 419 1162 ad
441 1124 714 1176 Agrigentum,
747 1128 780 1162 si
801 1139 934 1163 verum
961 1127 1011 1162 sit
1030 1133 1282 1176 stratagema,
1314 1136 1389 1172 quo
1407 1125 1488 1159 eius

44 1183 152 1220 urbis
171 1184 275 1221 cives
293 1182 334 1218 in
350 1178 523 1219 fraudem
547 1184 695 1228 illexit,
721 1182 821 1230 apud
845 1181 1027 1231 Polyaen.
1051 1181 1093 1219 L.
1114 1181 1158 1219 V.
1184 1183 1253 1221 10.
1277 1182 1319 1220 4.
1354 1179 1487 1218 wssss.

116 1233 118 1235 Ι
158 1239 266 1279 612.
296 1238 336 1277 5.
365 1232 438 1284 (Ως
463 1235 596 1276 οὐκέτι
628 1233 952 1289 τολμησάντων]
991 1237 1093 1275 Auxi
1121 1239 1335 1275 orationem
1363 1238 1488 1284 priore

42 1295 244 1340 vocabulo,
258 1293 445 1330 venetum
465 1301 618 1331 secutus
632 1291 739 1341 Cod.,
758 1305 834 1343 quo
854 1294 1039 1332 defectam
1057 1307 1139 1331 eam
1152 1294 1294 1330 dudum
1314 1291 1487 1329 animad-

43 1357 214 1390 verterat
232 1348 283 1386 H.
305 1348 537 1398 Stephanus.
571 1349 707 1387 Wssss.

155 1407 263 1447 612-
304 1406 376 1445 19
424 1402 522 1444 Ἀεὶ
560 1405 871 1472 προσδοκῶντες
907 1403 1063 1455 ταχέως
1096 1401 1362 1457 λυθήσεσθαι
1384 1401 1487 1452 ete]

43 1463 154 1508 Quod
183 1468 272 1500 ante
299 1461 480 1500 edebatur
508 1457 859 1512 προσὸοκώντων,
889 1463 1041 1498 tametsi
1064 1433 1223 1498 schedae
1252 1467 1400 1498 veteres
1430 1466 1488 1495 ta-

41 1520 202 1566 cebant,
231 1524 379 1554 mutare
399 1519 577 1554 sustinui.
604 1517 774 1569 Flagitat
802 1521 903 1555 enim
923 1521 1110 1555 orationis
1130 1530 1276 1564 nexuS,
1306 1518 1371 1565 qui
1393 1514 1489 1551 mihi

40 1578 166 1624 potior
193 1575 351 1623 ineptiis
366 1575 677 1621 amanuensium,
675 1548 752 1610 nob
784 1575 1018 1622 praecedens.
1042 1571 1340 1628 Καρχηδονίων
1372 1584 1489 1609 voca-

42 1633 173 1669 bulum
194 1632 355 1679 turpiter
374 1630 646 1668 aberrantium..
671 1630 805 1667 Wssss.

156 1688 262 1728 (512-
287 1687 363 1727 20.
392 1683 453 1724 A?
474 1688 557 1724 τῶν
574 1688 700 1737 βαρβ.
722 1684 878 1732 ἐλπίδες
897 1682 1127 1736 ἀνέκυψαν]
1152 1685 1256 1722 Alibi
1269 1683 1427 1722 LXIV.
1445 1685 1487 1723 9.

41 1758 150 1784 ωστε
187 1739 314 1782 αὐτον
353 1737 565 1791 ἀνακύψαι
598 1747 688 1788 ταῖς
723 1741 891 1780 ἕλ’πίσιι.
941 1741 1045 1778 Satis
1085 1749 1286 1791 utrumque
1313 1747 1487 1778 venuste.

38 1795 320 1839 'Amzbnmv
350 1805 408 1834 est
443 1811 635 1848 emergere
675 1805 712 1834 et
742 1805 876 1846 caput,
912 1805 1018 1834 metu
1046 1797 1288 1847 depressum,
1325 1798 1484 1846 erigere.

41 1855 190 1905 loseph.
215 1853 313 1891 Belli
343 1854 424 1890 Iud.
446 1853 487 1890 L.
510 1853 575 1892 VI.
601 1857 639 1893 8.
665 1855 703 1893 5.
733 1854 858 1899 αὖθις
889 1852 930 1891 d'
962 1851 1098 1905 071'2021
1127 1849 1416 1903 ἀνακύψαντες
1441 1850 1484 1889 ἐκ

40 1914 116 1952 τοῦ
150 1909 281 1956 ὁεόυς.
327 1908 467 1946 Rarius
496 1909 568 1946 hoc
599 1910 766 1948 eiusdem
799 1910 840 1948 Ι.
869 1909 899 1947 1
924 1908 1022 1946 Belli
1049 1908 1078 1946 I.
1112 1910 1186 1949 31.
1223 1911 1259 1949 I.
1299 1922 1446 1947 τοιτοι
1452 1922 1484 1954 ς,

40 1963 403 2012 ἐπανακύπτοντας
425 1963 552 2005 αὐτοῦ
575 1971 665 2012 ταῖς
688 1965 866 2014 ἐλπίσιν,
896 1960 1266 2005 ἀποσκευάσασθαι
1299 1959 1484 2002 σπεύὸων

37 2021 335 2074 Ἀντι’πατρος.
377 2021 530 2059 Fratres
561 2029 651 2059 sunt
682 2021 892 2059 Archelaus
921 2029 957 2058 et
978 2021 1197 2070 Philippus,
1226 2027 1362 2057 contra
1393 2021 1485 2056 ‘con-

41 2088 189 2130 ceptam
207 2078 401 2128 Antipatri
425 2078 473 2114 de
499 2091 620 2129 regno
645 2091 746 2128 spem
775 2085 887 2127 caput
915 2080 1118 2127 erigentes.
1148 2077 1282 2114 1171333.

152 2136 260 2177 613.
284 2136 358 2175 31.
397 2131 679 2180 Συνελθόντες
699 2132 737 2174 οἱ
759 2134 980 2186 στρατηγοὶ
1003 2132 1107 2183 μετὰ
1137 2136 1221 2173 τῶν
1238 2133 1335 2182 etc.]
1365 2131 1485 2183 Syra-

41 2205 268 2231 cusanarum
287 2193 480 2241 copiarum
502 2193 724 2240 praepositi.
758 2191 854 2228 Vide
873 2203 963 2227 mox
983 2201 1064 2238 cap.
1091 2191 1164 2230 91.
1203 2189 1342 2226 Wnss.

154 2248 263 2289 613.
294 2243 382 2288 62.
414 2246 486 2293 Εἷς
516 2246 773 2293 Λεοντίνους
803 2242 1077 2302 κατώκησαν]
1116 2245 1175 2283 De
1204 2245 1276 2283 hac
1308 2246 1482 2296 enallage

44 2304 191 2342 dictum
216 2310 274 2341 est
295 2316 409 2352 supra
430 2316 464 2339 c.
488 2305 557 2343 12.
592 2303 727 2340 Wssss.

155 2360 262 2401 613
288 2360 366 2400 65
385 2354 434 2398 Ο
456 2356 498 2397 δ’
518 2356 750 2409 ,Ἀμίλιιεαςε
734 2355 821 2409 dna
841 2374 900 2412 τῳ
920 2354 1042 2413 φόβω
1064 2353 1239 2409 δύναμιν
1253 2364 1326 2397 etc.
1337 2356 1350 2408 ]
1376 2357 1483 2395 Dant

42 2416 139 2453 haec
165 2417 393 2452 sententiam
423 2428 500 2452 non
522 2429 678 2464 prorsus
709 2396 974 2454 damnabilem.
1014 2415 1227 2452 Antistaret
1248 2422 1374 2451 tamen
1395 2411 1482 2453 ἅμα

42 2474 102 2512 τῶ
131 2468 302 2526 ὄρθρῳ,
326 2485 410 2508 cum
441 2472 634 2521 diluculo,
670 2471 770 2521 qnod
801 2470 897 2508 'lan.
917 2470 1041 2509 Fabro
1070 2472 1111 2508 in
1129 2473 1347 2519 opinionem
1374 2472 1484 2508 venit

43 2513 91 2565 ad
111 2527 383 2565 Anacreontem
415 2540 451 2576 p.
479 2529 607 2575 143„
640 2527 756 2564 modo
779 2528 1080 2565 membranarum
1110 2530 1335 2564 auctoritate
1363 2528 1483 2564 stabi-

43 2585 192 2621 liretur.
218 2583 394 2633 Plerique
414 2587 514 2621 enim
536 2585 874 2635 Agrigentinorum
895 2587 1089 2632 superiore
1108 2592 1218 2621 nocte
1241 2589 1485 2621 excesserant

47 2640 160 2677 urbe:
188 2652 334 2676 summo
365 2640 452 2676 dein
482 2653 590 2677 mane
617 2640 813 2677 Hamilcar
842 2642 972 2689 copias
991 2642 1032 2677 in
1061 2653 1144 2677 eam
1174 2653 1292 2689 paene
1320 2651 1482 2676 vacuam

45 2697 217 2734 inmittit.
254 2694 360 2732 Haec
389 2694 593 2733 cohaerent
619 2697 792 2746 egregie.
829 2702 980 2733 constat
1009 2698 1126 2733 etiam
1153 2698 1340 2733 sermonis
1366 2697 1480 2731 ratio.

45 2751 131 2800 Ipse
153 2758 284 2788 auctor
313 2747 380 2802 ἅμ’
405 2746 508 2806 ἡὶίῳ
538 2748 691 2792 ἀνιόντι
713 2752 755 2789 L.
772 2750 863 2789 XV.
885 2754 955 2792 18.
985 2759 1025 2789 et
1055 2749 1122 2802 ἅμ’
1154 2748 1287 2818 ἧιιέρα
1308 2750 1350 2788 L.
1375 2750 1480 2788 XIV

49 2810 121 2848 72.
153 2804 240 2858 aaa
270 2802 374 2861 ἡλίῳ
401 2794 535 2845 Liban.
555 2807 734 2846 Antioch.
760 2820 794 2857 p.
808 2808 912 2847 339.
950 2805 1038 2859 ἅμα
1063 2823 1121 2847 τω
1148 2803 1252 2874 ἡὶίῳ
1274 2805 1482 2858 ά1ίσχοντι

47 2865 211 2902 Pausan.
239 2862 282 2900 L.
313 2848 368 2900 Χι-
396 2864 470 2903 23.
502 2876 538 2914 [1
562 2865 667 2906 854
707 2860 776 2915 ἅμ’
807 2859 939 2918 ημὲρῃ
968 2849 1268 2917 διαφωσκούσῃ
1298 2862 1483 2900 Herodot
