1828 3253
308 170 402 211 706
781 139 1295 203 ANNOTATioNsss

306 280 528 320 monstrari
547 285 588 316 et
605 279 733 317 dicier
752 275 816 315 hic
835 282 906 324 est,
927 271 1118 316 ὁακτυλω
1138 276 1380 317 δείκνυσθαι
1400 278 1622 327 plerumque
1646 275 1762 319 εὐδο-

309 338 398 387 ξιας
427 350 669 401 τεκμηριον,
704 335 864 372 docente
899 332 989 371 Des.
1028 320 1196 371 Heraldo
1227 337 1267 372 in
1290 334 1456 372 Martial.
1490 335 1530 372 L.
1554 334 1629 374 lX.
1659 338 1762 376 119.

309 395 393 433 Nec
421 391 526 430 aliud
560 393 713 442 origine
743 390 895 429 dcxxxv).
900 389 1104 429 οὸεικτεῖν.
1154 389 1315 430 Παιδία
1345 390 1766 430 ὸ”.“ἀκτυ977ὁεικτοῦιτιι

312 449 389 502 τὴν
409 448 451 488 ἐν
477 453 564 494 τοῖς
583 446 760 498 ἱματίοις
779 444 966 500 γραφὴν,
994 449 1125 496 pueri,
1151 450 1216 496 qui
1246 448 1468 495 aequalibus
1494 450 1614 495 pictas
1634 450 1675 485 in
1706 448 1768 485 di-

311 510 455 545 tiorum
476 505 649 542 vestibus
670 505 858 554 imagines
879 503 1002 553 digito
1022 511 1258 550 monstrant,
1286 505 1437 541 Asterio
1457 503 1600 541 Homil.
1622 504 1650 541 I.
1671 517 1708 552 p.
1724 505 1767 544 4.

314 564 448 600 Valuit
478 575 573 607 usu,
610 567 653 598 ut
689 563 728 598 in
758 560 963 610 flagitiosis
997 568 1034 597 et
1063 560 1109 597 ob
1142 561 1280 597 delicta
1310 561 1547 598 notabilibus
1576 563 1771 610 propriam

316 621 423 670 quasi
445 618 574 655 sedem
595 617 761 654 liaberet.
788 615 1037 653 Demosthen.
1062 618 1102 653 in
1123 617 1323 668 Aristogit.
1345 616 1373 654 l.
1395 629 1430 666 p.
1452 618 1558 657 491.
1593 614 1678 655 ἀλλ’
1705 614 1769 656 ὅτι

315 674 687 716 ὸακῑπὶοὸεικτεΐτε
710 672 773 711 ἐπι
801 675 859 712 τῶ
882 670 1168 724 ποιηρότατον
1197 676 1281 712 τῶν
1311 670 1442 712 ὄντων
1471 668 1667 712 ἁπάντων
1691 672 1772 712 δει-

317 728 416 774 κνύν
420 742 484 779 αις
510 732 636 775 Quare
666 736 704 766 et
723 731 804 777 illi,
835 731 900 777 qui
932 728 1078 767 [uliano
1100 729 1191 780 Imp.
1223 742 1331 767 sacra
1359 731 1458 767 lucri
1488 730 1616 767 studio
1646 736 1772 766 muta-

316 795 477 834 verant,
511 784 746 852 στηματίαι
778 799 1021 838 περιιοστω
1026 800 1064 823 σι
1091 783 1198 825 κατὰ
1226 783 1300 832 τὰς
1328 783 1486 832 πολεις,
1516 781 1773 836 μισούμενοι,

317 819 774 893 damv’rzodamodgmoa
795 845 835 880 in
854 841 1150 879 AsteriiHomil.
1166 841 1230 879 ΙΙΙ.
1253 856 1290 908 p.
1303 843 1377 881 43.
1388 842 1596 880 etFlaccus
1617 855 1683 892 per
1696 842 1774 879 lta-

321 905 395 941 liae
414 902 528 938 nrbes
550 905 790 949 iaptatus,ut
808 901 848 936 in
869 900 1029 936 exilium
1051 905 1237 950 pergeret,
1250 894 1270 937 ὃ
1293 896 1337 937 de*
1356 899 1484 937 daxrv
1479 894 1776 949 ’λοδεικτοῦμε-

320 973 391 1005 νος
412 960 485 1008 τῆς
505 951 669 1007 ἀθροας
690 957 926 1006 μεταβολῆς
946 954 1120 1003 πιέζεται
1140 952 1389 1006 βαρυτέραις
1407 969 1540 1000 αιίαις
1563 955 1663 1003 apud
1681 955 1775 992 Phi-

320 1017 400 1054 lon.
426 1017 466 1051 in
487 1012 613 1051 Flacc.
636 1014 791 1061 p 987.
817 1011 859 1048 B.
889 1011 1002 1049 Mitto
1014 1010 1341 1062 10.Chrysostom.
1362 1008 1666 1060 T.11{.p.319.‚
1684 1009 1775 1048 Pal-

321 1072 465 1110 ladium
483 1069 561 1109 vit.
574 1067 773 1118 Chrysost.
795 1082 830 1118 p.
843 1069 917 1108 24.
927 1067 985 1114 Ε,
999 1069 1121 1116 alios3
1150 1070 1308 1118 longum
1327 1070 1427 1104 enim
1447 1068 1625 1106 facerem.
1638 1067 1774 1105 VVESS.

438 1127 546 1167 625.
579 1127 653 1165 32.
686 1123 761 1164 'Eu
785 1124 946 1175 βίβλοις
967 1121 1097 1175 ἔπτὰ]
1136 1123 1277 1161 Suidas
1308 1123 1511 1161 Philistum
1537 1137 1599 1161 res
1623 1123 1775 1161 Siculas

321 1185 365 1223 L.
387 1183 461 1221 Xl.
498 1191 535 1219 et
566 1182 747 1232 Dionysii
778 1181 990 1218 Historiam
1019 1183 1129 1218 libris
1160 1180 1225 1217 VI.
1266 1194 1348 1217 esse
1379 1181 1608 1228 conplexum
1637 1183 1714 1228 ait,
1751 1192 1776 1218 a

319 1241 463 1280 Nostro
487 1239 733 1276 dissentiens.
774 1237 961 1289 Congruit
981 1237 1196 1287 Dionysius
1220 1235 1267 1273 T.
1289 1236 1336 1274 Il.
1368 1250 1402 1286 p.
1431 1238 1546 1283 131.,
1574 1250 1776 1274 numerum

321 1306 451 1336 tamen
470 1297 657 1333 librorum
679 1308 757 1332 non
778 1295 933 1334 finiens.
973 1293 1186 1344 Utrumque
1206 1306 1300 1342 opus
1321 1296 1478 1343 respicit
1496 1292 1631 1331 Cicero
1651 1293 1696 1333 L.
1724 1292 1773 1330 ll.

321 1355 371 1392 ad
391 1356 436 1398 Q.
458 1352 583 1390 Fratr.
606 1351 730 1400 Epist.
762 1353 832 1392 13.
867 1351 1025 1388 Siculus
1044 1351 1124 1397 ille,
1153 1350 1353 1396 Philistus,
1385 1351 1595 1401 capitulis,
1620 1350 1776 1397 creber,

323 1418 489 1456 acutus,
515 1409 667 1455 brevis,
689 1421 822 1460 paene
844 1409 1018 1460 pusillus
1047 1406 1317 1457 Thucydides,
1347 1408 1418 1444 sed
1444 1413 1556 1444 utros
1587 1409 1672 1444 eius
1700 1406 1775 1443 hu-

322 1469 455 1506 bueris
475 1466 619 1512 libros,
649 1466 724 1502 duo
745 1467 846 1502 enim
869 1471 961 1502 sunt
981 1477 1176 1515 corpora,
1205 1478 1257 1500 an
1284 1469 1494 1513 utrosque,
1521 1466 1666 1500 nescio.
1708 1463 1776 1501 M'e

321 1526 451 1574 magis
475 1524 520 1560 de
540 1522 733 1572 Dionysio
759 1522 956 1559 delectat:
984 1523 1067 1571 ipse
1089 1527 1146 1557 est
1168 1521 1269 1557 euim
1295 1527 1406 1557 zeter
1409 1526 1502 1556 ator
1521 1532 1709 1569 magnus,
1737 1524 1778 1557 et

313 1581 620 1635 perfamiliaris
647 1579 826 1616 Philisto.
857 1578 954 1614 Nam
975 1577 1020 1613 de
1047 1575 1240 1627 Dionysio
1263 1578 1426 1613 alterum
1451 1589 1612 1626 corpuS,
1633 1579 1674 1614 in
1700 1588 1775 1625 quo

323 1639 369 1675 de
390 1638 511 1688 gestis
532 1635 714 1686 Dionysii
736 1640 879 1684 egerat,
900 1641 942 1670 ut
953 1632 1101 1670 beneP.
1113 1633 1321 1679 Victorius,
1331 1633 1516 1671 indicant.
1540 1633 1718 1670 Vossium
1729 1633 1776 1670 de

321 1694 427 1734 Hist.
442 1693 577 1730 Graec.
589 1690 630 1728 L.
645 1692 672 1729 1.
686 1694 743 1737 6.,
754 1689 976 1728 Ciceronem
991 1689 1147 1738 pulchre
1160 1691 1430 1738 explicantem,
1441 1691 1612 1728 consule
1637 1689 1774 1727 WESS.

433 1751 538 1790 625.
567 1749 640 1788 36.
680 1747 903 1799 ...οφοκλῆς
937 1744 1169 1799 Θεοφίλου]
1219 1745 1320 1797 Lege
1359 1741 1380 1785 ὅ
1415 1745 1624 1799 Σοφίλου,
1657 1753 1700 1783 ut
1728 1746 1776 1783 al)

322 1808 412 1846 aliis
441 1806 656 1843 deducitur.
700 1803 832 1841 PALM.
863 1802 1049 1855 Σοφίλου
1080 1809 1299 1840 correxerat
1321 1802 1386 1840 diu
1424 1810 1512 1839 ante
1542 1802 1778 1841 Palmerium

321 1867 365 1902 in
393 1863 482 1900 Vita
515 1861 719 1909 Sophoclis
753 1860 807 1899 Io.
846 1859 1049 1897 Meursius.
1099 1859 1256 1910 Vulgati
1294 1861 1547 1909 patrocinium
1587 1859 1780 1908 quoddam

322 1921 518 1972 professus
540 1925 598 1955 est
619 1917 671 1955 Io.
693 1916 841 1956 Albert.
872 1915 1073 1953 Fabricius
1093 1914 1191 1953 Bibl.
1214 1916 1349 1953 Graec.
1383 1914 1424 1953 L.
1450 1915 1499 1955 ll.
1527 1918 1609 1964 17„
1646 1916 1778 1954 Theo-

317 1977 494 2030 philum,
535 1974 763 2026 Diphilum,
802 1986 847 2010 eo
879 1974 983 2010 enim
1016 1974 1176 2010 nomine
1213 1980 1360 2022 patrem
1388 1984 1538 2021 quoque
1577 1947 1778 2021 adpellari,

323 2041 364 2071 et
411 2033 616 2084 Sophilum
667 2030 769 2069 idem
818 2042 956 2067 sonare
1002 2042 1241 2068 asseverans.
1310 2028 1369 2066 De
1416 2028 1580 2080 Diphilo
1626 2029 1773 2066 dubito.

323 2090 499 2128 Laertius
520 2088 562 2125 L.
581 2087 629 2125 11.
653 2089 770 2134 120,
798 2098 980 2135 quorsum
1010 2087 1073 2124 vir
1101 2087 1224 2123 multo
1255 2085 1501 2122 doctissimus
1524 2098 1595 2122 nos
1624 2085 1778 2147 ablegat

324 2146 495 2184 eiusdem
525 2144 625 2182 Bibl.
656 2143 699 2181 L.
722 2143 749 2180 1.
770 2144 845 2183 29.
867 2146 920 2189 8.‚
952 2155 1031 2179 non
1063 2141 1270 2190 Sophoclis
1300 2149 1466 2191 patrem,
1495 2141 1561 2178 sed
1581 2143 1722 2180 alium
1728 2155 1777 2180 ex

324 2201 567 2240 comicorum
588 2213 748 2238 numero
772 2202 940 2245 excitat,
969 2198 1014 2235 de
1034 2210 1109 2246 quo
1130 2197 1344 2249 Menagius.
1391 2197 1629 2235 Accesserim
1650 2201 1778 2246 etiam,

324 2261 358 2296 si
386 2261 428 2296 in
447 2265 573 2308 partes
599 2261 651 2294 sit
679 2255 869 2302 eundum,
900 2255 1091 2293 Palmerio
1124 2253 1386 2304 Meursioquet
1417 2267 1506 2291 nam
1535 2250 1719 2307 Σόφιλον
1740 2262 1779 2292 et

327 2310 535 2367 Θεόφιλον
556 2313 657 2351 idem
676 2326 759 2350 esse
780 2325 918 2350 nomen
942 2311 1042 2349 haud
1063 2311 1239 2357 videtur,
1265 2317 1303 2347 et
1324 2313 1389 2360 qui
1416 2311 1671 2363 Theophilum
1697 2310 1778 2348 So-

321 2370 471 2421 phoclis
502 2377 672 2419 patrem,
709 2371 741 2406 si
771 2367 986 2406 Diodorum
1016 2381 1200 2417 seponas,
1226 2368 1500 2417 adpellaverit,
1538 2380 1649 2406 nemo
1677 2370 1776 2406 alius

323 2435 393 2466 est.
428 2425 487 2463 De
504 2431 640 2475 poetae
663 2432 809 2472 aetate,
836 2426 959 2475 partis
984 2426 1182 2470 victoriis,
1209 2423 1459 2472 dissensuque
1481 2427 1520 2462 in
1542 2431 1702 2475 utraque
1731 2438 1775 2462 re

322 2485 553 2533 scriptorum
572 2490 759 2528 veterum,
780 2481 878 2518 nihil
891 2481 1002 2519 addo.
1030 2479 1224 2517 Dixerunt
1245 2480 1394 2518 abunde
1414 2483 1491 2519 viri
1511 2475 1627 2519 docti.
1642 2481 1776 2519 WEss.

323 2539 546 2593 Σοφοκλῆς
567 2538 752 2605 Σοφίλου
774 2522 962 2588 Scaliger.
993 2536 1065 2573 Im
1070 2547 1099 2573 Μ
1123 2539 1164 2574 ἰη
1185 2536 1282 2573 Add.

437 2598 542 2636 625.
573 2596 646 2634 39.
682 2591 770 2645 Ίὴν
795 2591 972 2645 ἐσχάτνν
993 2600 1065 2630 etc.
1090 2595 1204 2647 gam}
1231 2597 1458 2644 περιπεσεῖν
1482 2614 1528 2620 -
1553 2592 1620 2632 καὶ
1642 2593 1776 2632 τελευ-

320 2649 474 2704 τῆσαι]
506 2651 720 2703 Sophocles
739 2651 901 2687 ultimae
920 2652 997 2687 iam
1016 2651 1252 2695 senectutis,
1279 2663 1364 2687 cum
1387 2652 1425 2686 in
1449 2652 1665 2687 certamine
1687 2657 1775 2686 tra-

317 2710 502 2757 goediam
533 2709 750 2753 docuisset,
781 2708 953 2757 ancipiti
979 2707 1267 2743 sententiarum
1301 2713 1441 2743 eventu
1469 2708 1536 2744 diu
1564 2708 1772 2752 sollicitus,

317 2765 534 2814 aliquando
563 2772 692 2802 tamen
715 2777 793 2800 una
818 2765 1015 2800 sententia
1039 2764 1182 2809 victor,
1215 2775 1397 2800 caussam
1421 2765 1561 2800 mortis
1579 2764 1771 2813 gaudium

314 2819 467 2870 habuit,
487 2825 543 2861 sic
561 2821 688 2860 Valet.
703 2818 859 2859 Maxim.
882 2819 923 2858 L.
949 2818 1017 2858 lx.
1039 2820 1122 2866 12„
1144 2831 1302 2870 prorsus
1322 2832 1371 2858 ex
1391 2818 1556 2858 Diodori
1574 2821 1767 2857 sententia
