1828 3253
325 91 420 132 694
787 89 1311 132 ANNOTATIONES

330 203 399 242 Ill.
418 205 488 244 86.
510 209 548 240 et
558 202 748 244 V111.23.
771 201 838 255 ἅμ’
861 200 963 259 «ἡλίῳ
986 203 1253 261 σκιδναμένῳ.
1289 205 1383 244 Cam
1399 206 1529 256 primo
1550 205 1644 254 luci,
1659 208 1781 258 pari-

335 267 397 297 ter
420 274 505 297 cum
527 267 618 297 ortu
649 262 744 298 solis
771 264 811 298 in
838 263 953 298 simili
980 275 1022 298 re
1048 261 1199 310 Latini,
1229 262 1388 300 Plautus
1409 260 1554 299 Cistell.
1577 262 1625 300 11.
1647 265 1685 303 l.
1705 263 1780 302 49.

334 323 373 353 et
401 316 522 353 Stich.
546 316 591 352 ll.
617 319 656 357 2.
681 318 756 356 40.
808 316 998 366 Sequatur
1028 332 1121 369 ergo
1154 318 1344 365 Fabrum,
1385 321 1446 357 cui
1480 320 1619 368 volupe
1653 319 1783 356 fuerit.

334 372 469 411 Wnss.
490 368 618 423 “Apta
640 376 697 427 τῷ
725 373 854 425 φωτὶ,
888 377 1024 411 statim
1055 382 1102 412 ut
1121 377 1270 414 illuxit.
1302 382 1359 412 est
1378 374 1496 412 dictio
1516 374 1680 424 Polybio
1699 387 1785 423 per-

335 430 529 477 frequens,
552 443 588 466 v.
619 441 654 477 p.
684 431 752 469 15.
775 431 848 470 30.
869 431 942 469 44.
973 433 1041 470 18.
1071 426 1160 468 item
1181 432 1314 469 Nostri
1338 430 1385 467 11.
1414 431 1516 471 199.
1532 432 1611 471 62.
1640 430 1783 469 Rmsx·

340 486 440 531 Φῶς
470 488 523 521 ita
546 498 630 521 cum
649 482 787 537 φόβος
807 493 1057 536 permutatum
1077 487 1255 537 Xenoph.
1278 488 1401 524 Anah.
1422 486 1486 523 lll.
1514 489 1550 527 l.
1575 489 1646 527 12.
1765 528 1767 531 ¹

453 543 557 581 613.
591 543 661 582 72.
708 542 779 587 Εἷς
810 540 856 581 τὸ
880 545 954 594 τῆς
981 541 1181 595 Ἀθηνᾶς
1212 541 1343 597 ἱερὸν]
1382 541 1516 580 Critici
1546 543 1595 580 ad
1628 542 1788 579 Pindari

341 597 495 647 Olymp.
517 597 590 634 Od.
613 598 658 634 ss.
686 600 755 638 16.
791 596 900 651 ἱερὸν
929 597 971 637 ‹5'
1010 595 1117 638 εἶπεν
1139 599 1289 651 οἴκημα
1312 597 1389 652 τὴν
1417 595 1690 652 ’Λκράγαντα
1720 594 1788 636 ὁίιὶ

338 651 386 692 τὸ
418 656 492 705 τῆς
525 651 724 704 Ἀθηνᾶς
756 651 907 693 αὐτόθι
941 653 1042 695 νεών
1079 652 1179 695 εἶναι
1224 658 1422 705 περιττῶς
1461 651 1789 707 ἁγιστευόμενον,

340 710 561 746 aberrantes
581 711 733 759 quidem
753 724 775 747 a
802 718 936 761 poetae
950 739 961 758 ,
988 712 1093 748 aliud
1115 715 1344 761 spectantis,
1374 712 1580 758 sententia,
1607 711 1674 748 sed
1694 717 1792 747 tem-

341 767 395 813 pli
414 767 513 814 apud
539 766 817 817 Agrigentinos
848 767 1045 806 Minervae
1072 770 1301 819 religionem
1335 768 1585 805 declarantes.
1629 766 1722 804 Fuit
1748 769 1790 804 in

340 835 450 870 arce,
482 830 524 859 ut
549 836 595 859 ex
619 823 782 873 Polybio
804 824 877 861 lx.
901 827 975 864 21.
1007 838 1121 874 supra
1141 826 1321 861 diximus.
1348 824 1485 860 VVESS.

456 880 560 918 613.
585 882 657 919 76-
678 876 968 931 Διελάμβανεν
984 878 1215 933 ἀφελέσθαι
1237 882 1350 919 θεῶν
1368 877 1559 930 ἀσέβέιαν
1571 876 1791 929 πολεμίων]

340 933 499 972 Planior
512 936 651 972 fuisset
669 937 873 974 verborum
895 938 1002 983 ordo,
1020 940 1052 974 si
1071 935 1147 988 τὴν
1168 937 1224 983 εἷς
1247 934 1375 982 θεοὺς
1394 934 1584 985 ἀσέβειαν
1606 935 1790 971 dedisset:

342 989 415 1027 hoc
436 994 537 1028 enim
556 994 652 1029 vult.
679 991 881 1043 Eivoae‘ssaa
900 1001 1025 1030 tamen
1047 996 1150 1032 θεοῦ
1169 1000 1228 1029 est
1245 994 1400 1041 pietatis
1420 994 1560 1038 cultus,
1577 1004 1688 1041 quem
1709 989 1792 1026 Deo

343 1047 543 1095 debemus,
572 1051 612 1085 in
642 1048 849 1087 Clementis
879 1050 989 1087 Alex.
1021 1049 1162 1087 Strom.
1195 1049 1223 1086 Ι.
1254 1063 1290 1099 p.
1311 1050 1418 1088 417.
1464 1048 1594 1097 Itaque
1625 1044 1796 1097 εὐσεβὴς

341 1105 469 1151 θεοῦ,
497 1107 561 1154 qui
594 1105 664 1141 hoc
683 1107 811 1143 studio
831 1120 899 1155 pro
932 1108 1040 1143 virili
1059 1107 1293 1157 defungitur.
1332 1104 1475 1142 Contra
1495 1106 1536 1141 in
1558 1104 1720 1140 Pausan.
1752 1102 1794 1140 L.

342 1157 410 1199 IV.
435 1164 476 1201 8.
514 1160 580 1199 καὶ
602 1164 714 1201 θεῶν
738 1160 898 1213 ἀσεβεῖς
919 1159 1008 1202 ὅσοι
1028 1162 1235 1214 Δωριεῦσι
1258 1163 1466 1214 πατρῷοι,
1492 1164 1577 1200 τῶν
1594 1174 1636 1198 τε
1657 1157 1793 1198 ἄλλων

343 1216 412 1254 καὶ
438 1212 620 1267 μάλιστα
645 1214 917 1269 ιΗροικλέονς,
945 1226 986 1255 et
1016 1220 1208 1265 aliorum,
1233 1220 1303 1269 qui
1321 1217 1497 1254 Dor-ibus
1519 1218 1654 1268 patrii
1678 1222 1799 1252 erant

345 1273 426 1321 dii,
453 1280 534 1310 tum
557 1277 780 1326 praecipue
817 1275 1005 1313 Herculis
1041 1277 1203 1312 numina
1230 1276 1337 1326 inpie
1367 1275 1580 1311 laedentes.
1620 1272 1756 1310 Wssss.

460 1331 566 1370 614.
596 1333 667 1371 78.
695 1330 930 1382 Νῐέγιστον,
960 1328 1109 1370 ἑαυτοῦ
1130 1329 1207 1382 τὴν
1226 1332 1326 1381 etc.]
1355 1330 1568 1381 Scripsisse
1584 1335 1676 1378 puto
1700 1327 1796 1365 Dio-

347 1384 481 1422 dorum
502 1385 570 1424 κοιὶ
591 1385 636 1425 τὸ
659 1385 873 1440 μέγιστον,
902 1395 945 1425 ut
965 1388 1069 1424 alibi.
1099 1387 1257 1425 STEPH.

460 1444 566 1482 614.
603 1444 677 1482 90.
716 1441 792 1482 Ἐν
813 1440 874 1490 οἷς
902 1441 1062 1482 καὶτὸν
1098 1439 1338 1495 Φαλάριδος
1359 1439 1510 1493 συνέβη
1544 1441 1798 1492 κομισθῆναι

346 1497 532 1551 ταῦρον]
576 1498 681 1536 Haec
700 1498 864 1537 Diodori
886 1507 924 1536 et
943 1500 1112 1536 eiusdem
1132 1502 1209 1536 alia
1239 1499 1284 1535 de
1306 1499 1523 1536 Phalaridis
1547 1505 1657 1535 tauro
1677 1499 1799 1546 respi-

348 1556 402 1591 cit
423 1553 587 1592 Tzetzes
619 1554 718 1592 Chil.
746 1556 774 1592 I.
800 1558 905 1596 667.
949 1557 1015 1593 ubi
1051 1557 1085 1592 si
1113 1552 1358 1601 Λουκιανὸς
1387 1550 1408 1594 ὃ
1433 1551 1568 1605 Σύρος
1587 1556 1800 1603 scripseris,

349 1616 388 1646 et
405 1624 541 1648 versus
562 1614 697 1649 lacuna
717 1613 814 1649 liber
833 1614 921 1659 erit,
943 1620 981 1649 et
1001 1614 1123 1649 oratio
1145 1612 1346 1648 constabit.
1377 1610 1548 1648 Taurum
1569 1617 1693 1648 autem
1714 1623 1800 1648 eum

349 1664 532 1704 Timaeus
559 1670 709 1705 nullum
727 1669 847 1705 fuisse
879 1669 1146 1714 asseverabat,
1172 1675 1374 1717 propterea
1401 1670 1514 1704 etiam
1546 1666 1800 1716 reprehensus

350 1736 373 1760 a
394 1723 556 1774 Polybio
579 1726 621 1761 in
641 1725 822 1774 Excerpt.
845 1725 977 1776 Legat.
995 1739 1031 1774 p.
1061 1726 1195 1764 1400.
1223 1727 1459 1772 Quamquam
1474 1751 1485 1770 ,
1522 1725 1555 1760 si
1575 1723 1670 1759 fides
1692 1729 1800 1758 vete-

348 1781 456 1816 ribus
485 1779 644 1818 Pindari
675 1783 971 1829 interpretibus,
1001 1794 1080 1817 non
1110 1783 1239 1818 onmia
1260 1779 1462 1827 Timaeus,
1491 1792 1587 1829 quae
1619 1779 1663 1815 (le
1690 1786 1800 1816 tauro

349 1837 637 1884 prodebantur,
665 1839 706 1874 in
727 1838 869 1874 fabulis
890 1838 1114 1885 deputabat:
1151 1845 1302 1874 taurum
1328 1839 1428 1874 enim
1452 1835 1664 1874 Phalaridis
1685 1834 1799 1885 Agri-

349 1895 530 1943 gentinos
546 1896 586 1930 in
606 1907 710 1930 mare
727 1893 973 1938 demersisse3
997 1895 1105 1930 illum
1124 1906 1230 1939 vem,
1255 1905 1365 1941 quem
1388 1894 1429 1929 in
1447 1893 1540 1929 urbe
1560 1894 1650 1928 olim
1671 1898 1801 1928 osten-

349 1950 505 1996 tabant,
535 1963 612 1986 non
635 1949 851 1987 Phalaridis
871 1951 1007 1996 fuisse,
1045 1950 1110 1986 sed
1132 1951 1375 1986 simulacrum
1395 1948 1506 1985 fluvii
1532 1949 1694 1986 Gelonis
1718 1948 1802 1984 sive

357 2006 482 2043 Gelae
505 2009 642 2055 potius.
673 2006 797 2043 Verba
829 2006 879 2043 ad
897 2013 1105 2042 extremam
1130 2005 1205 2044 Od.
1227 2005 1256 2041 I.
1286 2004 1504 2055 Pythionic.
1525 2011 1633 2041 sunt:
1662 2000 1735 2053 τὸν
1756 2001 1800 2041 δὲ

351 2064 427 2100 τοῦ
464 2059 703 2113 Φαλάριδος
730 2064 886 2115 ταῦρον
919 2060 958 2101 οἱ
993 2060 1317 2114 Ἀκραγοιντῖνοι
1353 2056 1695 2108 κατεπόντωσαν,
1747 2056 1803 2104 ὥς

353 2132 457 2170 φησι
491 2118 678 2167 Τίμαιος.
718 2115 793 2157 τὸν
822 2116 899 2171 γὰρ
933 2117 974 2157 ἐν
1003 2120 1053 2171 τῇ
1086 2115 1198 2157 πόλει
1233 2112 1490 2167 δεικνύμενον
1514 2114 1571 2168 μὴ
1605 2112 1705 2155 εἶναι
1727 2117 1800 2154 τοῦ

358 2170 618 2226 Φαλάριδος,
657 2171 850 2225 καθάπερ
882 2170 907 2225 ἡ
949 2172 1080 2225 πολλὴ
1113 2172 1268 2223 κατέχει
1293 2168 1415 2221 δόξα,
1457 2170 1551 2210 ἀλλ)
1577 2168 1694 2212 εῗκιόν
1716 2169 1799 2210 ἔστι

352 2230 540 2275 Γέλωνος
561 2233 634 2269 τοῦ
657 2233 860 2281 ποταμοῦ.
888 2229 991 2268 Ηίηο
1014 2231 1216 2276 discimus,
1244 2229 1336 2277 quid
1356 2236 1489 2265 contra
1512 2230 1598 2266 illos
1620 2228 1801 2268 Timaeus

355 2288 583 2335 obmoverit,
616 2290 681 2335 qui
702 2287 1002 2338 Agrigentinum
1023 2288 1095 2323 sibi
1115 2293 1267 2323 taurum
1290 2286 1552 2333 opponebant:
1583 2292 1621 2322 et
1640 2298 1707 2322 cur
1726 2285 1801 2321 Po-

355 2345 485 2393 lybius
507 2356 553 2379 ex
573 2346 655 2391 ipsa
677 2345 790 2390 tauri,
818 2355 927 2392 quem
951 2343 1220 2394 Agrigentinis
1242 2340 1374 2389 Scipio
1392 2343 1573 2389 restituit,
1609 2347 1802 2378 structura

353 2406 578 2450 argumenta
602 2403 639 2435 in
663 2398 863 2436 Timaeum
885 2407 1105 2447 expromat,
1138 2405 1181 2435 ut
1204 2412 1289 2435 eum
1307 2411 1476 2444 errasse,
1507 2404 1545 2434 et
1574 2404 1724 2434 taurum
1744 2397 1803 2432 illi

356 2458 555 2505 supplicio,
581 2458 643 2492 cui
666 2455 881 2492 destinatus
903 2457 1109 2502 ferebatur,
1133 2455 1297 2491 habilem
1319 2456 1438 2491 fuisse
1461 2456 1645 2491 vinceret.
1659 2453 1798 2490 Wssss.

473 2513 577 2552 614.
613 2513 685 2551 95.
731 2511 910 2550 Σκιπίων
938 2509 1015 2564 γὰρ
1047 2508 1221 2561 ὕστερον
1253 2531 1301 2537 -
1335 2508 1479 2561 σχεδὸν
1508 2506 1705 2561 ἑξήκοντα
1733 2507 1800 2547 καὶ

359 2567 583 2614 διακοσίοις
603 2571 690 2613 etc.]
716 2566 967 2606 *Conveniunt
989 2569 1150 2604 numeri.
1177 2566 1326 2603 Eversa
1345 2566 1536 2617 Carthago
1563 2572 1620 2602 est
1643 2566 1799 2614 Olymp.

359 2635 496 2661 chm.
534 2638 635 2662 anno
665 2625 803 2670 tertio,
841 2637 914 2673 quo
945 2631 1111 2673 tempore
1136 2623 1180 2661 P.
1204 2622 1336 2670 Scipio
1362 2625 1450 2670 illa,
1491 2635 1586 2671 quae
1609 2621 1801 2670 quondam

356 2680 570 2731 Agrigento
594 2694 616 2718 a
635 2679 1017 2731 Carthaginiensibus
1037 2681 1191 2716 fuerant
1213 2680 1374 2726 sublata,
1387 2679 1652 2730 Agrigentinis
1671 2677 1801 2713 reddi-

357 2737 434 2773 dit:
480 2740 520 2774 in
553 2737 691 2788 quibus
724 2738 845 2773 etiam
879 2737 946 2774 ille
985 2737 1129 2773 nobilis
1159 2742 1325 2781 taurus,
1366 2749 1476 2786 quem
1509 2735 1803 2772 crudelissimus
