1828 3253
362 219 426 260 {N
454 217 563 258 LIB.
587 216 700 258 Xll.
729 214 856 255 CAR
886 216 1109 258 14.-17.
1390 218 1477 258 573

41 335 256 387 prohibuit,
288 335 469 381 veritusr
489 345 539 370 ne
569 330 842 377 hereditatem,
870 332 913 368 in
942 330 1052 367 cuius
1081 341 1147 378 spe
1176 336 1307 378 erant,
1346 342 1481 380 capere

39 406 152 461 quain
182 398 404 459 exspectare
431 390 601 427 mallent.
647 385 765 439 Moy&
798 381 1096 454 ἐπιτροπεύειν,
1132 384 1187 432 εἷς
1221 384 1269 426 ὃν
1295 380 1322 438 ἦ
1357 385 1405 426 οἷ
1410 386 1480 425 σιά

40 449 222 503 ἔρχεται,
250 450 333 487 τῶν
362 444 558 500 ὀρφανῶν
588 444 654 483 τε)
659 438 918 495 ευτησάντων
960 442 1059 490 apud
1101 441 1314 493 Diogenem
1346 442 1373 479 1.
1408 445 1480 483 56.

40 505 224 544 Romanis
246 504 388 553 placuit
418 508 461 540 ut
481 513 556 550 quo
591 499 784 537 hereditas
818 502 1015 549 pervenit,
1046 511 1090 535 eo
1113 506 1151 535 et
1179 501 1301 536 tutela
1323 500 1478 536 rediret.

41 560 194 599 VideS
200 560 399 600 .Petitum
425 560 466 596 in
485 557 529 596 L.
551 555 592 593 L.
616 556 731 593 Attic.
753 555 794 593 L.
816 555 882 595 Vl.
909 557 949 595 7.
978 562 1017 592 et
1039 557 1146 593 viros
1175 555 1308 593 doctos
1327 556 1375 593 ad
1396 554 1480 593 Caii

42 618 168 656 lustit.
187 591 229 654 1⁶..
251 615 279 653 Ι.
300 615 380 653 Tit.
404 617 445 655 7.
476 614 610 652 Wnss.

152 673 259 714 488
286 673 360 712 45.
405 661 536 716 Ουτος
568 665 791 720 προσέταξε
811 665 908 714 τοὺς
936 682 1148 713 τοιοϊτοίς
1167 666 1208 705 ἓν
1239 669 1288 720 τῆ
1317 664 1478 722 timori]

39 728 128 768 Non
151 729 335 766 dissimile
355 727 629 778 Aegyptiorum
658 727 875 762 institutum
896 725 1062 761 vidimus
1084 723 1125 760 L.
1149 723 1174 760 l.
1200 726 1271 763 78.
1308 722 1375 760 Ch
1368 737 1482 760 uon-

39 787 128 832 das,
161 792 204 822 ut
222 786 391 854 plerique
412 791 607 827 veterum,
626 782 825 818 censebat:
853 775 951 833 ῧπέρ
979 780 1177 830 πατρίὸος
1199 777 1339 818 &noth
1334 776 1440 829 ήσκι-
1425 794 1481 818 ιν

38 836 282 892 σεμνότερον
301 843 401 879 εἶναι
422 836 448 891 ἢ
479 833 717 906 γλιχόμενον
745 839 819 876 τοῦ
851 835 922 890 ζῇν
949 835 981 888 ἐ)
984 837 1228 876 καταὶιπεῖν
1261 833 1391 886 αὐτὴν
1412 834 1481 874 καὶ

36 895 84 936 τὸ
113 893 252 936 καλόν.
299 897 507 963 Κρεῖττον
532 892 610 947 γὰρ
641 888 839 932 τεθναναι
869 891 1052 939 καὶως
1037 890 1061 944 ’ἡ
1092 892 1163 946 ζῇν
1195 891 1377 942 αι’σχοιῦς
1413 891 1481 929 καὶ

38 951 322 999 ἕποιμειὸιστως
358 952 457 1002 apud
482 950 686 989 Stobaeum
718 949 850 986 Floril.
883 948 963 986 Tit
986 948 1301 997 XL11.1›.‘>90.
1341 947 1478 986 VVEss.

37 1008 150 1047 Plato
171 1010 197 1046 l.
211 1009 254 1048 9.
276 1009 323 1046 de
341 1010 416 1059 leg.
434 1015 548 1046 vocat
565 1001 1158 1073 eiusmodipoenamdu69qwoe
1180 1001 1355 1058 ἓ’()ρας,”
1330 1020 1354 1056 η
1379 1000 1481 1043 στά-

38 1079 121 1112 σεις
143 1062 168 1117 ἢ
189 1060 445 1132 περιστάσεις
466 1062 520 1110 εἷς
552 1060 603 1102 τὰ
625 1058 724 1115 ἱερά
752 1061 926 1098 REmEs.

149 1122 256 1162 488
289 1122 360 1161 57
397 1117 474 1160 Ἐκ
493 1116 648 1165 παντὸς
665 1113 822 1170 τρόπου
843 1117 1067 1157 πείθεσθαι
1093 1119 1151 1156 τῶ
1174 1112 1319 1170 νόμω]
1351 1115 1481 1154 Maxi-

37 1190 187 1215 morum
209 1178 395 1214 scelerum
422 1179 545 1214 instar
575 1182 656 1212 erat
685 1174 753 1213 καὶ
773 1170 985 1240 ἀρχόντων
1014 1172 1080 1212 καὶ
1109 1169 1250 1223 νόμων
1285 1170 1361 1211 67⁴1
1351 1172 1481 1225 ym9t'a

38 1233 107 1273 καὶ
132 1229 316 1279 ἑκούσιος
340 1230 482 1283 ἀτιμία
511 1226 771 1282 δικαιοσύνης
805 1233 845 1268 in
878 1244 923 1267 eo
955 1229 1119 1267 Stobaei.
1131 1228 1354 1296 Sermone,
1369 1243 1481 1279 quein

37 1292 205 1340 signavi.
237 1289 353 1356 ldque
364 1291 627 1326 meritissimo:
650 1285 687 1326 οἱ
706 1284 783 1339 γὰρ
799 1282 917 1340 νόμοι
939 1285 1111 1339 φοβεροὶ
1127 1283 1195 1324 διὰ
1214 1282 1310 1332 τοὺς
1330 1282 1482 1351 ἄρχον-

36 1357 124 1392 τας·
157 1342 260 1385 ω’στε
284 1342 398 1391 ὅστις
418 1341 600 1398 ἄρχοντα
620 1338 814 1394 ὕβρισεν,
836 1341 957 1388 οὗτος
976 1341 1018 1380 ἐκ
1039 1340 1274 1394 περιουσίας
1295 1356 1392 1387 τους
1413 1336 1480 1380 216-

34 1416 142 1454 μους
169 1397 471 1452 κατεπάτησεν,
500 1401 670 1438 lulianus
692 1403 900 1448 imperator
928 1400 1124 1448 eleganter
1143 1399 1200 1435 ait
1226 1398 1267 1434 in
1289 1396 1479 1447 Misopog-

35 1470 75 1507 Ρ.
98 1459 206 1498 342.
230 1455 274 1497 Β.
322 1456 443 1495 Ροιϊο
475 1457 518 1494 si
538 1456 631 1493 haec
662 1456 832 1493 auctoris
854 1457 1071 1492 accuratius
1100 1454 1284 1503 inspicias
1327 1461 1366 1490 et
1396 1467 1483 1490 cum

38 1515 275 1565 praefatione
306 1514 434 1564 legum
459 1511 619 1550 Zaleuci
645 1510 745 1562 apud
767 1510 930 1549 eundem
955 1509 1166 1548 Stobaeum
1193 1522 1229 1558 p.
1249 1511 1358 1551 280.
1390 1522 1483 1547 con-

39 1583 184 1620 pona,
212 1582 291 1607 non
323 1569 516 1607 dubitabis
550 1567 640 1606 inde
670 1574 796 1605 sumta
823 1567 962 1606 videri.
1015 1567 1140 1604 Verba
1161 1567 1412 1613 adscribam
1439 1572 1483 1602 ut

38 1626 246 1676 quaerendi
264 1627 477 1663 molestiam
496 1625 825 1675 conpendifacias:
871 1625 955 1663 τῶν
976 1621 1020 1663 δὲ
1040 1621 1233 1674 κειμένων
1254 1619 1393 1674 νόμων
1413 1618 1482 1660 ἐάν

37 1697 100 1730 τις
121 1682 221 1736 δοκῇ
241 1698 298 1749 μη
320 1682 457 1728 καλῶς
476 1683 659 1728 κεῖσθαι,
680 1678 955 1747 μετατίθεμεν
979 1678 1040 1718 ἐπὶ
1064 1678 1110 1719 τὸ
1133 1676 1206 1730 ,θέλ
1209 1692 1308 1719 τιον·
1336 1694 1412 1730 μω
1417 1694 1484 1717 ον-

37 1754 121 1779 των
140 1737 185 1778 δὲ
205 1734 362 1785 πάντας
384 1740 635 1789 πειθαρχεῖν
660 1732 726 1776 ὑπ’
750 1731 987 1805 ἀνθρώπων
1006 1732 1219 1802 ἡττᾶσθαι
1240 1749 1338 1781 τους
1356 1731 1485 1785 κειμέ-

36 1810 134 1842 νους
153 1790 330 1846 νόμους,
355 1790 404 1834 οὐ
428 1792 555 1834 καλὸν
580 1791 676 1833 οὐδὲ
698 1789 924 1861 συμφέρον·
957 1787 1038 1831 {md
1060 1791 1105 1832 δὲ
1127 1786 1255 1843 νόμου
1274 1790 1485 1842 βελτίονος

37 1847 275 1904 ἡττώμενον
296 1852 672 1902 κατακρατεῖσθαι,
703 1865 771 1889 και
791 1845 918 1888 καλὸν
940 1863 1008 1887 και
1039 1846 1262 1902 συμφέρον.
1294 1846 1427 1884 WEss.

151 1908 260 1949 489
287 1907 360 1947 63
388 1903 591 1947 Μάλιστα
612 1907 686 1946 τοῦ
706 1919 894 1945 τοιουτου
914 1900 1102 1971 τρόπου]
1133 1904 1263 1941 Insere
1282 1904 1383 1941 inter
1405 1898 1484 1953 μά·-

39 1964 160 2004 λιστα
182 1970 221 2002 et
237 1965 311 2003 τοῦ
327 1959 517 2003 τοιούτου
536 1958 692 2014 τρόπον
704 1963 1023 2027 praepositionem
1034 1956 1113 2000 διά
1130 1958 1486 1997 STEP11.etRu01›.

151 2021 259 2062 489.
297 2021 369 2060 66.
417 2014 641 2073 Ev9201707
644 2017 750 2069 ίαις]
798 2013 1112 2071 Εὗρησιλογίαις
1138 2017 1222 2057 vat.
1251 2011 1484 2071 ευρεσίολο-

39 2074 147 2130 ,γίαις
167 2076 267 2115 Clar.
297 2075 395 2114 Vide
413 2083 490 2114 not.
509 2078 550 2113 in
571 2074 612 2112 L.
634 2075 662 2112 Ι
685 2076 758 2115 37
791 2074 929 2113 WEss.

152 2134 260 2174 489.
276 2133 362 2172 72.
392 2127 751 2184 Παραὸοξότατον
768 2126 1090 2181 νενομοθετηκει
1093 2127 1162 2182 αι]
1184 2127 1487 2166 Rhodomannus

42 2189 286 2227 inserendum
308 2187 348 2227 τὶ
371 2196 523 2236 censet,
551 2188 653 2237 quod
681 2195 720 2225 et
748 2190 1005 2225 necessarium
1031 2188 1128 2232 erit,
1157 2189 1192 2223 si
1214 2181 1344 2251 νόμου
1367 2197 1483 2222 voca-

43 2245 174 2284 bulum
192 2246 360 2296 intelligi
379 2258 488 2296 posse
508 2256 636 2296 neges.
665 2244 746 2281 Nec
769 2242 929 2281 dissidet
947 2242 996 2279 H.
1011 2241 1244 2291 Stephanus,
1263 2244 1370 2278 cuius
1391 2240 1483 2277 haec

44 2309 152 2338 sunt:
183 2301 348 2340 Rectius
370 2303 574 2352 legeretur
592 2295 935 2354 παραδοξότατόν
954 2313 1014 2345 τι,
1043 2293 1425 2351 utpag.seq.c'616v
1446 2311 1482 2335 τι

44 2356 112 2395 καὶ
132 2354 388 2427 παράδοξον,
421 2366 462 2395 et
481 2361 519 2396 in
550 2357 648 2404 hac,
677 2359 814 2394 statim
835 2363 954 2408 post,
987 2352 1090 2395 ἶὸιόν
1119 2370 1157 2394 τι
1187 2354 1255 2394 καὶ
1276 2354 1485 2399 παντελῶς

43 2411 135 2464 ἓξη)
139 2415 159 2451 7
152 2429 291 2465 amaea
292 2429 339 2453 ov
358 2410 647 2465 ἐνομοθέτησε.
681 2413 813 2451 WEss.

157 2471 262 2510 489.
289 2472 359 2511 78.
387 2467 712 2537 ’Evopcofflestmoe]²
738 2468 826 2506 Non
857 2474 947 2517 puto
982 2466 1195 2504 Diodorum
1217 2473 1302 2515 post
1320 2460 1482 2518 ὃρῶιτα

47 2521 176 2564 αὐτὸν
201 2524 402 2578 (tanquam
421 2535 506 2576 post
523 2523 634 2579 ὁρῶν
663 2521 808 2576 αυτὸς)
839 2523 1122 2561 subiunxisse
1105 2521 1332 2574 ειομοθέττ·
1339 2537 1395 2561 σε
1432 2521 1484 2557 Et

47 2583 211 2630 quanvis
234 2583 433 2620 interiecta
462 2583 541 2620 sint
564 2583 750 2631 quaedam
773 2581 912 2626 verba,
941 2594 1018 2616 non
1038 2580 1153 2617 video
1194 2579 1382 2629 quomodo
1415 2590 1477 2614 ex-

46 2650 178 2675 cusare
202 2641 389 2687 possimus
417 2652 629 2677 sermonem
657 2639 778 2684 hunc,
815 2637 1041 2686 appellando
1073 2649 1158 2673 eum
1181 2631 1480 2673 ἀιακόλοιθοι.

19 2695 174 2747 Quare
201 2694 704 2761 νομοθετῆσαιᾸεὲειιᾰιιιη
728 2706 886 2739 censeo,
912 2695 1061 2729 etiamsi
1080 2691 1231 2729 videam
1262 2688 1481 2741 πριιιῑέιαξε

45 2752 174 2787 statim
193 2753 315 2816 sequi,
341 2764 421 2788 non
436 2747 680 2817 προστάξαι.
710 2750 866 2788 STEPhi
892 2756 930 2785 et
951 2748 1087 2787 Ruon.
1134 2747 1223 2785 Non
1240 2759 1390 2796 possum
1415 2745 1482 2781 hae

46 2807 202 2854 quidem
235 2808 276 2844 in
294 2821 336 2844 re
356 2821 379 2844 a
405 2809 504 2845 viris
520 2807 751 2845 doctissimis
778 2806 992 2843 dissentiie.
1030 2804 1071 2841 ld
1093 2802 1363 2854 negligendum
1384 2801 1406 2836 h
1410 2801 1480 2837 aud

46 2863 234 2910 arbitror,
268 2862 482 2902 Diodorum
514 2862 738 2901 Charondae
765 2868 958 2911 acceptam
984 2861 1128 2898 referre
1158 2862 1280 2910 legem
1310 2858 1355 2894 de
1386 2859 1456 2893 coll
