1828 3253
406 106 468 146 IN
499 105 611 146 LIB.
641 104 700 144 11.
741 104 869 144 CAP.
906 106 1135 149 24.—26.
1399 109 1490 149 189

167 219 270 262 138.
294 221 367 262 76.
401 220 499 259 Τῶν
521 214 818 270 ἀποστάντων]
848 214 1117 259 Ἀποστατῶν
1137 220 1171 258 si
1190 221 1391 269 malueris,
1411 233 1492 258 non

54 277 303 314 intercedam:
334 279 389 314 sic
408 276 518 314 brevi
548 283 634 326 post
653 283 691 313 et
710 288 790 324 cap.
813 285 918 325 seq.;
947 287 1173 326 quamquam
1192 278 1238 314 ad
1259 279 1492 315 sententiam

54 331 151 370 nihil
170 334 366 381 intererit,
395 339 434 369 et
452 339 715 381 permutantur
737 331 830 369 haee
850 334 1131 381 exscriptorum
1150 334 1322 371 arbitrio.
1356 334 1492 371 WVEss.

170 401 270 440 139.
301 401 371 440 86.
414 398 723 452 Παρακαλέσας
753 397 1053 450 ἕνδεχολιιένως]
1087 402 1278 444 Quantum
1307 401 1392 438 fieri
1421 413 1492 450 po-

55 456 151 502 tuit3
190 464 231 493 ut
257 455 372 492 XIX.
397 457 466 496 18.
506 456 651 508 καίπερ
684 454 956 506 ε’νδεχομιείαυς
992 453 1155 494 ἅπαντα
1186 453 1356 508 πράξας.
1390 465 1428 494 et
1458 471 1491 494 c.

57 512 140 557 83..
165 512 266 548 unde
285 509 526 564 ἐνδεχομένη
546 511 783 565 παρασκευὴ
803 513 931 561 paullo
952 518 1055 558 ante,
1086 519 1123 549 et
1140 511 1381 564 ἐνδεχομένη
1403 512 1492 551 ἔπι-

51 565 190 616 με’λεια
212 567 278 604 Ill.
307 569 380 607 45.
403 567 531 605 XVII.
553 571 595 608 2.
635 576 749 618 atque
779 568 849 605 hoe
883 567 1075 618 Archytae
1107 570 1148 605 in
1179 567 1288 607 Stob.
1311 568 1434 606 Sei-m.
1460 569 1490 606 I.

53 634 89 670 p.
114 624 182 663 14.
211 625 347 670 καλῶς
369 620 662 676 ἀγωνιζόμενος
684 624 726 663 ἐκ
747 627 830 663 τῶν
859 622 1145 675 ἐνδεχομένων·
1185 627 1247 662 cui
1277 638 1355 663 non
1376 625 1493 662 dissi-

54 681 143 716 mile
157 692 271 729 supra
290 679 320 716 1.
337 681 407 720 54.
424 680 491 719 καὶ
508 676 666 727 πάντας
679 679 721 719 ἐκ
732 683 816 720 τῶν
833 678 1107 731 ἐνδεχομένων
1123 677 1335 735 εὐηργέτει.
1358 682 1494 719 ῑνΕεε.

168 748 271 788 139.
305 750 377 789 88.
414 748 698 801 Παρεμβολῆς
717 747 888 787 καὶτῶν
919 745 1194 795 ἀποστατῶν]
1236 748 1282 786 Si
1308 763 1385 787 una
1404 762 1492 787 eum

52 804 192 840 eastris
222 803 335 841 etiam
365 804 577 842 defectores
606 807 647 842 in
678 811 904 853 potestatem
937 805 1106 854 accepit,
1133 818 1201 842 cur
1227 805 1275 843 ad
1308 813 1493 844 montana

53 860 141 896 illos
167 871 287 908 usque
307 859 543 898 insectatur?
572 860 638 899 καὶ
660 863 786 910 itaque
809 861 1095 900 removendum.
1127 860 1264 901 Ruor).
1312 862 1491 916 Παρεμ-

51 916 181 967 βολῆς
201 917 284 955 τῶν
304 913 578 968 ἀποστατῶν]
606 916 757 954 Sustuli
778 917 866 953 hine
884 918 1052 965 ineptam
1073 920 1259 967 copulam,
1288 930 1400 967 quam
1420 932 1493 956 nee

55 971 249 1009 Gemistus
268 971 394 1019 habet,
416 986 486 1011 nec
504 974 605 1010 ferre
625 975 749 1010 oratio
771 979 908 1023 potest.
936 974 1060 1023 Atque
1080 973 1151 1010 hoc
1172 975 1268 1011 bene
1291 974 1492 1023 Rhodom.‚

54 1028 150 1065 illud
173 1040 314 1076 prave,
341 1029 441 1078 quod
458 1027 576 1081 μέχρι
597 1031 680 1068 τῶν
704 1027 812 1080 ὅρων
840 1031 914 1080 τῆς
934 1030 1209 1079 Βαβυλωνίας
1239 1033 1293 1068 ad
1316 1030 1491 1081 Babylo-

53 1086 146 1121 m'ae
164 1096 284 1134 nsque
304 1092 452 1123 montes
472 1088 652 1123 verterit:
683 1086 865 1122 debuerat
884 1098 1007 1135 usque
1027 1088 1082 1123 ad
1098 1085 1346 1136 Babyloniae
1366 1090 1489 1136 fines,

52 1147 96 1176 ut
116 1143 274 1188 quisque
302 1141 410 1178 videt
429 1148 467 1177 et
497 1154 558 1177 res
580 1142 662 1189 ipsa
694 1142 877 1180 ostendit.
918 1140 1052 1180 Castra
1080 1149 1190 1179 erant
1214 1145 1254 1180 in
1283 1147 1491 1193 montanis,

53 1197 188 1244 quibus
211 1199 426 1245 occupatis,
453 1198 645 1247 fugientes
677 1201 716 1234 in
748 1199 906 1234 ultimos
925 1210 1044 1246 usque
1074 1199 1170 1235 fines
1191 1201 1388 1236 insecutus
1419 1208 1489 1239 est.

51 1252 193 1289 Verum
213 1265 257 1289 eo
275 1265 404 1289 sumus
424 1254 582 1304 ingenio
604 1253 778 1290 homines
791 1281 802 1301 ‚
829 1261 872 1291 ut
891 1253 992 1291 haud
1012 1267 1101 1291 raro
1122 1255 1169 1292 ad
1193 1268 1258 1303 ea,
1290 1268 1386 1305 quae
1408 1270 1490 1294 om-

51 1311 154 1347 nium
175 1309 385 1356 facillima,
408 1309 655 1346 offendamus.
682 1310 817 1347 VVESS.

165 1377 266 1417 139.
300 1377 375 1417 98.
422 1378 522 1423 Τοῖς
539 1371 786 1428 ἀπηλπικόσι
815 1374 867 1416 τὰ
895 1372 1142 1430 πράγματα]
1174 1377 1339 1416 Dixerat
1366 1376 1492 1420 ἄπελ-

52 1430 244 1479 πῖσαντες
263 1431 352 1486 περὶ
373 1434 447 1478 τῖ’-’ς
466 1432 589 1484 νίκης.
621 1433 699 1470 Sed
720 1433 791 1470 hoe
809 1434 1050 1482 frequentius
1063 1462 1074 1481 ‚
1104 1441 1147 1471 ut
1165 1436 1263 1484 apud
1283 1435 1420 1486 Polyb.
1440 1437 1488 1477 Π.

57 1488 212 1528 54.1V.
244 1490 316 1529 69.
348 1494 386 1525 et
414 1490 518 1528 infra
545 1488 657 1526 XIX.
691 1491 765 1531 36.
788 1490 886 1538 49.,
928 1492 1147 1541 neglectum
1175 1499 1304 1529 autem
1338 1492 1491 1531 Latinis

53 1545 195 1583 addidi.
235 1544 371 1584 Wssss.

168 1601 269 1640 139.
300 1601 338 1640 5.
381 1599 747 1653 Ηῒετακληθὲντων
767 1594 839 1641 οἶν
869 1595 988 1641 πάλιν
1019 1596 1242 1655 ἁπάντων]
1280 1603 1493 1643 Frustran-

52 1663 116 1694 tur
135 1671 306 1707 operam,
334 1658 399 1706 qui
419 1664 585 1695 mutant:
617 1671 727 1695 suum
747 1660 852 1696 enim
870 1661 1048 1710 agnoscit
1067 1658 1261 1697 Diodorus
1280 1661 1390 1699 XVI.
1419 1665 1489 1703 10.

50 1713 148 1751 XX.
177 1713 253 1753 44.
300 1713 433 1750 Wssss.

172 1770 274 1810 139.
308 1770 377 1809 13.
426 1766 546 1823 Πρὸς
567 1767 641 1821 τὴν
663 1768 901 1822 ἐλευθερίαν
921 1767 1109 1821 ἀσμένως
1133 1766 1490 1825 ὑπακουσάντων]

53 1825 105 1863 Et
123 1824 214 1863 haec
236 1827 334 1863 male
352 1825 477 1863 divisa
497 1827 730 1875 temporibus
751 1840 820 1863 nee
842 1828 985 1864 similia
1004 1840 1108 1864 vero.
1145 1829 1291 1878 Vulgus
1311 1833 1492 1881 sequitur

44 1882 284 1929 fortunam,
314 1889 360 1919 ut
386 1895 559 1933 semper,
599 1890 640 1919 et
667 1884 752 1920 odit
781 1885 1010 1926 ιῖιιιιιηαῐοε,
1047 1892 1188 1933 quanto
1217 1887 1340 1936 magis
1374 1890 1490 1924 tertio

54 1940 198 1987 praelio
217 1941 391 1984 atti-itm,
420 1946 458 1974 et
476 1937 742 1986 proculcat052
785 1939 883 1976 Nam
902 1942 1086 1989 praemia,
1119 1953 1215 1988 quae
1245 1944 1492 1979 ostentaban-

54 2001 141 2042 tur,
170 2008 214 2032 ea
233 1995 402 2042 profecto
424 1997 608 2043 ampliora
627 2009 648 2031 a
669 1998 817 2032 victore
839 2009 928 2047 rege
957 1998 1102 2044 sperari
1122 2004 1322 2045 poterant3
1360 2012 1407 2034 ne
1430 1999 1491 2034 di-

55 2064 138 2088 cam
157 2051 202 2087 de
224 2052 417 2099 periculo,
441 2053 503 2088 cui
525 2064 564 2088 se
587 2052 793 2088 manifesto
816 2052 1070 2098 obiiciebant‚
1099 2055 1212 2089 aliter
1241 2055 1274 2090 si
1294 2067 1355 2090 res
1378 2055 1491 2092 cade-

54 2114 125 2144 ret.
165 2105 361 2144 Sedrhaec
390 2108 653 2155 extrinsecus,
689 2120 768 2145 non
797 2116 925 2145 tamen
954 2109 1225 2158 intempestive
1253 2110 1389 2148 videor
1417 2111 1491 2149 hoe

52 2164 136 2200 loco
157 2165 363 2200 monuisse.
394 2162 532 2202 W'Ess.

167 2230 268 2269 139.
298 2231 368 2269 19.
401 2231 500 2276 Τοῖς
518 2226 791 2284 στρατιώταις
809 2229 1053 2283 διαδοῦναι]
1086 2232 1221 2269 Visum
1241 2231 1314 2270 hoc
1334 2240 1392 2271 est
1411 2236 1492 2286 sig-

54 2284 276 2338 nificantius
306 2293 344 2322 et
366 2286 575 2324 liberalius.
624 2288 691 2325 Sic
714 2288 841 2335 Osiris
861 2288 906 2324 de
939 2302 979 2324 se
999 2288 1026 2324 Ι.
1047 2290 1120 2327 27.
1153 2287 1322 2336 διαδοὺς
1351 2293 1491 2339 πᾶσιν,

56 2339 112 2379 ὡν
132 2338 206 2392 ἐγώ
228 2338 435 2393 εὐεργέτης
458 2339 664 2395 ἐγενόμην·
696 2344 835 2382 Athen.
859 2344 920 2381 lV.
949 2346 986 2384 1.
1014 2349 1100 2390 τοῖς
1121 2341 1293 2384 κατόπιν
1313 2346 1491 2387 διεδίδου

55 2396 206 2435 παισίν.
252 2395 320 2434 Sic
340 2399 443 2434 enim
461 2406 564 2436 recte
588 2402 762 2437 restituit
790 2402 850 2437 vir
868 2413 1040 2451 magnus.
1077 2400 1212 2438 W'Ess.

174 2464 274 2502 140.
297 2465 370 2503 34.
386 2462 754 2513 Ἀποκλεισθ·εἰ’τας
777 2469 851 2518 τῆς
873 2489 920 2494 --
942 2463 1166 2520 ε’πανόδον]
1193 2468 1259 2505 Sic
1279 2470 1359 2506 fere
1379 2468 1491 2507 XIII.

61 2520 130 2559 50.
148 2518 242 2555 XX.
257 2521 328 2559 62.
344 2527 474 2569 estque
495 2521 689 2560 historicis
699 2526 909 2572 ceterisque
928 2523 1293 2572 frequentissimum.
1321 2526 1488 2565 Pausan.

57 2574 127 2612 IX.
146 2578 181 2615 l.
202 2588 236 2624 p.
250 2576 350 2614 713.
381 2575 420 2622 ἒς
441 2574 538 2623 τοὺς
557 2577 706 2631 ἀγροὺς
731 2577 1081 2629 ἀποκεκλεισμένοι
1103 2583 1186 2618 τῶν
1207 2583 1347 2619 πνλῶν
1368 2575 1489 2632 ἦσαν.

56 2631 190 2667 Liban.
208 2630 367 2670 Basilio.
393 2630 439 2669 T.
461 2633 509 2671 ll.
532 2647 567 2682 p.
593 2636 694 2675 147.
716 2635 756 2673 C.
778 2637 852 2686 τῆς
871 2639 1009 2687 κοινῆς
1035 2636 1241 2687 σωτηρίας
1260 2635 1491 2676 ἀποκεκλεί-

57 2700 181 2725 σεται.
194 2687 330 2736 Polyb.
340 2687 424 2725 XV.
441 2691 478 2728 l.
499 2686 634 2741 πάσης
646 2690 751 2738 εἰκὸς
766 2687 875 2741 ὑμᾶς
891 2690 1052 2737 ἐλπίδος
1063 2689 1424 2742 ἀποκλεισθῇσεσθ
1433 2709 1489 2732 αι.

57 2741 167 2782 Conf.
200 2741 328 2781 Celeb.
355 2742 401 2781 Τ.
422 2743 639 2785 Hemsterh.
668 2748 717 2786 ad
738 2748 894 2786 Lucian.
917 2747 998 2786 lud.
1018 2749 1148 2787 Vocal.
1170 2762 1202 2786 c.
1225 2750 1267 2789 9.
1296 2749 1436 2787 Wizss.
