1828 3253
303 82 399 123 620
761 78 1285 121 ANNOTATIONES

299 193 534 232 Fidenatem
553 193 623 229 alii
641 205 772 231 omnes
793 195 990 242 vocitant3
1017 200 1056 231 et
1082 197 1191 232 venit
1210 208 1233 233 a
1257 192 1418 248 Φιδήνη
1439 199 1586 246 gentile
1610 198 1718 253 Φιὸη
1721 224 1742 232 -

297 246 426 303 νάπης
442 251 557 286 etiam
583 250 683 298 apud
703 248 960 299 Stephanum·
990 250 1085 287 illud
1106 253 1231 301 itaque
1250 255 1493 300 praestiterit.
1523 255 1658 295 YVEss.

414 318 518 356 529.
550 317 621 355 74.
642 313 893 368 ‘'0117an
913 314 1016 368 πρὸς
1036 316 1401 369 ΛακεδἭαιμονιοις
1421 327 1492 358 etc.
1505 319 1522 371 ]
1558 320 1652 358 Rem
1676 322 1743 360 ha-

298 374 363 411 bet
394 372 642 422 Thucydides
671 372 713 410 L.
736 373 780 410 V.
817 375 880 419 1.,
906 374 972 410 sed
993 376 1074 411 eius
1097 387 1266 411 caussam
1289 375 1489 423 adferens,
1510 378 1610 426 quod
1639 377 1744 415 Delii

297 430 436 477 polluti
455 436 585 465 essent
606 436 644 465 et
663 442 792 466 sacrae
814 430 964 467 insulae
986 432 1227 478 possessione
1255 431 1420 483 indigni.
1462 432 1632 482 Utraque
1652 447 1744 472 vera

295 487 460 523 fortasse
487 486 574 522 suit.
607 484 747 523 WESS.

414 553 517 592 529.
553 553 626 592 78.
658 547 977 605 Ἀτραμύτιον]
1018 552 1062 590 In
1081 552 1253 591 Addend.
1298 551 1615 608 Ἀδραμῦττιον
1637 556 1743 594 Rho-

297 609 524 654 domannus,
542 609 720 645 cuifavet
741 608 1018 656 liberCoislin.‚
1038 610 1104 646 sed
1125 611 1285 660 digitum
1306 624 1384 647 non
1396 615 1590 661 verterim,
1614 621 1743 650 utrum

294 666 444 715 probes.
473 664 503 700 V
507 665 589 700 aria
610 666 712 701 enim
732 667 900 701 nominis
921 667 1012 702 olim
1033 666 1108 703 fuit
1129 669 1338 716 scriptura,
1362 668 1462 715 quod
1485 676 1635 717 praeter
1655 669 1743 706 Ste-

294 721 408 769 phan.
425 723 581 769 eiusque
604 722 832 768 interpretes
855 722 1106 760 ostenderunt
1124 724 1200 760 viri
1219 722 1323 760 docti
1336 724 1384 760 ad
1404 723 1621 776 Thucydid.
1641 726 1686 764 V.
1706 727 1743 766 l.

294 778 397 817 Vlll.
429 779 529 816 108.
560 775 609 812 vW
614 787 694 813 Ess.

407 834 510 872 529
532 834 603 872 80.
630 828 882 878 Ρῖςτουςέπὶ
899 828 1061 888 Θρᾴκην
1048 833 1082 883 ν]
1104 832 1214 871 Conf.
1226 832 1340 871 huius
1353 833 1584 875 L.X[1,42.
1606 836 1740 874 WVESS.

407 901 510 939 529.
541 901 614 939 96.
642 896 755 938 ’Ano
782 902 856 951 τῆς
879 896 1164 953 Ξνίμφιηὸλεως
1195 900 1377 947 σταδίοις
1407 897 1463 948 ὡς
1490 899 1741 955 τριάκοντα]

294 956 473 993 Distabat
494 956 627 993 stadiis
650 956 696 991 ab
727 956 820 992 urbe
856 970 899 993 ea
920 967 1024 1003 xxv,
1063 955 1292 1006 Thucydide
1315 958 1355 994 L.
1380 957 1441 994 lv.
1472 960 1572 998 102.
1602 959 1741 996 indice.

290 1011 410 1050 Recte
432 1015 541 1061 proin
568 1009 705 1050 'Hfdw
734 1007 758 1063 ἦ
782 1009 885 1067 πρὸς
909 1009 1168 1066 Ἀμφιπόλει
1189 1011 1440 1051 Demostheni
1461 1014 1569 1054 Orat.
1592 1017 1632 1052 in
1653 1015 1741 1053 Ari-

294 1076 408 1107 stocr.
439 1083 475 1118 p.
496 1069 603 1108 435.
633 1068 767 1106 VVESS.

407 1127 510 1165 530.
542 1126 581 1167 6.
622 1122 817 1170 Πολλοὺς
847 1125 931 1163 τῶν
964 1119 1187 1176 ἀξιολόγων
1207 1121 1372 1177 ἀνδρῶν
1393 1127 1493 1176 etc.]
1529 1126 1635 1163 Haec
1660 1140 1740 1165 non

290 1194 410 1230 usque
431 1194 578 1233 quaque
600 1183 838 1217 conveniunt
856 1179 1119 1231 Thucydideis
1140 1180 1182 1218 L.
1205 1180 1252 1220 V.
1279 1183 1348 1221 ll.
1370 1194 1466 1231 quae
1486 1183 1586 1220 vide.
1605 1183 1739 1221 wass.

405 1250 510 1289 530.
547 1251 563 1288 1
580 1250 616 1287 l.
648 1246 839 1293 Κλέωνος
858 1246 899 1285 ἐν
918 1249 967 1299 τῇ
987 1243 1101 1298 μάχῃ
1121 1243 1342 1295 πεσόντος]
1374 1249 1539 1286 Periisse
1559 1248 1740 1288 Cleonem

289 1304 363 1342 hoe
385 1319 487 1342 anno
507 1318 635 1341 rerum
656 1307 775 1341 series
793 1303 892 1351 apud
916 1302 1183 1352 Thucydidem
1204 1311 1242 1340 et
1263 1304 1393 1345 Sehol.
1418 1305 1487 1342 Ms.
1508 1308 1548 1342 in
1559 1305 1738 1344 Aeschin.

287 1361 377 1414 περὶ
401 1362 600 1413 Παραπρ.
623 1360 820 1397 declarant
842 1360 1104 1408 liquidissime.
1145 1359 1291 1396 Tamen
1316 1361 1566 1398 Grammatici
1589 1369 1737 1400 veteres

289 1418 554 1454 dissenserunt
584 1415 841 1453 vehementer.
896 1416 1068 1463 Namque
1106 1415 1236 1452 Schol.
1282 1416 1442 1454 Luciani
1477 1416 1576 1454 Tim.
1608 1432 1640 1455 c.
1663 1420 1736 1459 30.

287 1470 473 1513 ἐτελεύτα
494 1471 678 1525 (Κλέων)
700 1471 882 1522 νικηθεὶς
901 1467 980 1509 ὑπὸ
995 1471 1208 1521 Βρασίδου
1229 1471 1291 1510 ἐπὶ
1311 1469 1509 1523 ἄρχοντος
1524 1472 1738 1524 Ἀμεινίου.

287 1530 346 1567 Ad
366 1529 560 1576 Aristoph.
592 1542 683 1565 vero
715 1528 814 1564 Nub.
848 1542 885 1565 v.
915 1529 1018 1566 549.
1044 1529 1146 1567 552.
1182 1526 1318 1566 Critici
1347 1528 1539 1566 Archonte
1567 1529 1734 1568 [sm-cllo

287 1587 472 1624 cecidisse
496 1580 725 1622 adseverant
745 1586 792 1621 ob
813 1584 1014 1633 Eupolidis
1038 1583 1234 1629 Maricam,
1262 1586 1301 1621 in
1325 1596 1422 1633 qua,
1451 1587 1519 1622 illo
1540 1585 1734 1624 Archonte

287 1643 411 1690 edita,
441 1646 551 1691 poeta
575 1650 722 1680 mortuo
744 1640 879 1678 Cleoni
902 1642 1108 1677 insultarit.
1143 1640 1193 1676 At
1215 1640 1274 1676 his
1297 1648 1400 1677 recte
1424 1641 1563 1678 ibidem
1582 1643 1735 1682 obviam

285 1703 394 1738 venit
425 1698 663 1744 Androtion,
712 1696 905 1733 Arehonte
934 1696 1083 1733 Alcaeo
1123 1710 1272 1732 caesum
1302 1695 1479 1736 Cleonem
1511 1711 1735 1738 memorans.

284 1755 417 1806 Neque
437 1755 587 1800 docuit,
618 1754 718 1801 quod
740 1755 799 1790 illi
829 1754 902 1789 sibi
922 1753 1223 1801 persuadebant,
1253 1752 1413 1803 Eupolis
1443 1753 1644 1806 Μαρικᾶν
1664 1757 1733 1793 sub

285 1811 452 1851 Isarclei
479 1817 679 1859 praetura,
709 1810 776 1846 sed
806 1811 927 1846 serius
949 1816 987 1845 et
1010 1815 1095 1857 post
1119 1811 1258 1857 primas
1289 1810 1441 1858 quidem
1466 1809 1734 1857 Aristophanis

283 1867 499 1921 Νεφέλας,
526 1873 568 1904 ut
587 1866 682 1902 bene
704 1865 980 1903 Eratosthenes
999 1873 1036 1901 et
1055 1863 1325 1906 Callimachus.
1356 1866 1451 1903 Vide
1468 1864 1518 1902 H.
1540 1864 1734 1905 Dodwelli

283 1924 422 1962 Annal.
446 1922 665 1972 Thucydid.
698 1935 732 1970 p.
759 1924 861 1962 161.
888 1921 1026 1958 1171353.

401 1981 504 2020 530.
551 1981 623 2019 18.
670 1973 740 2016 ‘H
761 1974 900 2029 μήτηρ
931 1979 1005 2016 τοῦ
1038 1975 1279 2029 Βρασίδου]
1336 1976 1585 2026 Ανὲἰῖοοηὶε,
1622 1980 1731 2016 culus

285 2040 483 2088 egregium
512 2042 549 2071 et
571 2033 733 2082 Spartae
761 2035 963 2071 honestum
989 2033 1061 2069 hoc
1090 2033 1232 2070 dictum
1251 2045 1330 2069 non
1360 2037 1557 2082 praeteriit
1576 2034 1731 2073 Plutar»

286 2095 379 2133 chus
400 2096 440 2131 in
461 2092 600 2131 Lacon.
624 2090 899 2141 Apophthegm.
929 2103 964 2139 p.
986 2090 1092 2129 219.
1117 2088 1164 2125 D.
1191 2089 1323 2126 XVESS.

399 2161 503 2200 530.
533 2160 606 2198 31.
649 2155 735 2204 Τὰς
767 2156 809 2197 δὲ
833 2152 969 2203 πόλεις
999 2153 1289 2207 ἀπολυθῆναι]
1326 2155 1506 2193 Foederis
1527 2159 1731 2197 formulam

284 2223 369 2266 pete
398 2229 445 2252 ex
467 2214 696 2264 Thucydide
726 2214 768 2250 L.
799 2214 842 2250 V.
870 2215 938 2254 13.
988 2213 1071 2263 Ego
1092 2226 1182 2250 vero
1211 2212 1473 2250 vehementem
1505 2216 1545 2250 in
1575 2215 1729 2252 modum

285 2273 416 2311 dubito
439 2272 483 2307 de
505 2284 597 2310 vera
616 2272 690 2307 loci
712 2270 824 2307 huius
843 2273 1044 2319 scriptura,
1074 2276 1302 2318 autumoque
1322 2270 1442 2305 fuisse
1463 2271 1555 2307 olim
1573 2271 1729 2310 AHO·

282 2327 596 2373 AOOHNAI,
625 2326 726 2374 quod
756 2328 991 2376 negligentia
1021 2328 1310 2363 amanuensium
1345 2326 1482 2362 abierit
1508 2327 1549 2362 in
1573 2327 1728 2366 ΑΠΟ-

282 2383 597 2429 ,ΛΥΘΙ-ΙΝΑΙ,
622 2388 803 2430 tantoque
825 2383 999 2429 facilius,
1027 2383 1204 2429 quoniam
1233 2380 1344 2417 modo
1367 2381 1406 2418 id
1424 2382 1550 2419 fuerat
1569 2395 1729 2432 usurpa-

283 2447 379 2480 tum.
411 2440 576 2477 Verbum
596 2437 666 2475 hac
686 2439 727 2475 in
746 2452 785 2475 re
807 2440 940 2476 tritum
962 2444 1020 2474 est
1039 2436 1261 2487 Thucydidi
1283 2439 1323 2474 in
1343 2437 1626 2475 conditionibus
1645 2440 1728 2475 foe-

284 2497 386 2535 deris
421 2496 532 2533 huius
562 2494 850 2543 describendis,
884 2507 956 2532 nec
986 2496 1132 2544 spernit
1160 2493 1325 2543 Noster,
1357 2495 1473 2530 sicuti
1509 2494 1618 2532 brevi
1643 2502 1728 2545 post

285 2553 450 2594 videbis.
482 2551 619 2588 WEss.

399 2609 503 2649 530.
538 2607 610 2646 33.
640 2603 741 2657 ’Έτη
764 2603 893 2659 δέκα]
923 2603 1248 2645 Αὐτοόεκαετῶν
1271 2600 1521 2644 διελθόντων
1542 2604 1608 2643 καὶ
1627 2600 1727 2656 ἦμε-

284 2667 368 2714 ρῶν
398 2662 545 2717 ὀλίγων
577 2664 911 2714 παρενεγκουσῶν
932 2661 1181 2712 Thucydides
1204 2660 1249 2697 V.
1273 2664 1371 2709 20.,
1403 2664 1464 2698 cui
1484 2661 1648 2712 adiunge
1674 2660 1725 2698 H.

284 2721 473 2759 Dodwell.
497 2720 636 2758 Annal.
662 2717 881 2768 Thucydid.
904 2730 940 2767 p.
968 2719 1069 2758 164.
1097 2718 1233 2754 VVESS.
