1828 3253
467 182 530 220 ΙΝ
561 180 675 220 LIB.
703 180 833 222 xlv,
863 148 990 222 CAll.
1013 181 1242 222 clm—47.
1500 186 1588 224 757

241 296 346 336 679.
367 296 440 335 60.
481 292 763 346 Προέβησαν]
792 292 976 346 Προσὲβ.
995 292 1062 331 Co.
1086 291 1141 330 Cl.
1166 300 1324 344 uterque
1344 293 1438 345 Reg.
1467 298 1575 333 malc.

127 351 208 391 vid.
240 364 343 399 supr.
369 350 410 387 L.
435 350 498 388 lv.
521 352 592 390 71.
633 350 770 389 VVESS.

239 408 344 448 679.
367 408 439 447 62.
473 406 545 452 Εἰς
567 403 664 452 τοὺς
691 401 1001 456 ὑποπεσόντας]
1032 403 1231 455 Supplices
1252 408 1444 458 intelligit.
1473 407 1570 444 Vide

124 469 206 499 not.
226 464 268 499 in
291 463 332 499 Ι..
353 461 462 499 Xlll.
483 464 557 502 21.
599 462 732 499 Wuss.

237 520 342 559 679.
363 519 436 558 74.
471 517 543 564 Εἷς
560 520 708 557 τοῦτον
728 513 801 555 τὸν
823 513 1008 555 ἐνιαυτὸν
1027 515 1248 569 >caram-(urs
1258 517 1313 567 εν]
1344 518 1445 554 idem
1472 532 1564 556 con-

123 573 188 610 fici
209 580 334 624 potest
355 581 392 611 et
411 586 459 610 ex
480 576 540 619 iis,
561 585 656 621 quae
677 572 777 610 Plut.
797 574 835 608 in
850 573 984 610 Artox.
1010 585 1045 619 p.
1066 575 1198 612 1021.
1212 573 1267 619 R,
1289 581 1326 610 et
1345 587 1440 624 quae
1459 574 1561 612 Pho..

122 632 196 667 tius
216 636 484 667 conmentatur
502 629 686 666 Biblioth.
713 628 804 665 Cod.
828 626 990 664 Lxxn.
1015 641 1049 676 p.
1079 630 1176 668 133.
1204 629 1335 666 Wuss.

237 686 342 726 679.
377 687 450 726 76.
496 681 717 731 Φιλόξενος
747 680 987 736 Κυθήριος]
1019 684 1087 720 Sic
1108 687 1252 723 melius.
1283 681 1467 736 Κύθηρα
1492 687 1559 723 (lat

119 743 265 793 gentile
296 737 538 793 Κυθήριον,
568 753 646 777 non
676 737 926 792 Κυθήρειον.
976 739 1078 776 Ηίιιο
1101 736 1320 787 Φιλόξενος
1341 738 1557 793 Κυθήριος

119 798 220 848 apud
250 795 485 834 Athenaeum
515 795 558 834 L.
585 796 689 835 Vlll.
719 810 755 847 p.
781 798 887 836 341.
928 795 987 833 De
1015 808 1089 845 quo
1119 809 1252 834 scurra
1277 804 1314 834 et
1334 799 1555 848 ligurritore

119 855 229 903 plura
251 852 293 890 L.
314 852 401 890 XV.
423 855 466 893 6.
497 852 631 890 Wssss.

232 910 337 950 679.
369 910 441 949 77.
485 904 696 959 Τιμόθεος
728 903 964 960 ΖΠιλήσιος]
1003 907 1130 945 Scribi
1150 909 1200 944 ita
1220 916 1395 957 oportere
1418 923 1553 946 monu-

116 972 229 1002 erunt
247 967 324 1003 viri
345 966 548 1003 clarissimi
568 964 619 1001 lo.
640 963 830 1001 Meursius
853 964 898 1000 de
923 963 1107 1002 Archont.
1131 963 1172 1001 L.
1194 963 1259 1001 Ill.
1274 967 1357 1006 16..
1388 966 1550 1005 Gerard,

116 1021 171 1059 Io.
196 1022 354 1059 Vossius
377 1021 424 1057 de
443 1021 548 1059 Poet.
570 1020 704 1059 Graec.
729 1034 762 1070 p.
783 1021 858 1060 46.
887 1027 925 1056 et
954 1019 1025 1056 lac.
1047 1019 1224 1067 Uptonus
1254 1022 1299 1058 ad
1322 1021 1553 1071 Dionysium

115 1078 162 1114 de
181 1076 326 1114 Struct.
347 1077 453 1114 Orat.
475 1090 510 1129 p.
534 1078 635 1116 157.
662 1078 815 1125 aliique.
863 1074 939 1112 Res
966 1078 1176 1113 certissima
1203 1085 1261 1114 est
1287 1090 1334 1113 ex
1355 1076 1550 1126 Stephano

113 1146 197 1171 voc.
218 1132 433 1186 Μίλητος,
462 1140 500 1170 et
519 1133 640 1170 nobili
657 1134 697 1170 in
719 1131 820 1169 hunc
839 1131 1097 1169 citharoedum
1119 1131 1390 1181 Spartanorum
1416 1133 1550 1170 decre-

114 1196 165 1227 to.
191 1189 318 1226 Eccur
336 1201 429 1240 ergo
449 1195 599 1238 paterer
619 1190 875 1238 turpissimam
895 1188 1069 1225 mendam
1089 1188 1318 1238 propagari?
1351 1189 1490 1226 wass.

227 1245 329 1283 Ibid.
375 1243 578 1296 Τελέστης
610 1240 917 1293 Σελινούντιος]
961 1242 1221 1281 Selinuntium
1245 1245 1344 1281 hunc
1368 1244 1550 1282 'l‘elesten

111 1299 280 1338 Marmor
297 1300 518 1338 Oxoniense
543 1299 738 1338 Archonte
758 1299 916 1336 Athenis
940 1298 1107 1336 Micione
1136 1300 1310 1337 floruisse
1341 1302 1547 1351 significat,

111 1370 135 1394 a
156 1355 320 1394 Diodori
339 1356 555 1393 rationibus
573 1354 670 1392 nihil
688 1355 893 1392 admodum
914 1356 1145 1404 discrepans,
1189 1356 1329 1393 Suidas
1351 1349 1548 1394 Comicum

110 1417 264 1462 poetam
289 1413 406 1459 facit,
437 1412 540 1463 quod
571 1411 616 1449 ab
651 1411 790 1449 Athen.
810 1410 859 1448 L.
889 1410 996 1447 XIV.
1024 1414 1064 1450 2.
1092 1413 1242 1448 fabulae
1273 1415 1354 1449 eius
1373 1413 1477 1462 Argo
1506 1420 1546 1449 et

110 1469 360 1517 Aesculapius
388 1474 669 1506 memorentur:
710 1479 804 1516 quae
828 1466 943 1513 mihi,
972 1474 1015 1503 ut
1033 1468 1132 1505 alius
1159 1475 1378 1513 censeatur,
1414 1472 1547 1519 gravis

109 1538 190 1562 non
210 1524 364 1562 videtur
386 1534 541 1570 caussa3
576 1536 711 1560 versus
733 1526 859 1569 enim,
886 1525 949 1571 qui
970 1523 1216 1570 adferuntur,
1244 1523 1340 1560 nihil
1360 1527 1546 1561 comicum

108 1576 342 1631 praeferunt,
370 1579 517 1631 turgidi
537 1580 648 1627 plane
669 1588 707 1616 et
730 1579 993 1629 dithyrambos
1009 1581 1221 1627 spirantes:
1251 1593 1322 1616 nec
1340 1580 1546 1630 distinguit

109 1636 343 1683 Athenaeus,
360 1636 520 1673 eundem
542 1641 629 1684 post
649 1648 767 1685 pauca
783 1637 922 1672 iterum
944 1637 1154 1684 iterumque
1175 1636 1222 1672 ad
1244 1643 1367 1683 partes
1388 1650 1545 1673 vocausu

107 1691 253 1730 Confer
283 1699 410 1729 tamen
442 1691 492 1729 lo.
524 1691 609 1728 Alb.
637 1690 856 1731 Fabricium
875 1690 1055 1728 Biblioth.
1076 1692 1143 1728 Gr.
1164 1691 1208 1731 L.
1232 1691 1280 1728 ll.
1307 1694 1376 1732 15.
1404 1694 1475 1732 59.
1506 1699 1544 1729 et

106 1749 298 1787 Prideaux
316 1747 363 1786 ad
386 1747 520 1785 Marm.
541 1747 670 1786 Oxon.
697 1759 733 1796 p.
756 1749 864 1786 226,
889 1747 1025 1785 VVnss,

220 1805 325 1845 679.
360 1806 432 1845 78.
475 1799 732 1853 Πολύειόος]
772 1803 981 1853 Neglectus
995 1809 1052 1839 est
1071 1804 1111 1840 in
1135 1806 1424 1841 accuratissimo
1446 1806 1543 1840 arti-

101 1860 219 1897 ¹ficum
239 1867 277 1897 et
293 1862 484 1910 pictorum
506 1859 633 1896 indice
652 1872 674 1896 a
693 1858 830 1896 Franc.
853 1858 974 1896 lunio.
1006 1858 1132 1896 Habet
1151 1859 1367 1910 Polyidum,
1396 1860 1541 1896 Maelii»

104 1919 302 1954 nationum
324 1919 568 1964 scriptorem,
594 1927 642 1951 ex
667 1915 845 1952 Vitruvio
864 1915 1040 1955 Prooem.
1064 1915 1104 1952 L.
1125 1915 1220 1961 Vll.⁷
1241 1928 1353 1964 quem
1378 1916 1542 1953 eundem

105 1986 188 2009 esse
207 1975 386 2021 opinatur
402 1986 446 2010 ac
469 1972 657 2022 Polydum
678 1972 785 2008 illum
809 1970 1058 2016 Thessalum,
1084 1974 1148 2021 qui
1172 1971 1362 2021 Philippo,
1394 1972 1542 2022 Amyn-

106 2035 165 2065 tae
186 2027 243 2075 F.‚
277 2027 511 2079 Byzantium
536 2030 788 2077 oppugnanti,
817 2029 947 2064 arietis
967 2025 1287 2064 machinationem
1308 2029 1480 2076 pluribus
1503 2034 1542 2064 et

103 2086 343 2122 facilioribus
360 2085 565 2136 generibus
586 2085 788 2132 explicarit
806 2083 904 2133 apud
926 2083 1087 2120 eundem
1104 2083 1321 2121 Vitruvium
1341 2083 1453 2120 L..X.
1471 2086 1540 2123 19.

107 2141 219 2186 Quod
238 2154 374 2179 verum
393 2153 497 2188 esse,
528 2141 763 2177 vetustiores
781 2139 887 2186 editi,
917 2139 1121 2188 Polyidum
1141 2145 1481 2189 repraesentantes,
1503 2146 1541 2176 et

99 2196 324 2234 ‘Athenaeus
345 2197 391 2234 ‹le
414 2195 580 2234 Machin.
601 2209 634 2245 p.
654 2196 711 2242 4.,
740 2195 841 2232 unde
861 2194 1055 2231 Romanus
1075 2194 1316 2233 Architectus
1340 2210 1384 2233 ea
1403 2208 1539 2232 excer-

46 2288 48 2290 ,
104 2256 196 2303 psit,
221 2252 435 2290 adfirmant.
478 2251 610 2289 Serior
641 2265 733 2301 ergo
758 2253 823 2288 ille
852 2251 1038 2300 Polyidus
1069 2258 1148 2298 est,
1183 2258 1294 2300 atque
1311 2252 1416 2289 aliud
1438 2254 1539 2289 vitae

105 2322 227 2361 genus
243 2310 452 2358 amplexus.
485 2307 648 2345 Diodori
670 2307 853 2357 Polyidus
876 2307 1050 2344 diversus
1071 2307 1234 2345 fortasse
1253 2321 1330 2344 non
1353 2314 1411 2344 est
1431 2321 1452 2344 a
1466 2307 1540 2343 Po-

105 2365 210 2416 lyide
232 2363 442 2418 Πολυΐδῃ,
469 2375 579 2413 quem
602 2365 757 2415 tragicis
776 2364 898 2413 poetis
917 2368 1103 2414 aggregat
1120 2362 1348 2401 Aristoteles
1365 2364 1411 2400 de
1432 2365 1540 2401 l'oet.

107 2435 139 2459 c.
162 2423 232 2462 16.
256 2427 294 2457 et
318 2422 388 2461 17.
419 2420 552 2457 Ψεεε.

220 2477 325 2517 679.
350 2478 420 2517 81.
456 2470 700 2526 Λυσιάὸης]
742 2473 809 2512 Sic
846 2479 884 2511 et
909 2475 1030 2511 ceteri
1056 2481 1211 2512 vocant.
1262 2474 1377 2512 Solus
1406 2473 1542 2523 Lysias

109 2533 177 2571 Or.
199 2528 300 2582 ὑπὲρ
320 2533 395 2571 τοῦ
417 2531 516 2583 Σηκ.
536 2545 564 2569 c.
594 2532 634 2571 3.
664 2526 909 2582 Σουνιάδην,
941 2531 1008 2567 sed
1028 2542 1140 2579 quem
1163 2530 1253 2567 hinc
1273 2529 1542 2581 corrigendum

111 2590 163 2627 lo.
185 2588 374 2626 Meursius
402 2588 448 2626 de
468 2587 653 2625 Archont.
674 2586 715 2623 L.
743 2586 808 2625 lll.
838 2588 907 2627 16.
941 2592 979 2622 et
1010 2586 1084 2625 lac.
1117 2587 1328 2624 Palmerius
1354 2586 1542 2623 condoce-

110 2646 295 2683 fecerunt.
319 2643 453 2681 WEss.
480 2643 669 2682 Vitiosam
681 2641 844 2680 Diodori
864 2644 1094 2690 scripturam
1113 2655 1195 2680 esse
1213 2649 1365 2680 constat
1382 2654 1428 2678 ex
1444 2654 1543 2677 mar-

112 2714 215 2739 more
255 2700 356 2749 apud
383 2699 620 2737 Boeckhium
646 2698 764 2736 inser.
799 2698 830 2739 1.
855 2711 892 2748 p.
918 2699 1050 2746 232,
1080 2699 1146 2735 ubi
1176 2705 1234 2736 est
1263 2692 1486 2748 Σονιάὸης,
1523 2711 1546 2732 a

114 2756 328 2795 Chandlero
348 2753 552 2808 Συνιάδης
571 2757 721 2792 lectu-m.

231 2814 336 2854 679-
368 2813 439 2853 82.
480 2807 668 2856 Πόπλιος
695 2805 887 2856 ΝΙάλλιος
903 2811 1000 2857 etc.]
1033 2808 1294 2848 Tribunorum
1318 2810 1473 2845 nomina
1500 2811 1556 2844 sic
