<?xml version="1.0" encoding="UTF-8"?>
<!DOCTYPE html PUBLIC "-//W3C//DTD XHTML 1.0 Transitional//EN"
    "http://www.w3.org/TR/xhtml1/DTD/xhtml1-transitional.dtd">
<html xmlns="http://www.w3.org/1999/xhtml" xml:lang="en" lang="en">
 <head>
  <title>
</title>
<meta http-equiv="Content-Type" content="text/html;charset=utf-8" />
  <meta name='ocr-system' content='tesseract 3.04.00' />
  <meta name='ocr-capabilities' content='ocr_page ocr_carea ocr_par ocr_line ocrx_word'/>
</head>
<body>
  <div class='ocr_page' id='page_1' title='image "./bibliothecahisto04dioduoft_0769.png"; bbox 0 0 1828 3253; ppageno 0'>
   <div class='ocr_carea' id='block_1_1' title="bbox 388 194 1508 242">
    <p class='ocr_par' dir='ltr' id='par_1_1' title="bbox 388 194 1508 242">
     <span class='ocr_line' id='line_1_1' title="bbox 388 194 1508 242; baseline 0.009 -9"><span class='ocrx_word' id='word_1_1' title='bbox 388 195 449 234; x_wconf 82' lang='lat' dir='ltr'>IN</span> <span class='ocrx_word' id='word_1_2' title='bbox 481 195 589 233; x_wconf 79' lang='lat' dir='ltr'><strong>LIB.</strong></span> <span class='ocrx_word' id='word_1_3' title='bbox 622 194 746 233; x_wconf 77' lang='lat' dir='ltr'>xlv,</span> <span class='ocrx_word' id='word_1_4' title='bbox 777 195 905 235; x_wconf 82' lang='lat' dir='ltr'><strong>CAP.</strong></span> <span class='ocrx_word' id='word_1_5' title='bbox 931 197 1000 238; x_wconf 84' lang='lat'>19.</span> <span class='ocrx_word' id='word_1_6' title='bbox 1025 199 1167 238; x_wconf 71' lang='lat'><strong>—21.</strong></span> <span class='ocrx_word' id='word_1_7' title='bbox 1417 202 1508 242; x_wconf 85' lang='lat'>733</span> 
     </span>
    </p>
   </div>
   <div class='ocr_carea' id='block_1_2' title="bbox 49 307 1508 2893">
    <p class='ocr_par' dir='ltr' id='par_1_2' title="bbox 60 307 1508 697">
     <span class='ocr_line' id='line_1_2' title="bbox 63 307 1508 363; baseline 0.004 -17"><span class='ocrx_word' id='word_1_8' title='bbox 63 311 262 360; x_wconf 75' lang='lat' dir='ltr'>angustias</span> <span class='ocrx_word' id='word_1_9' title='bbox 275 316 484 358; x_wconf 71' lang='lat' dir='ltr'>superatas,</span> <span class='ocrx_word' id='word_1_10' title='bbox 508 307 661 346; x_wconf 87' lang='lat' dir='ltr'>tandem</span> <span class='ocrx_word' id='word_1_11' title='bbox 677 310 716 346; x_wconf 89' lang='lat' dir='ltr'>in</span> <span class='ocrx_word' id='word_1_12' title='bbox 739 310 853 359; x_wconf 84' lang='lat' dir='ltr'>plana</span> <span class='ocrx_word' id='word_1_13' title='bbox 871 315 910 346; x_wconf 79' lang='lat' dir='ltr'>et</span> <span class='ocrx_word' id='word_1_14' title='bbox 929 311 1155 358; x_wconf 78' lang='lat' dir='ltr'>campestria</span> <span class='ocrx_word' id='word_1_15' title='bbox 1173 310 1389 351; x_wconf 82' lang='lat' dir='ltr'>descendit:</span> <span class='ocrx_word' id='word_1_16' title='bbox 1412 325 1508 363; x_wconf 87' lang='lat' dir='ltr'>quae</span> 
     </span>
     <span class='ocr_line' id='line_1_3' title="bbox 66 365 1508 418; baseline 0.004 -16"><span class='ocrx_word' id='word_1_17' title='bbox 66 366 299 414; x_wconf 86' lang='lat' dir='ltr'>praecedunt</span> <span class='ocrx_word' id='word_1_18' title='bbox 318 372 356 402; x_wconf 86' lang='lat' dir='ltr'>et</span> <span class='ocrx_word' id='word_1_19' title='bbox 370 378 465 414; x_wconf 87' lang='lat' dir='ltr'>quae</span> <span class='ocrx_word' id='word_1_20' title='bbox 484 372 709 415; x_wconf 83' lang='lat' dir='ltr'>sequuntur,</span> <span class='ocrx_word' id='word_1_21' title='bbox 734 365 921 402; x_wconf 90' lang='lat' dir='ltr'>inducunt</span> <span class='ocrx_word' id='word_1_22' title='bbox 938 379 1022 413; x_wconf 78' lang='lat' dir='ltr'>nos,</span> <span class='ocrx_word' id='word_1_23' title='bbox 1041 373 1084 404; x_wconf 88' lang='lat' dir='ltr'>ut</span> <span class='ocrx_word' id='word_1_24' title='bbox 1104 369 1157 404; x_wconf 84' lang='lat' dir='ltr'>ita</span> <span class='ocrx_word' id='word_1_25' title='bbox 1176 369 1357 418; x_wconf 85' lang='lat' dir='ltr'>legamus.</span> <span class='ocrx_word' id='word_1_26' title='bbox 1376 369 1508 409; x_wconf 76' lang='lat' dir='ltr'><strong>PALM.</strong></span> 
     </span>
     <span class='ocr_line' id='line_1_4' title="bbox 65 418 1506 471; baseline 0.005 -13"><span class='ocrx_word' id='word_1_27' title='bbox 65 421 141 458; x_wconf 74' lang='lat' dir='ltr'>vix</span> <span class='ocrx_word' id='word_1_28' title='bbox 160 421 358 469; x_wconf 80' lang='lat' dir='ltr'>cohibeor,</span> <span class='ocrx_word' id='word_1_29' title='bbox 389 425 481 471; x_wconf 88' lang='lat' dir='ltr'>quin</span> <span class='ocrx_word' id='word_1_30' title='bbox 503 419 558 467; x_wconf 72' lang='grc' dir='ltr'>εἷς</span> <span class='ocrx_word' id='word_1_31' title='bbox 577 436 614 460; x_wconf 83' lang='grc' dir='ltr'><em>τι</em></span> <span class='ocrx_word' id='word_1_32' title='bbox 633 421 772 460; x_wconf 77' lang='grc' dir='ltr'><em>πεδίον</em></span> <span class='ocrx_word' id='word_1_33' title='bbox 790 422 1017 459; x_wconf 82' lang='lat' dir='ltr'>rescribam:</span> <span class='ocrx_word' id='word_1_34' title='bbox 1044 429 1148 460; x_wconf 86' lang='lat' dir='ltr'>certa</span> <span class='ocrx_word' id='word_1_35' title='bbox 1165 427 1267 462; x_wconf 88' lang='lat' dir='ltr'>enim</span> <span class='ocrx_word' id='word_1_36' title='bbox 1285 439 1359 462; x_wconf 86' lang='lat' dir='ltr'>res.</span> <span class='ocrx_word' id='word_1_37' title='bbox 1404 418 1506 465; x_wconf 80' lang='lat' dir='ltr'>Audi</span> 
     </span>
     <span class='ocr_line' id='line_1_5' title="bbox 62 475 1506 534; baseline 0.004 -20"><span class='ocrx_word' id='word_1_38' title='bbox 62 477 359 527; x_wconf 82' lang='lat' dir='ltr'><strong>Xenophontem</strong></span> <span class='ocrx_word' id='word_1_39' title='bbox 374 475 514 527; x_wconf 75' lang='grc' dir='ltr'><strong>Ἀναβ.</strong></span> <span class='ocrx_word' id='word_1_40' title='bbox 537 476 580 514; x_wconf 99' lang='lat' dir='ltr'>L.</span> <span class='ocrx_word' id='word_1_41' title='bbox 603 477 630 515; x_wconf 91' lang='grc' dir='ltr'>Ι.</span> <span class='ocrx_word' id='word_1_42' title='bbox 652 489 687 525; x_wconf 88' lang='lat' dir='ltr'>p.</span> <span class='ocrx_word' id='word_1_43' title='bbox 712 479 812 518; x_wconf 85' lang='grc'><strong>195.</strong></span> <span class='ocrx_word' id='word_1_44' title='bbox 845 477 1034 520; x_wconf 74' lang='grc' dir='ltr'><em>ἐντεῦθεν</em></span> <span class='ocrx_word' id='word_1_45' title='bbox 1066 477 1133 525; x_wconf 73' lang='grc' dir='ltr'>δὲ,</span> <span class='ocrx_word' id='word_1_46' title='bbox 1164 485 1354 530; x_wconf 88' lang='lat' dir='ltr'>superatis</span> <span class='ocrx_word' id='word_1_47' title='bbox 1382 482 1506 534; x_wconf 83' lang='lat' dir='ltr'><strong>Pylis,</strong></span> 
     </span>
     <span class='ocr_line' id='line_1_6' title="bbox 60 531 1506 589; baseline 0.005 -17"><span class='ocrx_word' id='word_1_48' title='bbox 60 532 302 584; x_wconf 68' lang='grc' dir='ltr'><em>κατέβαινον</em></span> <span class='ocrx_word' id='word_1_49' title='bbox 324 534 380 580; x_wconf 71' lang='grc' dir='ltr'>εἷς</span> <span class='ocrx_word' id='word_1_50' title='bbox 401 533 538 573; x_wconf 82' lang='grc' dir='ltr'><em>πεὸίον</em></span> <span class='ocrx_word' id='word_1_51' title='bbox 557 531 659 585; x_wconf 71' lang='grc' dir='ltr'>μέγα</span> <span class='ocrx_word' id='word_1_52' title='bbox 682 534 748 572; x_wconf 82' lang='grc' dir='ltr'>καὶ</span> <span class='ocrx_word' id='word_1_53' title='bbox 768 532 984 586; x_wconf 70' lang='grc' dir='ltr'><em>ε’πίῤῥιτον</em></span> <span class='ocrx_word' id='word_1_54' title='bbox 1003 534 1069 573; x_wconf 85' lang='grc' dir='ltr'>καὶ</span> <span class='ocrx_word' id='word_1_55' title='bbox 1091 534 1270 589; x_wconf 68' lang='grc' dir='ltr'><em>ὸένὸρων</em></span> <span class='ocrx_word' id='word_1_56' title='bbox 1293 540 1506 578; x_wconf 77' lang='grc' dir='ltr'><em>παντοδα-</em></span> 
     </span>
     <span class='ocr_line' id='line_1_7' title="bbox 61 586 1506 643; baseline 0.003 -15"><span class='ocrx_word' id='word_1_57' title='bbox 61 593 149 630; x_wconf 81' lang='grc' dir='ltr'>πῶν</span> <span class='ocrx_word' id='word_1_58' title='bbox 179 588 363 640; x_wconf 72' lang='grc' dir='ltr'><em>ἔμπλεων</em></span> <span class='ocrx_word' id='word_1_59' title='bbox 389 589 458 628; x_wconf 84' lang='grc' dir='ltr'>καὶ</span> <span class='ocrx_word' id='word_1_60' title='bbox 481 586 674 640; x_wconf 77' lang='grc' dir='ltr'><em>ἀμπέλων</em></span> <span class='ocrx_word' id='word_1_61' title='bbox 694 597 765 628; x_wconf 82' lang='lat' dir='ltr'>etc.</span> <span class='ocrx_word' id='word_1_62' title='bbox 807 588 998 640; x_wconf 80' lang='lat' dir='ltr'>Relinque</span> <span class='ocrx_word' id='word_1_63' title='bbox 1025 598 1152 629; x_wconf 84' lang='lat' dir='ltr'>tamen</span> <span class='ocrx_word' id='word_1_64' title='bbox 1182 596 1363 632; x_wconf 88' lang='lat' dir='ltr'>vitiosum</span> <span class='ocrx_word' id='word_1_65' title='bbox 1395 596 1506 643; x_wconf 84' lang='lat' dir='ltr'>illud,</span> 
     </span>
     <span class='ocr_line' id='line_1_8' title="bbox 60 647 1505 697; baseline 0.003 -13"><span class='ocrx_word' id='word_1_66' title='bbox 60 648 102 684; x_wconf 91' lang='lat' dir='ltr'>in</span> <span class='ocrx_word' id='word_1_67' title='bbox 122 647 358 697; x_wconf 79' lang='lat' dir='ltr'>quodtanto</span> <span class='ocrx_word' id='word_1_68' title='bbox 388 659 577 685; x_wconf 87' lang='lat' dir='ltr'>consensu</span> <span class='ocrx_word' id='word_1_69' title='bbox 597 647 867 696; x_wconf 80' lang='lat' dir='ltr'>conspirarunt</span> <span class='ocrx_word' id='word_1_70' title='bbox 896 649 1058 696; x_wconf 76' lang='lat' dir='ltr'><strong>scriptae</strong></span> <span class='ocrx_word' id='word_1_71' title='bbox 1089 649 1342 687; x_wconf 84' lang='lat' dir='ltr'>membranae.</span> <span class='ocrx_word' id='word_1_72' title='bbox 1373 651 1505 690; x_wconf 64' lang='lat' dir='ltr'>wass.</span> 
     </span>
    </p>

    <p class='ocr_par' dir='ltr' id='par_1_3' title="bbox 56 698 1505 1021">
     <span class='ocr_line' id='line_1_9' title="bbox 175 698 1504 754; baseline 0.006 -16"><span class='ocrx_word' id='word_1_73' title='bbox 175 704 279 743; x_wconf 87' lang='grc'><strong>655.</strong></span> <span class='ocrx_word' id='word_1_74' title='bbox 304 705 375 744; x_wconf 83' lang='lat'>88.</span> <span class='ocrx_word' id='word_1_75' title='bbox 416 701 630 748; x_wconf 72' lang='grc' dir='ltr'><em>Συέννεσις</em></span> <span class='ocrx_word' id='word_1_76' title='bbox 661 702 705 741; x_wconf 70' lang='grc' dir='ltr'>δὲ</span> <span class='ocrx_word' id='word_1_77' title='bbox 729 698 748 742; x_wconf 80' lang='grc' dir='ltr'>ὁ</span> <span class='ocrx_word' id='word_1_78' title='bbox 774 706 847 754; x_wconf 69' lang='grc' dir='ltr'>τῆς</span> <span class='ocrx_word' id='word_1_79' title='bbox 869 699 1061 749; x_wconf 72' lang='grc' dir='ltr'><em>Κιλικίας</em></span> <span class='ocrx_word' id='word_1_80' title='bbox 1081 702 1370 754; x_wconf 72' lang='grc' dir='ltr'><em>δυναστεύων]</em></span> <span class='ocrx_word' id='word_1_81' title='bbox 1414 708 1504 746; x_wconf 87' lang='lat' dir='ltr'>Non</span> 
     </span>
     <span class='ocr_line' id='line_1_10' title="bbox 58 758 1504 811; baseline 0.006 -17"><span class='ocrx_word' id='word_1_82' title='bbox 58 759 204 796; x_wconf 83' lang='lat' dir='ltr'>iniusta</span> <span class='ocrx_word' id='word_1_83' title='bbox 223 760 390 807; x_wconf 86' lang='lat' dir='ltr'>suspicio</span> <span class='ocrx_word' id='word_1_84' title='bbox 419 765 477 795; x_wconf 90' lang='lat' dir='ltr'>est</span> <span class='ocrx_word' id='word_1_85' title='bbox 504 758 694 805; x_wconf 86' lang='lat' dir='ltr'>Stanleii,</span> <span class='ocrx_word' id='word_1_86' title='bbox 731 772 868 796; x_wconf 88' lang='lat' dir='ltr'>nomen</span> <span class='ocrx_word' id='word_1_87' title='bbox 898 759 991 796; x_wconf 90' lang='lat' dir='ltr'>illud</span> <span class='ocrx_word' id='word_1_88' title='bbox 1014 772 1132 808; x_wconf 86' lang='lat' dir='ltr'>paene</span> <span class='ocrx_word' id='word_1_89' title='bbox 1162 764 1357 811; x_wconf 87' lang='lat' dir='ltr'>proprium</span> <span class='ocrx_word' id='word_1_90' title='bbox 1382 765 1504 802; x_wconf 88' lang='lat' dir='ltr'>fuisse</span> 
     </span>
     <span class='ocr_line' id='line_1_11' title="bbox 59 813 1503 871; baseline 0.005 -20"><span class='ocrx_word' id='word_1_91' title='bbox 59 813 218 852; x_wconf 82' lang='lat' dir='ltr'>Ciliciae</span> <span class='ocrx_word' id='word_1_92' title='bbox 236 816 393 865; x_wconf 85' lang='lat' dir='ltr'>regulis.</span> <span class='ocrx_word' id='word_1_93' title='bbox 421 814 548 851; x_wconf 83' lang='lat' dir='ltr'>Habet</span> <span class='ocrx_word' id='word_1_94' title='bbox 569 821 671 851; x_wconf 85' lang='lat' dir='ltr'>oerte</span> <span class='ocrx_word' id='word_1_95' title='bbox 683 814 901 852; x_wconf 86' lang='lat' dir='ltr'>Herodotus</span> <span class='ocrx_word' id='word_1_96' title='bbox 924 816 1165 866; x_wconf 67' lang='lat' dir='ltr'>Syenae-sim,</span> <span class='ocrx_word' id='word_1_97' title='bbox 1183 816 1340 856; x_wconf 79' lang='lat' dir='ltr'>Ciliciae</span> <span class='ocrx_word' id='word_1_98' title='bbox 1359 833 1503 871; x_wconf 82' lang='lat' dir='ltr'>regem,</span> 
     </span>
     <span class='ocr_line' id='line_1_12' title="bbox 57 869 1503 925; baseline 0.004 -18"><span class='ocrx_word' id='word_1_99' title='bbox 57 869 225 921; x_wconf 87' lang='lat' dir='ltr'>Cyaxari</span> <span class='ocrx_word' id='word_1_100' title='bbox 245 873 454 920; x_wconf 83' lang='lat' dir='ltr'>aequalem,</span> <span class='ocrx_word' id='word_1_101' title='bbox 477 871 518 908; x_wconf 94' lang='lat' dir='ltr'>L.</span> <span class='ocrx_word' id='word_1_102' title='bbox 542 870 571 907; x_wconf 90' lang='grc' dir='ltr'>Ι.</span> <span class='ocrx_word' id='word_1_103' title='bbox 595 872 687 919; x_wconf 81' lang='grc'><strong>74.,</strong></span> <span class='ocrx_word' id='word_1_104' title='bbox 716 873 833 908; x_wconf 88' lang='lat' dir='ltr'>alium</span> <span class='ocrx_word' id='word_1_105' title='bbox 847 870 957 910; x_wconf 89' lang='lat' dir='ltr'>Darii</span> <span class='ocrx_word' id='word_1_106' title='bbox 975 872 1177 911; x_wconf 84' lang='lat' dir='ltr'>Persarum</span> <span class='ocrx_word' id='word_1_107' title='bbox 1190 877 1294 925; x_wconf 85' lang='lat' dir='ltr'>regis</span> <span class='ocrx_word' id='word_1_108' title='bbox 1315 884 1438 913; x_wconf 87' lang='lat' dir='ltr'>aetate</span> <span class='ocrx_word' id='word_1_109' title='bbox 1463 878 1503 913; x_wconf 98' lang='lat' dir='ltr'>L.</span> 
     </span>
     <span class='ocr_line' id='line_1_13' title="bbox 56 926 1505 980; baseline 0.006 -17"><span class='ocrx_word' id='word_1_110' title='bbox 56 926 104 966; x_wconf 88' lang='lat' dir='ltr'>V.</span> <span class='ocrx_word' id='word_1_111' title='bbox 132 930 146 967; x_wconf 89' lang='lat' dir='ltr'>l</span> <span class='ocrx_word' id='word_1_112' title='bbox 164 930 233 968; x_wconf 88' lang='lat'><strong>18.</strong></span> <span class='ocrx_word' id='word_1_113' title='bbox 267 935 304 964; x_wconf 86' lang='lat' dir='ltr'>ct</span> <span class='ocrx_word' id='word_1_114' title='bbox 324 926 478 964; x_wconf 81' lang='lat' dir='ltr'>Xerxes</span> <span class='ocrx_word' id='word_1_115' title='bbox 500 935 666 977; x_wconf 87' lang='lat' dir='ltr'>tempore</span> <span class='ocrx_word' id='word_1_116' title='bbox 685 927 728 964; x_wconf 90' lang='lat' dir='ltr'>L.</span> <span class='ocrx_word' id='word_1_117' title='bbox 750 927 830 965; x_wconf 82' lang='lat' dir='ltr'><strong>Vll.</strong></span> <span class='ocrx_word' id='word_1_118' title='bbox 853 930 926 969; x_wconf 85' lang='lat'>98.</span> <span class='ocrx_word' id='word_1_119' title='bbox 968 928 1181 980; x_wconf 84' lang='lat' dir='ltr'>Aeschylus</span> <span class='ocrx_word' id='word_1_120' title='bbox 1200 930 1308 971; x_wconf 84' lang='lat' dir='ltr'>Pers.</span> <span class='ocrx_word' id='word_1_121' title='bbox 1340 946 1378 970; x_wconf 82' lang='lat' dir='ltr'>v.</span> <span class='ocrx_word' id='word_1_122' title='bbox 1399 934 1505 974; x_wconf 85' lang='grc'><strong>326.</strong></span> 
     </span>
     <span class='ocr_line' id='line_1_14' title="bbox 57 983 650 1021; baseline 0 -1"><span class='ocrx_word' id='word_1_123' title='bbox 57 984 125 1020; x_wconf 92' lang='lat' dir='ltr'>ubi</span> <span class='ocrx_word' id='word_1_124' title='bbox 145 986 206 1021; x_wconf 89' lang='lat' dir='ltr'>vir</span> <span class='ocrx_word' id='word_1_125' title='bbox 228 983 482 1021; x_wconf 85' lang='lat' dir='ltr'>doctissimus.</span> <span class='ocrx_word' id='word_1_126' title='bbox 514 983 650 1021; x_wconf 63' lang='lat' dir='ltr'>W&#39;Ess.</span> 
     </span>
    </p>

    <p class='ocr_par' dir='ltr' id='par_1_4' title="bbox 55 1036 1505 1427">
     <span class='ocr_line' id='line_1_15' title="bbox 170 1036 1505 1097; baseline 0.004 -17"><span class='ocrx_word' id='word_1_127' title='bbox 170 1041 276 1080; x_wconf 86' lang='grc'><strong>656.</strong></span> <span class='ocrx_word' id='word_1_128' title='bbox 303 1041 377 1080; x_wconf 88' lang='grc'>97.</span> <span class='ocrx_word' id='word_1_129' title='bbox 413 1036 746 1090; x_wconf 70' lang='grc' dir='ltr'><em>Ἀρτισάμενος]</em></span> <span class='ocrx_word' id='word_1_130' title='bbox 788 1039 920 1078; x_wconf 79' lang='lat' dir='ltr'>Malim</span> <span class='ocrx_word' id='word_1_131' title='bbox 940 1036 1244 1092; x_wconf 76' lang='grc' dir='ltr'><em>ἀρτυσάμενος,</em></span> <span class='ocrx_word' id='word_1_132' title='bbox 1273 1043 1320 1081; x_wconf 92' lang='lat' dir='ltr'>ab</span> <span class='ocrx_word' id='word_1_133' title='bbox 1353 1040 1505 1097; x_wconf 76' lang='grc' dir='ltr'><em>ἀρτύο-</em></span> 
     </span>
     <span class='ocr_line' id='line_1_16' title="bbox 56 1094 1504 1147; baseline 0.004 -14"><span class='ocrx_word' id='word_1_134' title='bbox 56 1110 144 1146; x_wconf 85' lang='grc' dir='ltr'><em>μαι.</em></span> <span class='ocrx_word' id='word_1_135' title='bbox 164 1096 320 1133; x_wconf 77' lang='lat' dir='ltr'><strong>STEPH.</strong></span> <span class='ocrx_word' id='word_1_136' title='bbox 359 1094 579 1147; x_wconf 84' lang='lat' dir='ltr'>Corrigenti</span> <span class='ocrx_word' id='word_1_137' title='bbox 600 1096 797 1146; x_wconf 77' lang='lat' dir='ltr'>Stephano</span> <span class='ocrx_word' id='word_1_138' title='bbox 826 1110 903 1133; x_wconf 83' lang='lat' dir='ltr'>non</span> <span class='ocrx_word' id='word_1_139' title='bbox 932 1098 1178 1146; x_wconf 82' lang='lat' dir='ltr'>obloquercr,</span> <span class='ocrx_word' id='word_1_140' title='bbox 1206 1101 1241 1136; x_wconf 81' lang='lat' dir='ltr'>si</span> <span class='ocrx_word' id='word_1_141' title='bbox 1262 1108 1434 1139; x_wconf 85' lang='lat' dir='ltr'>veterum</span> <span class='ocrx_word' id='word_1_142' title='bbox 1458 1117 1504 1142; x_wconf 84' lang='lat' dir='ltr'>ea,</span> 
     </span>
     <span class='ocr_line' id='line_1_17' title="bbox 56 1150 1504 1206; baseline 0.006 -18"><span class='ocrx_word' id='word_1_143' title='bbox 56 1152 241 1189; x_wconf 89' lang='lat' dir='ltr'>librorum</span> <span class='ocrx_word' id='word_1_144' title='bbox 271 1153 461 1200; x_wconf 78' lang='lat' dir='ltr'>scriptura</span> <span class='ocrx_word' id='word_1_145' title='bbox 490 1154 602 1189; x_wconf 84' lang='lat' dir='ltr'>foret.</span> <span class='ocrx_word' id='word_1_146' title='bbox 659 1150 947 1203; x_wconf 71' lang='grc' dir='ltr'><em>Ἀρτίσασθαι</em></span> <span class='ocrx_word' id='word_1_147' title='bbox 977 1153 1172 1204; x_wconf 74' lang='lat' dir='ltr'>Hesychia</span> <span class='ocrx_word' id='word_1_148' title='bbox 1209 1158 1416 1206; x_wconf 85' lang='lat' dir='ltr'>interprete</span> <span class='ocrx_word' id='word_1_149' title='bbox 1444 1166 1504 1196; x_wconf 84' lang='lat' dir='ltr'>est</span> 
     </span>
     <span class='ocr_line' id='line_1_18' title="bbox 56 1204 1502 1262; baseline 0.005 -16"><span class='ocrx_word' id='word_1_150' title='bbox 56 1204 483 1259; x_wconf 70' lang='grc' dir='ltr'><em>παρασκευάσασθαι,</em></span> <span class='ocrx_word' id='word_1_151' title='bbox 517 1222 613 1258; x_wconf 85' lang='lat' dir='ltr'>quae</span> <span class='ocrx_word' id='word_1_152' title='bbox 633 1208 763 1245; x_wconf 88' lang='lat' dir='ltr'>eadem</span> <span class='ocrx_word' id='word_1_153' title='bbox 793 1210 854 1245; x_wconf 83' lang='lat' dir='ltr'>vis</span> <span class='ocrx_word' id='word_1_154' title='bbox 879 1208 968 1246; x_wconf 90' lang='lat' dir='ltr'>huic</span> <span class='ocrx_word' id='word_1_155' title='bbox 1001 1218 1059 1247; x_wconf 85' lang='lat' dir='ltr'>est</span> <span class='ocrx_word' id='word_1_156' title='bbox 1079 1212 1185 1249; x_wconf 87' lang='lat' dir='ltr'>loco:</span> <span class='ocrx_word' id='word_1_157' title='bbox 1224 1219 1380 1262; x_wconf 85' lang='lat' dir='ltr'>paratus</span> <span class='ocrx_word' id='word_1_158' title='bbox 1401 1217 1502 1254; x_wconf 87' lang='lat' dir='ltr'>enim</span> 
     </span>
     <span class='ocr_line' id='line_1_19' title="bbox 57 1266 1502 1317; baseline 0.006 -17"><span class='ocrx_word' id='word_1_159' title='bbox 57 1272 169 1313; x_wconf 87' lang='lat' dir='ltr'>atque</span> <span class='ocrx_word' id='word_1_160' title='bbox 190 1267 400 1302; x_wconf 88' lang='lat' dir='ltr'>instructus</span> <span class='ocrx_word' id='word_1_161' title='bbox 421 1267 461 1302; x_wconf 91' lang='lat' dir='ltr'>in</span> <span class='ocrx_word' id='word_1_162' title='bbox 492 1266 660 1302; x_wconf 88' lang='lat' dir='ltr'>incertos</span> <span class='ocrx_word' id='word_1_163' title='bbox 678 1266 854 1302; x_wconf 79' lang='lat' dir='ltr'>fortunae</span> <span class='ocrx_word' id='word_1_164' title='bbox 875 1278 984 1302; x_wconf 85' lang='lat' dir='ltr'>casus</span> <span class='ocrx_word' id='word_1_165' title='bbox 1005 1266 1217 1317; x_wconf 79' lang='lat' dir='ltr'>Syennesis</span> <span class='ocrx_word' id='word_1_166' title='bbox 1238 1276 1329 1306; x_wconf 86' lang='lat' dir='ltr'>erat.</span> <span class='ocrx_word' id='word_1_167' title='bbox 1371 1271 1502 1315; x_wconf 59' lang='lat' dir='ltr'>Quid?</span> 
     </span>
     <span class='ocr_line' id='line_1_20' title="bbox 57 1318 1504 1374; baseline 0.007 -17"><span class='ocrx_word' id='word_1_168' title='bbox 57 1319 197 1358; x_wconf 83' lang='lat' dir='ltr'>Suidas</span> <span class='ocrx_word' id='word_1_169' title='bbox 228 1322 373 1365; x_wconf 74' lang='lat' dir='ltr'>invoc.</span> <span class='ocrx_word' id='word_1_170' title='bbox 422 1318 710 1371; x_wconf 54' lang='grc' dir='ltr'><em>ῗΑρτιζόμενοι</em></span> <span class='ocrx_word' id='word_1_171' title='bbox 739 1320 831 1357; x_wconf 86' lang='lat' dir='ltr'>haec</span> <span class='ocrx_word' id='word_1_172' title='bbox 851 1319 1015 1359; x_wconf 90' lang='lat' dir='ltr'>Diodori</span> <span class='ocrx_word' id='word_1_173' title='bbox 1045 1326 1159 1371; x_wconf 75' lang='lat' dir='ltr'>citat,</span> <span class='ocrx_word' id='word_1_174' title='bbox 1188 1338 1374 1374; x_wconf 80' lang='lat' dir='ltr'>usumque</span> <span class='ocrx_word' id='word_1_175' title='bbox 1393 1330 1504 1367; x_wconf 71' lang='lat' dir='ltr'>verbi</span> 
     </span>
     <span class='ocr_line' id='line_1_21' title="bbox 55 1375 1334 1427; baseline 0.004 -13"><span class='ocrx_word' id='word_1_176' title='bbox 55 1377 253 1423; x_wconf 69' lang='lat' dir='ltr'>adfirmat,</span> <span class='ocrx_word' id='word_1_177' title='bbox 282 1376 384 1425; x_wconf 86' lang='lat' dir='ltr'>quod</span> <span class='ocrx_word' id='word_1_178' title='bbox 407 1375 449 1412; x_wconf 90' lang='lat' dir='ltr'><strong>L.</strong></span> <span class='ocrx_word' id='word_1_179' title='bbox 474 1377 680 1413; x_wconf 85' lang='lat' dir='ltr'>Kusterum</span> <span class='ocrx_word' id='word_1_180' title='bbox 711 1377 856 1427; x_wconf 83' lang='lat' dir='ltr'>fugisse</span> <span class='ocrx_word' id='word_1_181' title='bbox 875 1378 1170 1417; x_wconf 86' lang='lat' dir='ltr'>animadvertes.</span> <span class='ocrx_word' id='word_1_182' title='bbox 1200 1380 1334 1419; x_wconf 69' lang='lat' dir='ltr'>Wssss.</span> 
     </span>
    </p>

    <p class='ocr_par' dir='ltr' id='par_1_5' title="bbox 53 1429 1505 1824">
     <span class='ocr_line' id='line_1_22' title="bbox 168 1429 1503 1490; baseline 0.004 -16"><span class='ocrx_word' id='word_1_183' title='bbox 168 1435 273 1474; x_wconf 85' lang='grc'><strong>656.</strong></span> <span class='ocrx_word' id='word_1_184' title='bbox 294 1435 336 1473; x_wconf 82' lang='grc'>2.</span> <span class='ocrx_word' id='word_1_185' title='bbox 380 1429 799 1485; x_wconf 71' lang='grc' dir='ltr'><em>Συστρατεύσεσθαι]</em></span> <span class='ocrx_word' id='word_1_186' title='bbox 841 1431 1000 1471; x_wconf 85' lang='lat' dir='ltr'>Rectius</span> <span class='ocrx_word' id='word_1_187' title='bbox 1028 1435 1177 1486; x_wconf 86' lang='lat' dir='ltr'>legetur</span> <span class='ocrx_word' id='word_1_188' title='bbox 1207 1434 1503 1490; x_wconf 73' lang='grc' dir='ltr'><em>συστρατεύσε-</em></span> 
     </span>
     <span class='ocr_line' id='line_1_23' title="bbox 53 1485 1503 1541; baseline 0.003 -12"><span class='ocrx_word' id='word_1_189' title='bbox 53 1504 134 1529; x_wconf 86' lang='grc' dir='ltr'><em>ται.</em></span> <span class='ocrx_word' id='word_1_190' title='bbox 165 1489 320 1527; x_wconf 78' lang='lat' dir='ltr'><strong>STEPH.</strong></span> <span class='ocrx_word' id='word_1_191' title='bbox 373 1485 793 1539; x_wconf 63' lang='grc' dir='ltr'><em>Συστρατεύσεσθαι]</em></span> <span class='ocrx_word' id='word_1_192' title='bbox 841 1490 899 1527; x_wconf 88' lang='lat' dir='ltr'>lta</span> <span class='ocrx_word' id='word_1_193' title='bbox 928 1491 1102 1540; x_wconf 88' lang='lat' dir='ltr'>profecto</span> <span class='ocrx_word' id='word_1_194' title='bbox 1132 1496 1325 1541; x_wconf 88' lang='lat' dir='ltr'>oportuit,</span> <span class='ocrx_word' id='word_1_195' title='bbox 1362 1498 1438 1533; x_wconf 90' lang='lat' dir='ltr'>nisi</span> <span class='ocrx_word' id='word_1_196' title='bbox 1467 1499 1503 1537; x_wconf 74' lang='lat' dir='ltr'>si</span> 
     </span>
     <span class='ocr_line' id='line_1_24' title="bbox 53 1543 1504 1596; baseline 0.003 -11"><span class='ocrx_word' id='word_1_197' title='bbox 53 1543 234 1596; x_wconf 74' lang='grc' dir='ltr'>μετέχειν</span> <span class='ocrx_word' id='word_1_198' title='bbox 255 1548 295 1583; x_wconf 90' lang='lat' dir='ltr'>in</span> <span class='ocrx_word' id='word_1_199' title='bbox 315 1545 631 1595; x_wconf 83' lang='lat' dir='ltr'>praecedentibus</span> <span class='ocrx_word' id='word_1_200' title='bbox 650 1546 780 1583; x_wconf 82' lang='lat' dir='ltr'>fuerit.</span> <span class='ocrx_word' id='word_1_201' title='bbox 816 1544 915 1583; x_wconf 83' lang='lat' dir='ltr'>Nam</span> <span class='ocrx_word' id='word_1_202' title='bbox 935 1543 1038 1586; x_wconf 77' lang='grc' dir='ltr'><em>διότι</em></span> <span class='ocrx_word' id='word_1_203' title='bbox 1060 1554 1099 1585; x_wconf 89' lang='lat' dir='ltr'>et</span> <span class='ocrx_word' id='word_1_204' title='bbox 1121 1546 1183 1588; x_wconf 83' lang='grc' dir='ltr'><em>ὅτι</em></span> <span class='ocrx_word' id='word_1_205' title='bbox 1206 1550 1396 1588; x_wconf 84' lang='lat' dir='ltr'>infinitam</span> <span class='ocrx_word' id='word_1_206' title='bbox 1418 1566 1504 1590; x_wconf 89' lang='lat' dir='ltr'>ora-</span> 
     </span>
     <span class='ocr_line' id='line_1_25' title="bbox 54 1601 1505 1652; baseline 0.006 -14"><span class='ocrx_word' id='word_1_207' title='bbox 54 1604 200 1639; x_wconf 85' lang='lat' dir='ltr'>tionem</span> <span class='ocrx_word' id='word_1_208' title='bbox 218 1615 329 1652; x_wconf 84' lang='lat' dir='ltr'>posse</span> <span class='ocrx_word' id='word_1_209' title='bbox 347 1601 563 1648; x_wconf 87' lang='lat' dir='ltr'>admittere,</span> <span class='ocrx_word' id='word_1_210' title='bbox 586 1614 697 1650; x_wconf 88' lang='lat' dir='ltr'>saepe</span> <span class='ocrx_word' id='word_1_211' title='bbox 717 1604 905 1639; x_wconf 86' lang='lat' dir='ltr'>monitum</span> <span class='ocrx_word' id='word_1_212' title='bbox 920 1611 1033 1640; x_wconf 86' lang='lat' dir='ltr'>antea</span> <span class='ocrx_word' id='word_1_213' title='bbox 1052 1612 1127 1648; x_wconf 70' lang='lat' dir='ltr'>est.</span> <span class='ocrx_word' id='word_1_214' title='bbox 1149 1604 1275 1643; x_wconf 80' lang='lat' dir='ltr'>Habet</span> <span class='ocrx_word' id='word_1_215' title='bbox 1291 1607 1394 1644; x_wconf 83' lang='lat' dir='ltr'>aliud</span> <span class='ocrx_word' id='word_1_216' title='bbox 1416 1623 1505 1647; x_wconf 84' lang='lat' dir='ltr'>ver-</span> 
     </span>
     <span class='ocr_line' id='line_1_26' title="bbox 56 1650 1498 1718; baseline 0.004 -22"><span class='ocrx_word' id='word_1_217' title='bbox 56 1659 190 1696; x_wconf 85' lang='lat' dir='ltr'>borum</span> <span class='ocrx_word' id='word_1_218' title='bbox 220 1660 361 1705; x_wconf 88' lang='lat' dir='ltr'>series,</span> <span class='ocrx_word' id='word_1_219' title='bbox 396 1658 553 1698; x_wconf 85' lang='lat' dir='ltr'>auribus</span> <span class='ocrx_word' id='word_1_220' title='bbox 578 1650 711 1708; x_wconf 77' lang='lat' dir='ltr'>p&#39;arum</span> <span class='ocrx_word' id='word_1_221' title='bbox 744 1666 916 1708; x_wconf 85' lang='lat' dir='ltr'>gratum:</span> <span class='ocrx_word' id='word_1_222' title='bbox 959 1662 1044 1707; x_wconf 87' lang='lat' dir='ltr'>quis</span> <span class='ocrx_word' id='word_1_223' title='bbox 1073 1663 1174 1698; x_wconf 90' lang='lat' dir='ltr'>enim</span> <span class='ocrx_word' id='word_1_224' title='bbox 1201 1670 1342 1700; x_wconf 84' lang='lat' dir='ltr'>temere</span> <span class='ocrx_word' id='word_1_225' title='bbox 1369 1666 1420 1718; x_wconf 81' lang='grc' dir='ltr'>τῇ</span> <span class='ocrx_word' id='word_1_226' title='bbox 1453 1663 1498 1705; x_wconf 75' lang='lat'>(5²</span> 
     </span>
     <span class='ocr_line' id='line_1_27' title="bbox 54 1711 1504 1770; baseline 0.006 -18"><span class='ocrx_word' id='word_1_227' title='bbox 54 1713 192 1770; x_wconf 72' lang='grc' dir='ltr'><em>εὐνοία</em></span> <span class='ocrx_word' id='word_1_228' title='bbox 221 1712 324 1766; x_wconf 81' lang='grc' dir='ltr'><em>πρὸς</em></span> <span class='ocrx_word' id='word_1_229' title='bbox 355 1713 506 1757; x_wconf 73' lang='grc' dir='ltr'><em>ἐκεῖνον</em></span> <span class='ocrx_word' id='word_1_230' title='bbox 529 1735 577 1741; x_wconf 94' lang='lat'><em>-</em></span> <span class='ocrx_word' id='word_1_231' title='bbox 602 1711 839 1753; x_wconf 69' lang='grc' dir='ltr'><em>καταλιπὼν</em></span> <span class='ocrx_word' id='word_1_232' title='bbox 868 1714 1042 1762; x_wconf 76' lang='grc' dir='ltr'><em>ἐκεῖνον,</em></span> <span class='ocrx_word' id='word_1_233' title='bbox 1072 1718 1130 1770; x_wconf 77' lang='grc' dir='ltr'>τῷ</span> <span class='ocrx_word' id='word_1_234' title='bbox 1154 1719 1410 1767; x_wconf 65' lang='grc' dir='ltr'><em>βασιλεῖαι).</em></span> <span class='ocrx_word' id='word_1_235' title='bbox 1440 1735 1504 1760; x_wconf 77' lang='lat' dir='ltr'>ar-</span> 
     </span>
     <span class='ocr_line' id='line_1_28' title="bbox 55 1769 1504 1824; baseline 0.003 -16"><span class='ocrx_word' id='word_1_236' title='bbox 55 1773 202 1809; x_wconf 87' lang='lat' dir='ltr'>tissime</span> <span class='ocrx_word' id='word_1_237' title='bbox 222 1769 438 1808; x_wconf 65' lang='lat' dir='ltr'>iunxisset?</span> <span class='ocrx_word' id='word_1_238' title='bbox 473 1769 550 1817; x_wconf 84' lang='lat' dir='ltr'>Sed</span> <span class='ocrx_word' id='word_1_239' title='bbox 571 1769 663 1807; x_wconf 87' lang='lat' dir='ltr'>haec</span> <span class='ocrx_word' id='word_1_240' title='bbox 684 1771 837 1820; x_wconf 86' lang='lat' dir='ltr'>optimis</span> <span class='ocrx_word' id='word_1_241' title='bbox 861 1774 975 1809; x_wconf 85' lang='lat' dir='ltr'>ctiam</span> <span class='ocrx_word' id='word_1_242' title='bbox 994 1772 1191 1811; x_wconf 86' lang='lat' dir='ltr'>excidunt.</span> <span class='ocrx_word' id='word_1_243' title='bbox 1222 1774 1356 1812; x_wconf 69' lang='lat' dir='ltr'>Wssss.</span> <span class='ocrx_word' id='word_1_244' title='bbox 1501 1822 1504 1824; x_wconf 18' lang='lat' dir='ltr'>q</span> 
     </span>
    </p>

    <p class='ocr_par' dir='ltr' id='par_1_6' title="bbox 53 1823 1502 1924">
     <span class='ocr_line' id='line_1_29' title="bbox 168 1823 1502 1881; baseline 0.002 -13"><span class='ocrx_word' id='word_1_245' title='bbox 168 1829 273 1868; x_wconf 79' lang='lat'><strong>656.</strong></span> <span class='ocrx_word' id='word_1_246' title='bbox 301 1826 541 1867; x_wconf 81' lang='grc' dir='ltr'><strong>11.“Πλείω</strong></span> <span class='ocrx_word' id='word_1_247' title='bbox 560 1828 643 1866; x_wconf 83' lang='grc' dir='ltr'>τῶν</span> <span class='ocrx_word' id='word_1_248' title='bbox 663 1823 968 1879; x_wconf 79' lang='grc' dir='ltr'><em>τετταράκοντα</em></span> <span class='ocrx_word' id='word_1_249' title='bbox 984 1825 1222 1881; x_wconf 73' lang='grc' dir='ltr'><em>μυριάδων]</em></span> <span class='ocrx_word' id='word_1_250' title='bbox 1251 1831 1338 1869; x_wconf 76' lang='lat' dir='ltr'>vid.</span> <span class='ocrx_word' id='word_1_251' title='bbox 1359 1839 1439 1870; x_wconf 86' lang='lat' dir='ltr'>not.</span> <span class='ocrx_word' id='word_1_252' title='bbox 1460 1835 1502 1872; x_wconf 91' lang='lat' dir='ltr'>in</span> 
     </span>
     <span class='ocr_line' id='line_1_30' title="bbox 53 1883 414 1924; baseline 0.003 -3"><span class='ocrx_word' id='word_1_253' title='bbox 53 1883 98 1921; x_wconf 90' lang='lat' dir='ltr'>L.</span> <span class='ocrx_word' id='word_1_254' title='bbox 120 1883 146 1920; x_wconf 86' lang='lat'><strong>1.</strong></span> <span class='ocrx_word' id='word_1_255' title='bbox 166 1884 242 1924; x_wconf 85' lang='lat'>92.</span> <span class='ocrx_word' id='word_1_256' title='bbox 271 1883 414 1922; x_wconf 66' lang='lat' dir='ltr'>Wssss.</span> 
     </span>
    </p>

    <p class='ocr_par' dir='ltr' id='par_1_7' title="bbox 49 1935 1502 2047">
     <span class='ocr_line' id='line_1_31' title="bbox 167 1935 1502 1995; baseline 0.003 -15"><span class='ocrx_word' id='word_1_257' title='bbox 167 1941 272 1980; x_wconf 83' lang='lat'><strong>656.</strong></span> <span class='ocrx_word' id='word_1_258' title='bbox 306 1940 376 1981; x_wconf 91' lang='grc'><strong>13.</strong></span> <span class='ocrx_word' id='word_1_259' title='bbox 411 1935 701 1990; x_wconf 76' lang='grc' dir='ltr'><em>Ἐνεχείρησαν</em></span> <span class='ocrx_word' id='word_1_260' title='bbox 729 1935 940 1992; x_wconf 81' lang='grc' dir='ltr'><em>ἀναιρεῖν]</em></span> <span class='ocrx_word' id='word_1_261' title='bbox 978 1939 1084 1978; x_wconf 87' lang='lat' dir='ltr'>Haec</span> <span class='ocrx_word' id='word_1_262' title='bbox 1105 1944 1298 1992; x_wconf 82' lang='lat' dir='ltr'>copiosius</span> <span class='ocrx_word' id='word_1_263' title='bbox 1320 1943 1502 1995; x_wconf 83' lang='lat' dir='ltr'>Xenoph.</span> 
     </span>
     <span class='ocr_line' id='line_1_32' title="bbox 49 1992 1387 2047; baseline -0.009 -12"><span class='ocrx_word' id='word_1_264' title='bbox 49 1992 209 2046; x_wconf 79' lang='grc' dir='ltr'><strong>Ἀναβ.</strong></span> <span class='ocrx_word' id='word_1_265' title='bbox 232 1995 260 2033; x_wconf 93' lang='lat'><strong>1.</strong></span> <span class='ocrx_word' id='word_1_266' title='bbox 283 2010 317 2047; x_wconf 88' lang='lat' dir='ltr'><strong>p.</strong></span> <span class='ocrx_word' id='word_1_267' title='bbox 346 1997 447 2036; x_wconf 89' lang='grc'><strong>196.</strong></span> <span class='ocrx_word' id='word_1_268' title='bbox 476 1995 607 2032; x_wconf 68' lang='lat' dir='ltr'>Wnss.</span> <span class='ocrx_word' id='word_1_269' title='bbox 1380 2024 1387 2029; x_wconf 65' lang='grc'><strong><em>,</em></strong></span> 
     </span>
    </p>

    <p class='ocr_par' dir='ltr' id='par_1_8' title="bbox 55 2046 1504 2211">
     <span class='ocr_line' id='line_1_33' title="bbox 166 2046 1504 2106; baseline 0.007 -18"><span class='ocrx_word' id='word_1_270' title='bbox 166 2054 272 2093; x_wconf 83' lang='lat'><strong>656.</strong></span> <span class='ocrx_word' id='word_1_271' title='bbox 297 2055 371 2093; x_wconf 83' lang='lat'>26.</span> <span class='ocrx_word' id='word_1_272' title='bbox 400 2049 562 2100; x_wconf 78' lang='grc' dir='ltr'><em>Πεζοὺς</em></span> <span class='ocrx_word' id='word_1_273' title='bbox 581 2049 862 2102; x_wconf 79' lang='grc' dir='ltr'><em>ὀκτακοσίους]</em></span> <span class='ocrx_word' id='word_1_274' title='bbox 886 2046 1183 2101; x_wconf 71' lang='grc' dir='ltr'><em>Ἑπτακοσίοῡς</em></span> <span class='ocrx_word' id='word_1_275' title='bbox 1205 2051 1308 2106; x_wconf 58' lang='grc' dir='ltr'><em>ἔχων</em></span> <span class='ocrx_word' id='word_1_276' title='bbox 1331 2052 1504 2106; x_wconf 81' lang='grc' dir='ltr'><em>ὁπλίτας</em></span> 
     </span>
     <span class='ocr_line' id='line_1_34' title="bbox 55 2106 1502 2159; baseline 0.002 -14"><span class='ocrx_word' id='word_1_277' title='bbox 55 2109 101 2145; x_wconf 89' lang='lat' dir='ltr'>de</span> <span class='ocrx_word' id='word_1_278' title='bbox 129 2106 356 2159; x_wconf 77' lang='lat' dir='ltr'>Chirisopho</span> <span class='ocrx_word' id='word_1_279' title='bbox 377 2107 598 2156; x_wconf 84' lang='lat' dir='ltr'>Xenophon</span> <span class='ocrx_word' id='word_1_280' title='bbox 628 2108 669 2144; x_wconf 88' lang='lat' dir='ltr'>L.</span> <span class='ocrx_word' id='word_1_281' title='bbox 692 2107 720 2144; x_wconf 84' lang='grc' dir='ltr'>Ι.</span> <span class='ocrx_word' id='word_1_282' title='bbox 749 2106 847 2155; x_wconf 85' lang='lat' dir='ltr'><strong>Exp.</strong></span> <span class='ocrx_word' id='word_1_283' title='bbox 875 2106 964 2158; x_wconf 82' lang='lat' dir='ltr'><strong>Cyr.</strong></span> <span class='ocrx_word' id='word_1_284' title='bbox 992 2121 1027 2157; x_wconf 89' lang='lat' dir='ltr'>p.</span> <span class='ocrx_word' id='word_1_285' title='bbox 1057 2112 1157 2150; x_wconf 86' lang='lat'><strong>199.</strong></span> <span class='ocrx_word' id='word_1_286' title='bbox 1198 2111 1340 2151; x_wconf 79' lang='lat' dir='ltr'>Verum</span> <span class='ocrx_word' id='word_1_287' title='bbox 1366 2122 1502 2152; x_wconf 79' lang='lat' dir='ltr'>auctor</span> 
     </span>
     <span class='ocr_line' id='line_1_35' title="bbox 55 2165 1333 2211; baseline 0.003 -9"><span class='ocrx_word' id='word_1_288' title='bbox 55 2178 100 2202; x_wconf 87' lang='lat' dir='ltr'>eo</span> <span class='ocrx_word' id='word_1_289' title='bbox 120 2167 160 2202; x_wconf 89' lang='lat' dir='ltr'>in</span> <span class='ocrx_word' id='word_1_290' title='bbox 181 2178 338 2206; x_wconf 82' lang='lat' dir='ltr'>numero</span> <span class='ocrx_word' id='word_1_291' title='bbox 360 2165 434 2202; x_wconf 89' lang='lat' dir='ltr'>sibi</span> <span class='ocrx_word' id='word_1_292' title='bbox 454 2172 625 2211; x_wconf 84' lang='lat' dir='ltr'>constat,</span> <span class='ocrx_word' id='word_1_293' title='bbox 654 2166 768 2201; x_wconf 87' lang='lat' dir='ltr'>sicuti</span> <span class='ocrx_word' id='word_1_294' title='bbox 787 2177 818 2200; x_wconf 92' lang='lat' dir='ltr'><strong>c.</strong></span> <span class='ocrx_word' id='word_1_295' title='bbox 847 2166 914 2203; x_wconf 83' lang='lat'><strong>19.</strong></span> <span class='ocrx_word' id='word_1_296' title='bbox 934 2166 1078 2203; x_wconf 88' lang='lat' dir='ltr'>indicio</span> <span class='ocrx_word' id='word_1_297' title='bbox 1099 2174 1168 2206; x_wconf 87' lang='lat' dir='ltr'>est.</span> <span class='ocrx_word' id='word_1_298' title='bbox 1199 2168 1333 2206; x_wconf 75' lang='lat' dir='ltr'>VVEss.</span> 
     </span>
    </p>

    <p class='ocr_par' dir='ltr' id='par_1_9' title="bbox 51 2215 1502 2429">
     <span class='ocr_line' id='line_1_36' title="bbox 170 2215 1502 2274; baseline 0.003 -13"><span class='ocrx_word' id='word_1_299' title='bbox 170 2222 276 2262; x_wconf 82' lang='lat'><strong>656.</strong></span> <span class='ocrx_word' id='word_1_300' title='bbox 305 2222 379 2262; x_wconf 86' lang='lat'><strong>35.</strong></span> <span class='ocrx_word' id='word_1_301' title='bbox 415 2218 510 2260; x_wconf 83' lang='grc' dir='ltr'>Ἐπὶ</span> <span class='ocrx_word' id='word_1_302' title='bbox 530 2219 604 2267; x_wconf 79' lang='grc' dir='ltr'>τὰς</span> <span class='ocrx_word' id='word_1_303' title='bbox 624 2215 755 2265; x_wconf 80' lang='grc' dir='ltr'><em>πύλας</em></span> <span class='ocrx_word' id='word_1_304' title='bbox 775 2219 1059 2272; x_wconf 73' lang='grc' dir='ltr'><em>καλουμένας]</em></span> <span class='ocrx_word' id='word_1_305' title='bbox 1091 2221 1245 2274; x_wconf 72' lang='grc' dir='ltr'><em>Συρίας</em></span> <span class='ocrx_word' id='word_1_306' title='bbox 1267 2222 1399 2272; x_wconf 79' lang='grc' dir='ltr'><em>πύλας</em></span> <span class='ocrx_word' id='word_1_307' title='bbox 1419 2229 1502 2265; x_wconf 79' lang='lat' dir='ltr'>sive</span> 
     </span>
     <span class='ocr_line' id='line_1_37' title="bbox 51 2273 1502 2335; baseline 0.003 -20"><span class='ocrx_word' id='word_1_308' title='bbox 51 2273 294 2326; x_wconf 70' lang='grc' dir='ltr'><em>Ἀμανίὸας</em></span> <span class='ocrx_word' id='word_1_309' title='bbox 322 2279 490 2329; x_wconf 84' lang='lat' dir='ltr'>intelligi</span> <span class='ocrx_word' id='word_1_310' title='bbox 518 2279 612 2316; x_wconf 88' lang='lat' dir='ltr'>ordo</span> <span class='ocrx_word' id='word_1_311' title='bbox 641 2277 794 2319; x_wconf 81' lang='lat' dir='ltr'>itineris</span> <span class='ocrx_word' id='word_1_312' title='bbox 825 2278 964 2314; x_wconf 85' lang='lat' dir='ltr'>innuit.</span> <span class='ocrx_word' id='word_1_313' title='bbox 1016 2277 1074 2316; x_wconf 90' lang='lat' dir='ltr'>De</span> <span class='ocrx_word' id='word_1_314' title='bbox 1095 2281 1179 2317; x_wconf 64' lang='lat' dir='ltr'>illis&gt;</span> <span class='ocrx_word' id='word_1_315' title='bbox 1197 2279 1335 2319; x_wconf 87' lang='lat' dir='ltr'>Cellar.</span> <span class='ocrx_word' id='word_1_316' title='bbox 1359 2282 1502 2335; x_wconf 84' lang='lat' dir='ltr'>Geogr.</span> 
     </span>
     <span class='ocr_line' id='line_1_38' title="bbox 54 2332 1497 2391; baseline 0.007 -23"><span class='ocrx_word' id='word_1_317' title='bbox 54 2332 139 2370; x_wconf 91' lang='lat' dir='ltr'>Vet.</span> <span class='ocrx_word' id='word_1_318' title='bbox 168 2332 211 2370; x_wconf 92' lang='lat' dir='ltr'>L.</span> <span class='ocrx_word' id='word_1_319' title='bbox 234 2332 298 2370; x_wconf 80' lang='grc' dir='ltr'><strong>ΙΙΙ.</strong></span> <span class='ocrx_word' id='word_1_320' title='bbox 326 2335 367 2374; x_wconf 92' lang='grc'>6.</span> <span class='ocrx_word' id='word_1_321' title='bbox 395 2347 432 2384; x_wconf 91' lang='lat' dir='ltr'><strong>p.</strong></span> <span class='ocrx_word' id='word_1_322' title='bbox 457 2335 564 2375; x_wconf 81' lang='lat'><strong>246.</strong></span> <span class='ocrx_word' id='word_1_323' title='bbox 597 2334 901 2384; x_wconf 84' lang='lat' dir='ltr'>diligentissime.</span> <span class='ocrx_word' id='word_1_324' title='bbox 952 2333 1084 2384; x_wconf 87' lang='lat' dir='ltr'>ltaque</span> <span class='ocrx_word' id='word_1_325' title='bbox 1115 2343 1242 2374; x_wconf 90' lang='lat' dir='ltr'>actum</span> <span class='ocrx_word' id='word_1_326' title='bbox 1265 2350 1344 2376; x_wconf 89' lang='lat' dir='ltr'>non</span> <span class='ocrx_word' id='word_1_327' title='bbox 1373 2353 1497 2391; x_wconf 80' lang='lat' dir='ltr'>agam.</span> 
     </span>
     <span class='ocr_line' id='line_1_39' title="bbox 53 2388 323 2429; baseline 0.007 -4"><span class='ocrx_word' id='word_1_328' title='bbox 53 2388 188 2428; x_wconf 71' lang='lat' dir='ltr'>Wssss.</span> <span class='ocrx_word' id='word_1_329' title='bbox 319 2425 323 2429; x_wconf 91' lang='grc'><em>,</em></span> 
     </span>
    </p>

    <p class='ocr_par' dir='ltr' id='par_1_10' title="bbox 54 2441 1503 2893">
     <span class='ocr_line' id='line_1_40' title="bbox 167 2441 1502 2501; baseline 0.004 -16"><span class='ocrx_word' id='word_1_330' title='bbox 167 2447 271 2486; x_wconf 82' lang='lat'><strong>657.</strong></span> <span class='ocrx_word' id='word_1_331' title='bbox 297 2445 372 2487; x_wconf 85' lang='lat'><strong>41.</strong></span> <span class='ocrx_word' id='word_1_332' title='bbox 419 2444 479 2486; x_wconf 76' lang='grc' dir='ltr'>Τὸ</span> <span class='ocrx_word' id='word_1_333' title='bbox 501 2445 577 2497; x_wconf 74' lang='grc' dir='ltr'>μὲν</span> <span class='ocrx_word' id='word_1_334' title='bbox 596 2441 727 2499; x_wconf 73' lang='grc' dir='ltr'><em>τραχὺ</em></span> <span class='ocrx_word' id='word_1_335' title='bbox 747 2443 813 2483; x_wconf 78' lang='grc' dir='ltr'>καὶ</span> <span class='ocrx_word' id='word_1_336' title='bbox 839 2443 1047 2497; x_wconf 71' lang='grc' dir='ltr'><em>κρημνοὺς</em></span> <span class='ocrx_word' id='word_1_337' title='bbox 1066 2445 1158 2498; x_wconf 70' lang='grc' dir='ltr'><em>ἕχον</em></span> <span class='ocrx_word' id='word_1_338' title='bbox 1181 2446 1281 2501; x_wconf 90' lang='lat' dir='ltr'>etc.]</span> <span class='ocrx_word' id='word_1_339' title='bbox 1312 2450 1502 2490; x_wconf 87' lang='lat' dir='ltr'>Videntur</span> 
     </span>
     <span class='ocr_line' id='line_1_41' title="bbox 54 2499 1496 2558; baseline 0.007 -21"><span class='ocrx_word' id='word_1_340' title='bbox 54 2507 92 2537; x_wconf 86' lang='lat' dir='ltr'>et</span> <span class='ocrx_word' id='word_1_341' title='bbox 121 2499 215 2538; x_wconf 83' lang='lat' dir='ltr'>haec</span> <span class='ocrx_word' id='word_1_342' title='bbox 244 2514 401 2550; x_wconf 85' lang='lat' dir='ltr'>aspera,</span> <span class='ocrx_word' id='word_1_343' title='bbox 428 2517 499 2541; x_wconf 90' lang='lat' dir='ltr'>nec</span> <span class='ocrx_word' id='word_1_344' title='bbox 527 2507 620 2541; x_wconf 87' lang='lat' dir='ltr'>satis</span> <span class='ocrx_word' id='word_1_345' title='bbox 649 2502 838 2551; x_wconf 88' lang='lat' dir='ltr'>expedita.</span> <span class='ocrx_word' id='word_1_346' title='bbox 883 2501 981 2540; x_wconf 91' lang='lat' dir='ltr'>Puto</span> <span class='ocrx_word' id='word_1_347' title='bbox 1013 2502 1150 2554; x_wconf 70' lang='grc' dir='ltr'><em>ἕτερον</em></span> <span class='ocrx_word' id='word_1_348' title='bbox 1182 2503 1299 2557; x_wconf 80' lang='grc' dir='ltr'><em>ὅρος,</em></span> <span class='ocrx_word' id='word_1_349' title='bbox 1325 2505 1420 2558; x_wconf 80' lang='grc' dir='ltr'><em>(μία</em></span> <span class='ocrx_word' id='word_1_350' title='bbox 1451 2507 1496 2547; x_wconf 77' lang='grc' dir='ltr'>δ’</span> 
     </span>
     <span class='ocr_line' id='line_1_42' title="bbox 54 2554 1501 2613; baseline 0.006 -18"><span class='ocrx_word' id='word_1_351' title='bbox 54 2556 139 2595; x_wconf 78' lang='grc' dir='ltr'>ἐστὶ</span> <span class='ocrx_word' id='word_1_352' title='bbox 159 2560 241 2596; x_wconf 84' lang='grc' dir='ltr'>τῶν</span> <span class='ocrx_word' id='word_1_353' title='bbox 265 2558 355 2609; x_wconf 78' lang='grc' dir='ltr'><em>περὶ</em></span> <span class='ocrx_word' id='word_1_354' title='bbox 378 2556 474 2605; x_wconf 80' lang='grc' dir='ltr'><em>τοὺς</em></span> <span class='ocrx_word' id='word_1_355' title='bbox 496 2555 648 2606; x_wconf 83' lang='grc' dir='ltr'><em>τόπους</em></span> <span class='ocrx_word' id='word_1_356' title='bbox 668 2554 876 2608; x_wconf 71' lang='grc' dir='ltr'>ἐκείνους.)</span> <span class='ocrx_word' id='word_1_357' title='bbox 908 2558 973 2596; x_wconf 78' lang='grc' dir='ltr'>καὶ</span> <span class='ocrx_word' id='word_1_358' title='bbox 997 2561 1177 2600; x_wconf 78' lang='grc' dir='ltr'><em>καλεῖται</em></span> <span class='ocrx_word' id='word_1_359' title='bbox 1206 2561 1281 2612; x_wconf 70' lang='grc' dir='ltr'>μὲν</span> <span class='ocrx_word' id='word_1_360' title='bbox 1304 2562 1501 2613; x_wconf 73' lang='grc' dir='ltr'><em>Λίβανος</em></span> 
     </span>
     <span class='ocr_line' id='line_1_43' title="bbox 57 2613 1499 2665; baseline 0.007 -17"><span class='ocrx_word' id='word_1_361' title='bbox 57 2619 96 2649; x_wconf 89' lang='lat' dir='ltr'>et</span> <span class='ocrx_word' id='word_1_362' title='bbox 124 2615 232 2663; x_wconf 89' lang='lat' dir='ltr'>reliq.</span> <span class='ocrx_word' id='word_1_363' title='bbox 272 2614 391 2652; x_wconf 83' lang='lat' dir='ltr'>fuisse</span> <span class='ocrx_word' id='word_1_364' title='bbox 424 2618 615 2665; x_wconf 72' lang='lat' dir='ltr'>primitus.</span> <span class='ocrx_word' id='word_1_365' title='bbox 664 2613 731 2651; x_wconf 80' lang='lat' dir='ltr'>Sic</span> <span class='ocrx_word' id='word_1_366' title='bbox 760 2621 863 2651; x_wconf 88' lang='lat' dir='ltr'>certe</span> <span class='ocrx_word' id='word_1_367' title='bbox 890 2616 1024 2652; x_wconf 86' lang='lat' dir='ltr'>melius</span> <span class='ocrx_word' id='word_1_368' title='bbox 1056 2616 1328 2656; x_wconf 86' lang='lat' dir='ltr'>cohaerescent</span> <span class='ocrx_word' id='word_1_369' title='bbox 1359 2623 1499 2658; x_wconf 86' lang='lat' dir='ltr'>omnia.</span> 
     </span>
     <span class='ocr_line' id='line_1_44' title="bbox 56 2670 1503 2722; baseline 0.006 -16"><span class='ocrx_word' id='word_1_370' title='bbox 56 2670 243 2707; x_wconf 81' lang='lat' dir='ltr'>Peccatur</span> <span class='ocrx_word' id='word_1_371' title='bbox 261 2670 507 2713; x_wconf 61' lang='lat' dir='ltr'>tamemhaud</span> <span class='ocrx_word' id='word_1_372' title='bbox 529 2673 689 2717; x_wconf 86' lang='lat' dir='ltr'>leviter,</span> <span class='ocrx_word' id='word_1_373' title='bbox 719 2683 804 2708; x_wconf 87' lang='lat' dir='ltr'>cum</span> <span class='ocrx_word' id='word_1_374' title='bbox 826 2670 972 2709; x_wconf 88' lang='lat' dir='ltr'>Libano</span> <span class='ocrx_word' id='word_1_375' title='bbox 993 2673 1198 2721; x_wconf 83' lang='lat' dir='ltr'>tribuitur,</span> <span class='ocrx_word' id='word_1_376' title='bbox 1230 2675 1331 2722; x_wconf 81' lang='lat' dir='ltr'>quod</span> <span class='ocrx_word' id='word_1_377' title='bbox 1350 2676 1503 2715; x_wconf 82' lang='lat' dir='ltr'>Amano.</span> 
     </span>
     <span class='ocr_line' id='line_1_45' title="bbox 57 2725 1499 2782; baseline 0.007 -21"><span class='ocrx_word' id='word_1_378' title='bbox 57 2729 240 2766; x_wconf 76' lang='lat' dir='ltr'>convenit</span> <span class='ocrx_word' id='word_1_379' title='bbox 257 2729 390 2769; x_wconf 84' lang='lat' dir='ltr'>monti.</span> <span class='ocrx_word' id='word_1_380' title='bbox 424 2727 460 2764; x_wconf 86' lang='lat' dir='ltr'>Is</span> <span class='ocrx_word' id='word_1_381' title='bbox 477 2726 588 2778; x_wconf 69' lang='grc' dir='ltr'><em>παρὰ</em></span> <span class='ocrx_word' id='word_1_382' title='bbox 609 2725 683 2779; x_wconf 67' lang='grc' dir='ltr'>τὴν</span> <span class='ocrx_word' id='word_1_383' title='bbox 710 2725 906 2777; x_wconf 74' lang='grc' dir='ltr'><em>Φοινίκην</em></span> <span class='ocrx_word' id='word_1_384' title='bbox 929 2729 1188 2779; x_wconf 74' lang='grc' dir='ltr'><em>παρεκτείνει,</em></span> <span class='ocrx_word' id='word_1_385' title='bbox 1213 2738 1318 2768; x_wconf 89' lang='lat' dir='ltr'>ortus</span> <span class='ocrx_word' id='word_1_386' title='bbox 1339 2733 1384 2768; x_wconf 87' lang='lat' dir='ltr'>ab</span> <span class='ocrx_word' id='word_1_387' title='bbox 1406 2735 1499 2782; x_wconf 87' lang='lat' dir='ltr'>ipsis</span> 
     </span>
     <span class='ocr_line' id='line_1_46' title="bbox 56 2780 1497 2833; baseline 0.006 -15"><span class='ocrx_word' id='word_1_388' title='bbox 56 2780 177 2831; x_wconf 87' lang='lat' dir='ltr'>Pylis.</span> <span class='ocrx_word' id='word_1_389' title='bbox 207 2782 304 2819; x_wconf 85' lang='lat' dir='ltr'>Nam</span> <span class='ocrx_word' id='word_1_390' title='bbox 325 2783 460 2820; x_wconf 84' lang='lat' dir='ltr'>Libani</span> <span class='ocrx_word' id='word_1_391' title='bbox 481 2787 634 2822; x_wconf 81' lang='lat' dir='ltr'>initium</span> <span class='ocrx_word' id='word_1_392' title='bbox 654 2783 752 2824; x_wconf 82' lang='lat' dir='ltr'>baud</span> <span class='ocrx_word' id='word_1_393' title='bbox 768 2784 892 2833; x_wconf 58' lang='lat' dir='ltr'>‚longe</span> <span class='ocrx_word' id='word_1_394' title='bbox 913 2783 1064 2832; x_wconf 85' lang='lat' dir='ltr'>Tripoli</span> <span class='ocrx_word' id='word_1_395' title='bbox 1084 2793 1162 2833; x_wconf 85' lang='lat' dir='ltr'>cst,</span> <span class='ocrx_word' id='word_1_396' title='bbox 1192 2787 1238 2823; x_wconf 91' lang='lat' dir='ltr'>ab</span> <span class='ocrx_word' id='word_1_397' title='bbox 1260 2795 1415 2825; x_wconf 82' lang='lat' dir='ltr'>auctore</span> <span class='ocrx_word' id='word_1_398' title='bbox 1436 2803 1497 2827; x_wconf 86' lang='lat' dir='ltr'>sa-</span> 
     </span>
     <span class='ocr_line' id='line_1_47' title="bbox 56 2839 1494 2893; baseline 0.005 -19"><span class='ocrx_word' id='word_1_399' title='bbox 56 2839 107 2875; x_wconf 86' lang='lat' dir='ltr'>tis</span> <span class='ocrx_word' id='word_1_400' title='bbox 127 2845 303 2876; x_wconf 85' lang='lat' dir='ltr'>accurate</span> <span class='ocrx_word' id='word_1_401' title='bbox 323 2841 516 2891; x_wconf 83' lang='lat' dir='ltr'>signatum</span> <span class='ocrx_word' id='word_1_402' title='bbox 537 2840 579 2878; x_wconf 90' lang='lat' dir='ltr'>L.</span> <span class='ocrx_word' id='word_1_403' title='bbox 602 2839 837 2886; x_wconf 38' lang='grc' dir='ltr'>ΧΙΧ..58.,1</span> <span class='ocrx_word' id='word_1_404' title='bbox 852 2846 891 2876; x_wconf 88' lang='lat' dir='ltr'>et</span> <span class='ocrx_word' id='word_1_405' title='bbox 910 2839 1099 2879; x_wconf 85' lang='lat' dir='ltr'>Strabone</span> <span class='ocrx_word' id='word_1_406' title='bbox 1120 2841 1162 2879; x_wconf 93' lang='lat' dir='ltr'>L.</span> <span class='ocrx_word' id='word_1_407' title='bbox 1184 2842 1290 2880; x_wconf 80' lang='lat' dir='ltr'><strong>XVI.</strong></span> <span class='ocrx_word' id='word_1_408' title='bbox 1309 2857 1346 2893; x_wconf 89' lang='lat' dir='ltr'>p.</span> <span class='ocrx_word' id='word_1_409' title='bbox 1362 2846 1494 2886; x_wconf 88' lang='lat'><strong>1095.</strong></span> 
     </span>
    </p>
   </div>
  </div>
 </body>
</html>
