1828 3253
396 181 459 220 ΙΝ
492 180 604 219 LlB.
632 179 766 219 xlii.
805 180 930 218 CAP.
973 182 1048 222 67.
1076 201 1123 209 --
1148 184 1222 222 69.
1446 187 1534 226 677

85 301 333 346 potestatem3
361 292 589 344 Plutarchus
617 306 710 331 vero
731 292 914 331 ducentas
935 305 1053 331 naves
1083 304 1157 342 qua
1185 293 1361 334 hostibus
1381 306 1530 347 ereptas

86 364 160 401 qua
179 352 326 389 Atticas
349 363 433 388 cum
455 349 648 386 Alcibiade
674 351 715 385 in
734 348 932 386 Piraeeum
954 349 1073 386 fuisse
1100 352 1293 399 invectas,
1326 355 1524 403 plerasque

85 414 239 445 ornatas
268 408 414 457 clypeis
443 407 649 453 spoliisque
681 404 882 442 hostilibus
915 407 955 442 in
975 404 1098 445 Alcib.
1130 418 1166 453 p.
1188 409 1295 447 209.
1318 407 1360 446 Β.
1388 411 1518 450 refert,

85 463 162 501 Sed
181 463 269 500 vide
302 475 396 512 quae
415 461 630 498 Athenaeus
652 460 762 497 habet
781 460 822 498 L.
847 460 935 498 XII.
956 474 992 511 p.
1010 462 1112 502 535.
1135 461 1175 500 C.
1207 462 1357 512 Durim‚
1378 465 1519 504 Nostro

82 520 408 564 consentientem,
435 524 597 554 secutus.
622 517 762 556 Wnss.

196 576 298 615 595.
321 575 360 613 5.
402 571 454 612 Οἵ
474 570 507 611 δ’
540 570 685 624 ἄποροι
710 568 1030 625 ὗπειλῆᾳεισαν]
1070 571 1269 612 videndus
1291 574 1519 615 Plutarchus

80 632 120 667 in
143 631 264 668 Alcib.
284 643 318 679 p.
339 631 445 670 210.
465 628 508 666 B.
535 636 572 665 et
590 628 776 666 Isocrates
801 629 846 665 de
869 628 953 680 Big.
976 643 1009 679 p.
1037 630 1138 669 521.
1192 631 1302 675 Quod
1324 646 1415 670 vero
1437 641 1519 670 sta..

78 688 148 724 tim
176 687 422 734 consequitur
451 686 497 721 de
527 698 671 722 summa
703 685 914 722 Alcibiadis
946 688 986 722 in
1019 685 1181 723 dicendo
1209 690 1274 733 vi,
1314 689 1349 724 id
1374 688 1519 727 Comici

78 747 211 790 poetae
229 745 382 793 aegrius
403 741 563 781 ferrent.
611 740 772 790 Eupolis
791 749 892 780 certe
916 749 1065 793 praeter
1083 743 1320 792 loquentiam
1340 746 1399 781 illi
1420 745 1519 783 nihil

76 800 233 847 reliquit
255 805 347 835 noto
367 810 502 836 versu:

239 853 404 893 Λαλεΐν
425 851 612 903 ἄριστος,
645 848 963 898 ἀδυνατώτατος
982 850 1120 905 λέγειν.

74 908 152 946 Sed
173 911 206 947 is
230 917 268 946 et
288 912 465 946 inimicus
486 916 588 956 erat,
625 916 663 946 et
682 906 936 960 τραυλισμὸν
960 909 1168 947 Alcibiadis
1186 911 1427 960 potissimum
1450 926 1512 950 re-

73 967 200 1016 spicit,
232 967 279 1002 ab
303 967 451 1016 ingenii
481 979 558 1002 non
580 966 776 1003 dissimilis
796 969 906 1012 poe'ta
926 965 1158 1014 lepidissime
1177 974 1364 1016 notatum,

232 1017 358 1077 Ολᾶς
384 1020 547 1067 Θέωλος
565 1019 639 1073 τὴν
663 1018 817 1076 κεφαλ
786 1036 847 1073 »ην
865 1016 1074 1069 κόλακος
1061 1021 1152 1074 «ἤχει,

69 1079 112 1114 in
135 1077 247 1127 Vesp.
270 1091 305 1115 v.
331 1078 405 1117 45.
434 1077 570 1115 Wssss.

185 1135 288 1173 595
318 1136 387 1174 10.
425 1132 538 1173 Καθ’
564 1127 798 1185 ὑπερβολὴν
818 1130 1047 1186 εὖπρεπης]
1078 1133 1238 1172 Formae
1259 1134 1512 1184 pulchritudi-

69 1201 179 1236 nem,
209 1192 270 1226 cui
300 1189 459 1227 mirifice
490 1190 668 1226 studebat
693 1192 795 1239 ipse,
832 1190 1022 1227 Alcibiadi
1051 1191 1177 1239 plures
1206 1191 1401 1238 tribuunt,
1434 1206 1510 1229 κα-

68 1242 141 1284 λὸν
163 1247 420 1295 appellantes,
444 1253 486 1284 ut
506 1245 670 1296 Satyrus
690 1245 790 1297 apud
811 1245 949 1283 Athen.
970 1246 1060 1284 ΧΠ.
1081 1258 1117 1296 p.
1142 1247 1261 1294 534,
1293 1248 1358 1284 ubi
1386 1249 1508 1297 plura.

66 1301 202 1341 Wssss

179 1357 280 1397 595
310 1355 498 1397 11.Και
517 1371 593 1409 pcey
585 1357 646 1395 αλ
651 1324 870 1409 emffssolog]
903 1356 1046 1406 Interp.
1069 1359 1248 1396 versione
1268 1371 1336 1395 sua
1356 1373 1432 1410 με)
1424 1360 1506 1396 α).-

54 1411 255 1462 ἐπίβολον
288 1415 496 1461 expressit,
533 1425 606 1461 quo
635 1414 794 1464 ingenio
814 1413 1054 1450 Alcibiadem
1082 1414 1202 1451 fuisse
1223 1422 1395 1451 constat:
1439 1417 1506 1463 qui

64 1469 216 1517 quidem
244 1482 329 1506 cum
357 1481 467 1517 saepe
497 1471 691 1506 exstiterit
722 1465 911 1521 μεγάλων
941 1467 1131 1521 ἐπιτυχὴς
1160 1483 1205 1507 ac
1231 1483 1432 1521 prosperos
1460 1473 1503 1508 in

61 1528 238 1562 maximis
256 1526 369 1562 rebus
395 1538 591 1563 successus
611 1524 800 1573 habuerit,
835 1538 859 1564 a
878 1527 1037 1578 vulgato
1060 1538 1139 1563 non
1158 1526 1308 1564 recedo.
1356 1525 1500 1564 Confer

63 1589 142 1619 not.
163 1584 204 1619 in
231 1580 274 1618 L.
297 1581 325 1618 Ι.
352 1582 422 1621 19.
451 1581 588 1619 ὯΨΕΒΞ.

175 1639 278 1678 596.
301 1639 378 1678 21.
408 1635 494 1677 Τὸν
517 1634 647 1688 ἄνδρα
669 1631 819 1683 πάντες
840 1633 1084 1687 ἔδεξιοῖντο]
1111 1637 1186 1675 Adi
1201 1636 1501 1687 Xenophontem

60 1692 211 1731 Hellen.
238 1693 281 1730 L.
302 1693 330 1731 Ι.
353 1705 390 1741 p.
411 1694 515 1733 342.
546 1700 583 1729 et
600 1692 701 1730 Plut.
726 1693 849 1730 Alcib.
881 1706 916 1742 p.
938 1694 1047 1733 209.
1070 1693 1119 1730 D.
1146 1693 1283 1731 WVnss.

175 1751 278 1790 596-
307 1751 382 1790 27.
409 1745 567 1800 Διόπερ
601 1746 713 1801 αὐτῷ
734 1745 810 1800 τήν
834 1763 876 1787 τε
900 1747 1045 1788 οὐσίαν
1076 1747 1322 1799 ἀπέδωκαν]
1364 1750 1499 1787 Resti-

61 1812 148 1843 tuta
170 1819 264 1856 ergo
286 1806 378 1843 lauit?
397 1813 490 1843 sunt
505 1805 662 1856 publice
684 1804 809 1842 bona:
855 1806 1049 1856 iidemque
1068 1806 1131 1842 illi
1150 1805 1410 1856 Eumolpidae
1430 1818 1498 1843 sa-

59 1875 128 1899 cer
130 1864 239 1900 dotes
274 1875 414 1900 rursus
442 1874 657 1900 resacrare
687 1867 782 1898 sunt
813 1864 964 1908 coac-ti,
1000 1863 1070 1912 qui
1104 1874 1190 1898 eum
1228 1863 1496 1899 devoverant.-

50 1920 240 1970 pilaeque
262 1920 369 1965 illae,
394 1921 434 1956 in
455 1918 591 1970 quibus
610 1918 764 1955 devotio
775 1916 929 1963 fuerat
948 1920 1115 1969 scripta,
1146 1920 1185 1955 in
1205 1931 1293 1955 mar
1298 1932 1316 1954 e
1331 1920 1496 1969 praeci-

50 1977 226 2026 pitatae.
257 1974 323 2012 Sic
343 1973 457 2013 Corn.
478 1974 636 2024 Nepos
626 1987 669 2011 in
687 1973 811 2011 Alcib.
833 1987 865 2010 c.
878 1975 934 2020 6.,
952 1977 993 2010 in
1017 1987 1067 2010 eo
1084 1974 1323 2011 cumNostro
1344 1974 1495 2011 dissen-

56 2033 172 2078 tiens,
200 2037 245 2068 ut
263 2032 338 2068 iam
357 2033 448 2068 olim
467 2029 675 2068 Lambinus
694 2031 870 2076 monuit,
893 2029 1024 2078 quod
1014 2043 1109 2079 ipse
1115 2031 1211 2077 pilas
1224 2057 1235 2076 ,
1266 2031 1406 2078 quibus
1427 2030 1493 2066 ‹le-

55 2088 163 2125 votio
189 2088 316 2124 fuerat
351 2089 560 2135 inscripta,
597 2085 792 2122 Diodorus
822 2084 943 2132 δίκας·
971 2088 1211 2129 sententias,
1243 2087 1380 2134 quibus
1409 2092 1491 2122 erat

56 2144 353 2190 condemnatus,
389 2145 430 2180 in
458 2156 563 2180 mare
594 2142 786 2179 demersas
815 2141 1034 2179 tradiderit:
1066 2154 1316 2191 quamquam,
1348 2145 1380 2179 si
1409 2155 1490 2179 rem

53 2207 156 2236 recte
175 2206 298 2248 putes,
315 2196 446 2238 τᾶλλα
464 2195 516 2238 τὰ
537 2195 625 2237 κατ’
650 2195 804 2237 ἐκείνου
822 2194 1064 2248 κυρωθέντα
1086 2205 1123 2234 et
1141 2201 1251 2246 pilas,
1272 2210 1430 2246 quarum
1450 2205 1488 2234 et

55 2253 242 2292 Isocrates
273 2255 319 2292 de
337 2254 421 2306 Big.
443 2268 478 2305 p.
503 2254 608 2295 513.
643 2254 914 2300 conmeminit,
942 2255 1129 2303 conplecti
1152 2262 1322 2302 possunt.
1366 2253 1486 2304 Iunge

53 2310 300 2349 Plutarchum
319 2311 442 2351 Alcib.
465 2325 501 2361 p.
519 2312 628 2350 210.
651 2309 696 2346 Α.
717 2316 754 2346 et
772 2309 815 2346 P.
837 2308 1020 2359 Leopard.
1040 2309 1202 2348 Emeud.
1222 2310 1264 2347 L.
1285 2310 1347 2346 Vl.
1368 2311 1409 2349 4.
1442 2310 1488 2346 ln

52 2369 245 2418 integrum
265 2375 391 2405 autem
409 2369 612 2405 restitutus
633 2367 940 2417 amplissimaque
963 2379 1047 2403 cum
1068 2373 1254 2415 potestate
1275 2366 1354 2403 dux
1381 2379 1492 2403 crea·-

52 2430 114 2461 tus
145 2424 360 2461 Alcibiades
388 2425 512 2475 legem
537 2435 694 2473 rogasse
721 2422 866 2469 fertur,
899 2419 1059 2473 μηδένα
1080 2420 1311 2475 στρατηγὸν
1339 2421 1380 2459 ἐκ
1410 2423 1485 2460 τοῦ

55 2478 334 2531 στρατοπέδου
366 2477 688 2526 ἀνακαλεῖσθαι,
714 2491 762 2515 ne
786 2479 855 2528 qui
882 2479 963 2515 dux
990 2478 1040 2515 ab
1064 2481 1246 2517 exercita
1274 2491 1487 2515 revocare-

57 2542 132 2572 tur.
179 2534 325 2573 Memor
352 2538 455 2574 enim
486 2548 630 2582 eorum,
654 2547 750 2585 quae
774 2535 847 2570 sibi
868 2533 1062 2572 Siciliensi
1082 2535 1325 2585 expeditione
1345 2546 1486 2571 evene-

52 2599 163 2638 rant,
188 2593 352 2630 similem
372 2593 625 2630 calamitatem
644 2604 667 2628 a
686 2604 725 2627 se
746 2591 897 2627 amoliri
916 2590 987 2628 hac
1006 2592 1089 2641 lege
1111 2586 1337 2637 constituit,
1372 2589 1485 2626 modo

54 2661 188 2684 revera
209 2649 354 2695 perlata
372 2651 437 2687 sit.
474 2647 651 2685 Meminit
679 2649 760 2684 eius
784 2645 1020 2684 scholiastes
1038 2647 1278 2695 Aphthonii,
1299 2653 1412 2695 atque
1435 2656 1483 2681 ex

55 2717 99 2740 eo
125 2704 176 2740 10.
204 2703 393 2740 Mem-sius
414 2703 594 2741 Themid..
608 2703 687 2740 Att.
707 2702 751 2739 L.
770 2702 798 2740 Ι.
819 2705 838 2742 l
855 2704 891 2743 l.
923 2702 1001 2740 Sed
1023 2705 1148 2740 solent
1166 2715 1276 2750 saepe
1296 2700 1485 2738 Rhetores

53 2761 157 2810 leges
177 2762 251 2808 ipsi
269 2760 383 2806 ferre,
407 2767 450 2797 ut
472 2760 710 2798 declamandi
728 2766 925 2808 utramque
946 2761 986 2796 in
1011 2768 1154 2810 partem
1175 2760 1328 2796 uberior
1349 2760 1399 2794 sit
1423 2770 1487 2793 oc-

57 2818 174 2855 casio.
203 2815 279 2852 Fac
300 2823 425 2853 tamen
445 2818 560 2854 latam
581 2826 686 2863 esse3
713 2828 837 2865 neque
858 2816 960 2854 enim
979 2828 1005 2853 a.
1024 2829 1117 2854 vero
1131 2815 1304 2862 dissidet,
1323 2815 1491 2851 Alcibia-
