1828 3253
368 197 431 237 ΙΝ
463 196 575 236 LIB.
601 195 725 235 XIV.
754 194 882 236 CAP.
916 195 1141 239 14.—17.
1387 200 1477 240 729

33 313 191 367 Βηιους
220 312 396 360 deberet,
429 312 620 348 monitore
640 309 741 347 Phil.
759 307 940 347 Cluverio
961 308 1044 347 Ital.
1067 309 1156 347 Ant.
1180 309 1224 351 L.
1249 309 1297 349 11.
1316 325 1352 363 p.
1374 312 1477 354 534.

37 373 141 416 Quae
162 377 371 420 sequuntur
403 359 550 404 defecta
579 373 669 404 sunt
688 369 834 404 caussis
867 367 955 403 belli
986 366 1203 416 Veientini,
1232 379 1325 417 quas
1344 369 1481 409 Livius

36 428 142 466 dabit
162 426 203 464 L.
225 426 288 464 lv.
315 426 386 466 58
414 423 553 461 WESS.

148 484 253 524 652.
279 482 318 522 5.
347 477 432 520 Δια
454 474 649 525 τοιαύτας
670 476 831 530 αἷτιάς]
860 477 935 515 Hic
955 478 1100 527 aliquid
1123 479 1370 519 desideratur.
1399 482 1480 520 Ex-

36 541 191 590 plicatio
216 539 400 577 videlicet
429 548 629 574 causarum
651 536 754 575 belli.
793 533 869 572 Pro
893 531 1117 575 Τούσκλων
1136 549 1229 574 vero
1254 534 1479 580 Οὐόλσκων

38 608 86 633 ex
109 596 233 634 Livio.
268 593 404 633 Ruon.

150 653 255 692 652.
288 653 327 691 5.
377 643 484 688 Τότε
515 642 696 699 πρώτοις
729 667 777 674 -·
816 643 921 687 καθ’ὶ
956 644 1130 687 ἕκαστον
1161 646 1348 690 ἐνιαυτὸν
1376 650 1480 707 etc.]

35 707 136 746 Puto
156 709 276 745 fuisse
299 706 478 756 πρῶτον.
523 703 565 741 ld
586 717 678 742 vero
703 705 878 754 egregie,
909 704 1009 752 quod
1031 702 1128 743 καθ’
1153 703 1327 745 ἕκαστον
1348 707 1481 747 ἐνιαυ-

36 760 110 803 τὸν
129 763 318 812 stipendia
336 763 452 799 militi
472 760 626 797 decreta
642 761 780 809 prodit.
802 759 892 797 Fuit
910 762 1012 797 enim
1032 762 1278 811 stipendium,
1298 766 1397 812 quod
1420 769 1482 803 in-

37 822 106 858 itio
135 820 324 858 militibus
356 817 456 867 apud
487 816 680 854 Romanos
707 823 767 853 est
792 818 1068 865 constitutum,
1097 830 1175 854 non
1206 819 1382 858 diurnum
1411 835 1484 859 nec

35 883 286 926 menstruum,
314 874 381 912 sed
401 887 586 920 annuum.
615 873 927 922 quemadmodum
947 873 1037 910 hinc
1057 880 1095 910 et
1114 875 1276 913 aliorum
1297 880 1482 927 exemplis

36 938 300 971 conmonstrat
319 931 613 981 diligentissime
625 929 724 969 Nob.
745 928 918 967 Radbod.
941 929 1118 968 schelius
1135 929 1299 971 Dissert.
1320 933 1365 970 de
1378 934 1479 984 stip.

37 987 151 1027 Milit.
175 1003 209 1039 p.
231 990 338 1028 202.
376 987 510 1025 Wnss.

150 1047 256 1087 652.
287 1045 330 1085 9.
366 1045 458 1083 Νῦν
478 1040 513 1081 δ’
546 1038 663 1093 ὄνομ.
693 1040 931 1096 Ταρακίνη]
963 1041 1019 1081 Ut
1037 1043 1221 1081 conmode
1243 1046 1483 1098 subintelligi

38 1097 281 1153 ὀνομάζεται
305 1106 442 1151 potest,
473 1101 529 1136 ita
548 1101 631 1136 sine
648 1098 795 1149 flagitio
817 1099 963 1136 adesse.
993 1099 1147 1137 Maneat
1165 1114 1269 1152 ergo.
1314 1102 1356 1138 ln
1376 1104 1481 1141 urbis

38 1161 193 1196 nomine
211 1160 381 1208 plerique
401 1157 579 1194 caninam
605 1158 815 1206 geminant.
847 1155 1030 1205 Adposite
1053 1156 1186 1194 Livius
1211 1158 1273 1195 lv.
1300 1159 1370 1198 59.
1400 1160 1483 1197 Αη-

38 1228 120 1252 xur
135 1214 251 1262 fuit,
281 1227 383 1265 quae
399 1226 504 1251 nunc
525 1211 778 1251 Ίιινναείηασ
809 1219 923 1259 εαητς
951 1212 1019 1250 ubi
1041 1211 1119 1250 Cel.
1140 1208 1493 1254 Drakenborchius

38 1273 161 1322 plura.
187 1270 326 1308 YVESS.

152 1321 599 1374 652.1].Μικι’ων]
645 1323 815 1364 ΖΠίκων
829 1331 990 1362 vocatur
1019 1327 1060 1362 in
1106 1333 1334 1377 argumento
1366 1327 1485 1377 Soph.
1497 1324 1499 1327 ⁴

41 1382 178 1432 Oedip.
193 1381 276 1422 Col.
297 1382 570 1428 Laurentiano,
591 1392 703 1431 quam
721 1393 853 1420 veram
877 1395 959 1420 esse
979 1383 1210 1434 scripturam
1229 1395 1277 1421 ex
1295 1397 1484 1424 marmore

41 1438 306 1478 Arundeliano
329 1444 492 1475 constat.

154 1496 365 1537 652.12.
409 1495 535 1540 Τῖτος
572 1492 765 1540 Κοιντιος
801 1499 872 1530 etc.
883 1492 897 1545 ]
943 1493 1112 1533 Nomina
1145 1493 1254 1534 Trib.
1285 1495 1398 1534 Milit.
1431 1500 1487 1535 sic

42 1552 204 1590 emenda
223 1560 261 1589 et
278 1551 436 1599 supple:
468 1550 519 1589 T.
541 1549 760 1617 Κο“ι’·γκτιος
779 1556 851 1588 etc.
882 1551 940 1589 A
964 1547 1171 1599 Μάιλιος,
1197 1551 1264 1590 καὶ
1288 1553 1392 1605 Κοί9
1394 1568 1490 1600 κτος

43 1609 262 1675 Κοΐγκτιος
291 1607 556 1652 ΚικινιΙᾶτος,
580 1605 646 1644 καὶ
666 1601 850 1652 Λευκιος
883 1602 1064 1658 Φουριος
1087 1608 1397 1655 Μεδουλλῖτος,
1423 1625 1492 1648 και

43 1660 213 1711 Mdmog
229 1663 425 1715 Αἷμίλιος
447 1657 689 1713 Μάμερκος.
715 1661 773 1700 lta
793 1675 896 1700 emm
907 1662 1042 1702 Livius
1061 1677 1126 1701 eos
1146 1672 1334 1701 recenset.
1354 1664 1489 1703 Rnon.

45 1718 199 1758 Desunt
231 1733 251 1757 e
278 1732 347 1757 sex
378 1717 564 1756 Tribunis
595 1719 759 1755 militum
789 1722 1078 1758 amanuensium
1102 1733 1231 1758 errore
1252 1728 1351 1768 tres,
1387 1723 1490 1772 quod

45 1776 216 1828 Pighio'
205 1789 247 1814 m
268 1775 396 1814 Fastis
418 1774 467 1812 ad
485 1787 575 1812 ann.
595 1784 814 1811 CCCXLV111.
835 1788 912 1812 non
935 1777 1058 1813 latuit.
1100 1775 1192 1813 Tito
1215 1778 1398 1821 Quinctio
1419 1792 1488 1815 su-

46 1846 113 1871 um
132 1846 271 1873 nomen
289 1831 456 1878 reddidi,
492 1830 592 1879 quod
617 1837 655 1867 et
679 1831 726 1871 A.
753 1831 906 1868 Manlio
925 1832 1116 1879 fecissem,
1147 1834 1182 1871 si
1201 1832 1362 1872 schedae
1383 1842 1491 1873 vete-

47 1902 111 1928 res
131 1892 287 1940 propius
303 1888 483 1926 abissent.
512 1886 608 1925 Vide
628 1885 781 1926 Livium
801 1888 864 1925 lv.
884 1889 958 1928 61
986 1888 1125 1926 lVEss.

160 1945 371 1987 652-13.
410 1942 496 1983 Και
527 1942 693 1994 Αυλος]
735 1943 887 1980 Desunt
914 1946 1148 1995 reliquorum
1178 1947 1295 1984 trium
1324 1949 1493 1986 nomina.

48 2000 116 2039 Sic
136 2016 229 2042 vero
250 2008 290 2040 et
311 2001 405 2038 alibi
425 2012 473 2038 ex
493 2011 561 2036 sex
582 2002 792 2038 numeratis
811 2008 889 2037 tres
910 2007 1062 2040 tantum
1083 2003 1274 2041 nominati
1295 2006 1495 2053 reperiun-

49 2064 114 2096 tur
132 2061 174 2097 in
199 2059 342 2096 nostris
362 2055 659 2106 exemplaribus,
688 2064 730 2094 ut
749 2070 784 2106 p.
807 2057 914 2097 420.
943 2056 1099 2095 STEPH-

163 2116 270 2156 652.
300 2115 375 2154 21.
416 2107 666 2167 Μετῴκισαν
695 2110 775 2152 ἀπὸ
797 2115 872 2164 τῆς
890 2109 1105 2166 θαλάττης
1125 2116 1225 2164 etc.]
1267 2114 1392 2153 Situm
1412 2118 1494 2153 eiu-

52 2171 103 2208 αεὶ
122 2183 225 2209 mare
245 2169 465 2219 Thucydid.
483 2168 527 2208 L.
554 2167 654 2206 vlu.
679 2169 752 2208 95.
772 2171 913 2218 signat.
944 2169 1108 2208 Pausan.
1130 2170 1247 2208 Attio.
1268 2185 1301 2209 c.
1322 2173 1395 2211 34.
1424 2185 1494 2210 sua

52 2234 179 2264 aetate
199 2225 263 2266 ἐπὶ
283 2221 509 2277 θαλάσσης
537 2225 658 2263 fuisse
683 2225 798 2271 dicit,
826 2226 927 2273 quod
948 2229 1079 2265 stricte
1097 2240 1176 2264 non
1199 2241 1282 2265 esse
1302 2230 1497 2278 accipien-

55 2283 143 2320 dum
157 2310 168 2330 ‚
197 2282 287 2321 hinc
305 2283 448 2332 liquet,
476 2288 588 2330 atque
609 2293 658 2318 ex
679 2280 847 2330 Spania,
878 2284 943 2331 qui
959 2284 1064 2321 urbis
1084 2283 1246 2331 rudera,
1276 2295 1305 2322 ιι
1337 2283 1388 2322 Μ.
1411 2286 1452 2322 Ρ.
1472 2298 1497 2322 a

55 2341 152 2377 mari
172 2339 388 2385 disiuncta,
413 2338 595 2376 lustravit
614 2337 701 2375 ltin.
724 2336 772 2375 T.
792 2337 840 2374 ll.
863 2352 898 2388 p.
920 2340 1026 2379 243.
1054 2338 1127 2378 Usi
1147 2347 1271 2378 autem
1297 2344 1499 2379 occasione

55 2395 234 2433 adflictae
254 2395 363 2432 urbis
391 2393 541 2431 Atticae
563 2392 741 2431 Thebani
759 2393 943 2432 videntur
972 2398 1010 2433 in
1033 2396 1256 2445 occupanda
1277 2403 1315 2434 et
1335 2397 1500 2436 Boeoto-

56 2465 143 2489 rum
162 2453 343 2489 conmuni
371 2450 624 2489 adscribenda
643 2449 796 2501 Oropo,
826 2459 1080 2490 controversa
1098 2455 1256 2502 alioqui.
1300 2454 1387 2492 Vid.
1408 2455 1499 2491 infr.

59 2507 103 2545 L.
123 2506 210 2545 XV.
233 2509 304 2547 76-
345 2506 481 2545 WEss.

173 2563 279 2604 652.
298 2565 373 2604 26.
398 2559 490 2602 ’Ότι
511 2559 759 2602 Παυσανίαν
779 2558 853 2601 τὸν
872 2561 1047 2613 βασιλέα
1066 2561 1205 2605 αὐτῶν
1230 2561 1500 2615 διεκώλυσαν]

62 2619 154 2656 Abit
170 2618 234 2656 hic
257 2621 370 2670 longe
390 2617 584 2657 Diodorus
602 2631 625 2656 a
642 2617 922 2668 Xenophonte,
952 2623 1019 2670 qui
1039 2621 1174 2671 Agim,
1204 2635 1251 2658 ne
1273 2623 1390 2658 sacris
1413 2635 1503 2671 ope-

62 2682 233 2722 raretur,
260 2676 307 2712 ab
327 2675 433 2712 Eleis
461 2674 716 2723 prohibitum,
743 2675 978 2724 eundemque
998 2678 1040 2714 in
1059 2677 1240 2715 Eleorum
1262 2691 1395 2727 agrum
1416 2680 1504 2714 vin-

0 2772 1 2776 ,
65 2731 250 2774 dicandae
275 2732 438 2768 iniuriae
457 2732 658 2768 inmissum
679 2731 830 2779 publice
852 2733 970 2769 refert
990 2732 1079 2771 Rer.
1100 2734 1167 2771 Gr.
1197 2734 1239 2771 L.
1264 2733 1328 2770 lll.
1349 2747 1384 2783 p.
1400 2735 1504 2773 383.

65 2787 209 2825 Eadem
229 2787 437 2824 Pausanias
458 2786 500 2823 L.
523 2786 587 2824 [ll.
612 2790 652 2828 8.
691 2787 822 2835 ltaque
840 2790 957 2826 alium
976 2789 1050 2827 sibi
1069 2790 1225 2836 ducem,
1258 2791 1358 2827 forte
1378 2789 1506 2827 Theo-

67 2857 254 2894 pompum,
277 2845 318 2881 in
338 2842 398 2880 his
416 2843 661 2880 recensendis
681 2844 785 2895 legit.
815 2842 978 2882 caussae
999 2852 1124 2884 tamen
1148 2848 1234 2884 belli
1260 2845 1360 2894 apud
1380 2853 1500 2883 utros-
