<?xml version="1.0" encoding="UTF-8"?>
<!DOCTYPE html PUBLIC "-//W3C//DTD XHTML 1.0 Transitional//EN"
    "http://www.w3.org/TR/xhtml1/DTD/xhtml1-transitional.dtd">
<html xmlns="http://www.w3.org/1999/xhtml" xml:lang="en" lang="en">
 <head>
  <title>
</title>
<meta http-equiv="Content-Type" content="text/html;charset=utf-8" />
  <meta name='ocr-system' content='tesseract 3.04.00' />
  <meta name='ocr-capabilities' content='ocr_page ocr_carea ocr_par ocr_line ocrx_word'/>
</head>
<body>
  <div class='ocr_page' id='page_1' title='image "./bibliothecahisto04dioduoft_0070.png"; bbox 0 0 1828 3253; ppageno 0'>
   <div class='ocr_carea' id='block_1_1' title="bbox 345 114 1308 159">
    <p class='ocr_par' dir='ltr' id='par_1_1' title="bbox 345 114 1308 159">
     <span class='ocr_line' id='line_1_1' title="bbox 345 114 1308 159; baseline -0.002 -2"><span class='ocrx_word' id='word_1_1' title='bbox 345 116 401 158; x_wconf 80' lang='lat'><strong>58</strong></span> <span class='ocrx_word' id='word_1_2' title='bbox 794 114 1308 159; x_wconf 85' lang='lat' dir='ltr'>ANNOTATIONES</span> 
     </span>
    </p>
   </div>
   <div class='ocr_carea' id='block_1_2' title="bbox 322 229 1776 2818">
    <p class='ocr_par' dir='ltr' id='par_1_2' title="bbox 335 229 1775 620">
     <span class='ocr_line' id='line_1_2' title="bbox 338 229 1773 284; baseline 0.003 -16"><span class='ocrx_word' id='word_1_3' title='bbox 338 230 394 268; x_wconf 82' lang='lat' dir='ltr'><strong>Et</strong></span> <span class='ocrx_word' id='word_1_4' title='bbox 412 229 546 278; x_wconf 79' lang='lat' dir='ltr'><strong>faba,</strong></span> <span class='ocrx_word' id='word_1_5' title='bbox 580 230 727 280; x_wconf 79' lang='lat' dir='ltr'><strong>inquit,</strong></span> <span class='ocrx_word' id='word_1_6' title='bbox 764 230 987 284; x_wconf 77' lang='lat' dir='ltr'><strong>Aegyptia,</strong></span> <span class='ocrx_word' id='word_1_7' title='bbox 1026 246 1046 271; x_wconf 81' lang='lat' dir='ltr'><strong>e</strong></span> <span class='ocrx_word' id='word_1_8' title='bbox 1079 245 1158 284; x_wconf 81' lang='lat' dir='ltr'><strong>qua</strong></span> <span class='ocrx_word' id='word_1_9' title='bbox 1190 233 1399 280; x_wconf 76' lang='lat' dir='ltr'><strong>ciborium,</strong></span> <span class='ocrx_word' id='word_1_10' title='bbox 1441 234 1523 271; x_wconf 85' lang='lat' dir='ltr'><strong>sive</strong></span> <span class='ocrx_word' id='word_1_11' title='bbox 1552 233 1660 272; x_wconf 83' lang='lat' dir='ltr'><strong>fabae</strong></span> <span class='ocrx_word' id='word_1_12' title='bbox 1691 235 1773 272; x_wconf 86' lang='lat' dir='ltr'><strong>eius</strong></span> 
     </span>
     <span class='ocr_line' id='line_1_3' title="bbox 336 286 1774 340; baseline 0.001 -16"><span class='ocrx_word' id='word_1_13' title='bbox 336 301 511 338; x_wconf 86' lang='lat' dir='ltr'><strong>granum.</strong></span> <span class='ocrx_word' id='word_1_14' title='bbox 544 286 715 326; x_wconf 83' lang='lat' dir='ltr'><strong>Diodoro</strong></span> <span class='ocrx_word' id='word_1_15' title='bbox 733 291 840 338; x_wconf 86' lang='lat' dir='ltr'><strong>paria</strong></span> <span class='ocrx_word' id='word_1_16' title='bbox 857 291 952 328; x_wconf 84' lang='lat' dir='ltr'><strong>facit</strong></span> <span class='ocrx_word' id='word_1_17' title='bbox 969 289 1214 327; x_wconf 82' lang='lat' dir='ltr'><strong>Dioscorides</strong></span> <span class='ocrx_word' id='word_1_18' title='bbox 1234 289 1299 327; x_wconf 86' lang='lat'><strong>111.</strong></span> <span class='ocrx_word' id='word_1_19' title='bbox 1325 291 1427 331; x_wconf 86' lang='lat'><strong>148.</strong></span> <span class='ocrx_word' id='word_1_20' title='bbox 1447 290 1547 340; x_wconf 86' lang='lat' dir='ltr'><strong>quod</strong></span> <span class='ocrx_word' id='word_1_21' title='bbox 1570 298 1608 327; x_wconf 91' lang='lat' dir='ltr'><strong>et</strong></span> <span class='ocrx_word' id='word_1_22' title='bbox 1625 292 1774 328; x_wconf 88' lang='lat' dir='ltr'><strong>monuit</strong></span> 
     </span>
     <span class='ocr_line' id='line_1_4' title="bbox 336 341 1775 398; baseline 0.001 -17"><span class='ocrx_word' id='word_1_23' title='bbox 336 343 392 381; x_wconf 80' lang='lat' dir='ltr'><strong>cl.</strong></span> <span class='ocrx_word' id='word_1_24' title='bbox 407 343 618 381; x_wconf 78' lang='lat' dir='ltr'>Salmasius</span> <span class='ocrx_word' id='word_1_25' title='bbox 637 346 678 382; x_wconf 86' lang='lat' dir='ltr'><strong>in</strong></span> <span class='ocrx_word' id='word_1_26' title='bbox 698 343 823 384; x_wconf 86' lang='lat' dir='ltr'><strong>Solin.</strong></span> <span class='ocrx_word' id='word_1_27' title='bbox 852 359 889 395; x_wconf 85' lang='lat' dir='ltr'><strong>p.</strong></span> <span class='ocrx_word' id='word_1_28' title='bbox 915 347 1020 386; x_wconf 83' lang='lat'><strong>679.</strong></span> <span class='ocrx_word' id='word_1_29' title='bbox 1052 345 1188 383; x_wconf 83' lang='lat' dir='ltr'><strong>Posset</strong></span> <span class='ocrx_word' id='word_1_30' title='bbox 1205 348 1350 394; x_wconf 80' lang='lat' dir='ltr'>alioqui</span> <span class='ocrx_word' id='word_1_31' title='bbox 1366 344 1412 386; x_wconf 83' lang='grc' dir='ltr'><strong>τὸ</strong></span> <span class='ocrx_word' id='word_1_32' title='bbox 1435 341 1626 398; x_wconf 73' lang='grc' dir='ltr'><strong>κιβώριον</strong></span> <span class='ocrx_word' id='word_1_33' title='bbox 1650 350 1775 394; x_wconf 87' lang='lat' dir='ltr'><strong>ipsum</strong></span> 
     </span>
     <span class='ocr_line' id='line_1_5' title="bbox 336 401 1771 449; baseline 0.002 -11"><span class='ocrx_word' id='word_1_34' title='bbox 336 413 419 438; x_wconf 87' lang='lat' dir='ltr'><strong>esse</strong></span> <span class='ocrx_word' id='word_1_35' title='bbox 440 401 660 448; x_wconf 76' lang='lat' dir='ltr'><strong>vasculum,</strong></span> <span class='ocrx_word' id='word_1_36' title='bbox 687 402 788 449; x_wconf 87' lang='lat' dir='ltr'><strong>quod</strong></span> <span class='ocrx_word' id='word_1_37' title='bbox 807 403 943 439; x_wconf 89' lang='lat' dir='ltr'><strong>loculis</strong></span> <span class='ocrx_word' id='word_1_38' title='bbox 962 406 1041 440; x_wconf 90' lang='lat' dir='ltr'><strong>suis</strong></span> <span class='ocrx_word' id='word_1_39' title='bbox 1063 403 1236 440; x_wconf 85' lang='lat' dir='ltr'><strong>fabarum</strong></span> <span class='ocrx_word' id='word_1_40' title='bbox 1255 416 1385 440; x_wconf 87' lang='lat' dir='ltr'><strong>carum</strong></span> <span class='ocrx_word' id='word_1_41' title='bbox 1403 404 1568 440; x_wconf 86' lang='lat' dir='ltr'><strong>fructum</strong></span> <span class='ocrx_word' id='word_1_42' title='bbox 1588 405 1771 441; x_wconf 86' lang='lat' dir='ltr'><strong>continet.</strong></span> 
     </span>
     <span class='ocr_line' id='line_1_6' title="bbox 335 456 1774 507; baseline 0.002 -15"><span class='ocrx_word' id='word_1_43' title='bbox 335 456 404 493; x_wconf 89' lang='lat' dir='ltr'><strong>sed</strong></span> <span class='ocrx_word' id='word_1_44' title='bbox 432 459 537 506; x_wconf 87' lang='lat' dir='ltr'><strong>prius</strong></span> <span class='ocrx_word' id='word_1_45' title='bbox 557 459 697 494; x_wconf 85' lang='lat' dir='ltr'><strong>malim.</strong></span> <span class='ocrx_word' id='word_1_46' title='bbox 753 456 812 494; x_wconf 87' lang='lat' dir='ltr'><strong>De</strong></span> <span class='ocrx_word' id='word_1_47' title='bbox 833 460 964 506; x_wconf 89' lang='lat' dir='ltr'><strong>planta</strong></span> <span class='ocrx_word' id='word_1_48' title='bbox 987 461 1069 507; x_wconf 91' lang='lat' dir='ltr'><strong>ipsa</strong></span> <span class='ocrx_word' id='word_1_49' title='bbox 1088 458 1285 496; x_wconf 77' lang='lat' dir='ltr'>herbariae</span> <span class='ocrx_word' id='word_1_50' title='bbox 1313 462 1371 497; x_wconf 90' lang='lat' dir='ltr'><strong>rei</strong></span> <span class='ocrx_word' id='word_1_51' title='bbox 1401 459 1583 497; x_wconf 80' lang='lat' dir='ltr'>studiosis</span> <span class='ocrx_word' id='word_1_52' title='bbox 1613 458 1774 496; x_wconf 87' lang='lat' dir='ltr'><strong>necdum</strong></span> 
     </span>
     <span class='ocr_line' id='line_1_7' title="bbox 336 513 1774 565; baseline 0.003 -16"><span class='ocrx_word' id='word_1_53' title='bbox 336 513 432 549; x_wconf 90' lang='lat' dir='ltr'><strong>bene</strong></span> <span class='ocrx_word' id='word_1_54' title='bbox 461 516 653 550; x_wconf 85' lang='lat' dir='ltr'><strong>convenit.</strong></span> <span class='ocrx_word' id='word_1_55' title='bbox 692 514 777 550; x_wconf 81' lang='lat' dir='ltr'><strong>vid.</strong></span> <span class='ocrx_word' id='word_1_56' title='bbox 809 514 863 554; x_wconf 87' lang='lat' dir='ltr'><strong>Io.</strong></span> <span class='ocrx_word' id='word_1_57' title='bbox 893 515 1137 565; x_wconf 86' lang='lat' dir='ltr'><strong>Vestingium</strong></span> <span class='ocrx_word' id='word_1_58' title='bbox 1160 514 1360 553; x_wconf 80' lang='lat' dir='ltr'><strong>observat.</strong></span> <span class='ocrx_word' id='word_1_59' title='bbox 1379 517 1419 552; x_wconf 89' lang='lat' dir='ltr'><strong>in</strong></span> <span class='ocrx_word' id='word_1_60' title='bbox 1439 515 1572 565; x_wconf 87' lang='lat' dir='ltr'><strong>Prosp.</strong></span> <span class='ocrx_word' id='word_1_61' title='bbox 1594 515 1722 565; x_wconf 89' lang='lat' dir='ltr'><strong>Alpin.</strong></span> <span class='ocrx_word' id='word_1_62' title='bbox 1740 529 1774 553; x_wconf 89' lang='lat' dir='ltr'><strong>e.</strong></span> 
     </span>
     <span class='ocr_line' id='line_1_8' title="bbox 336 568 1718 620; baseline 0.001 -15"><span class='ocrx_word' id='word_1_63' title='bbox 336 570 411 609; x_wconf 85' lang='lat'><strong>33.</strong></span> <span class='ocrx_word' id='word_1_64' title='bbox 436 575 473 605; x_wconf 88' lang='lat' dir='ltr'><strong>et</strong></span> <span class='ocrx_word' id='word_1_65' title='bbox 492 569 545 606; x_wconf 82' lang='lat' dir='ltr'><strong>lo.</strong></span> <span class='ocrx_word' id='word_1_66' title='bbox 564 568 755 608; x_wconf 87' lang='lat' dir='ltr'><strong>Bodaeum</strong></span> <span class='ocrx_word' id='word_1_67' title='bbox 776 583 799 607; x_wconf 87' lang='lat' dir='ltr'><strong>a</strong></span> <span class='ocrx_word' id='word_1_68' title='bbox 821 570 953 620; x_wconf 86' lang='lat' dir='ltr'><strong>Stapel</strong></span> <span class='ocrx_word' id='word_1_69' title='bbox 971 574 1012 608; x_wconf 90' lang='lat' dir='ltr'><strong>in</strong></span> <span class='ocrx_word' id='word_1_70' title='bbox 1031 570 1287 619; x_wconf 75' lang='lat' dir='ltr'><strong>Theophrasti</strong></span> <span class='ocrx_word' id='word_1_71' title='bbox 1310 571 1375 609; x_wconf 92' lang='lat' dir='ltr'><strong>IV.</strong></span> <span class='ocrx_word' id='word_1_72' title='bbox 1393 583 1428 620; x_wconf 91' lang='lat' dir='ltr'><strong>p.</strong></span> <span class='ocrx_word' id='word_1_73' title='bbox 1448 573 1556 611; x_wconf 73' lang='lat'><strong>445.</strong></span> <span class='ocrx_word' id='word_1_74' title='bbox 1583 571 1718 609; x_wconf 56' lang='lat' dir='ltr'><strong>WVESS.</strong></span> 
     </span>
    </p>

    <p class='ocr_par' dir='ltr' id='par_1_3' title="bbox 331 623 1776 903">
     <span class='ocr_line' id='line_1_9' title="bbox 444 623 1775 680; baseline -0.001 -15"><span class='ocrx_word' id='word_1_75' title='bbox 444 626 519 666; x_wconf 87' lang='lat'><strong>40.</strong></span> <span class='ocrx_word' id='word_1_76' title='bbox 542 627 614 666; x_wconf 78' lang='lat'><strong>71.</strong></span> <span class='ocrx_word' id='word_1_77' title='bbox 644 626 730 665; x_wconf 78' lang='grc' dir='ltr'><strong>Καὶ</strong></span> <span class='ocrx_word' id='word_1_78' title='bbox 749 623 892 680; x_wconf 69' lang='grc' dir='ltr'><em>φύσεις</em></span> <span class='ocrx_word' id='word_1_79' title='bbox 913 626 1105 679; x_wconf 78' lang='grc' dir='ltr'><strong>πλείους]</strong></span> <span class='ocrx_word' id='word_1_80' title='bbox 1137 628 1370 665; x_wconf 86' lang='lat' dir='ltr'><strong>Glossatoris</strong></span> <span class='ocrx_word' id='word_1_81' title='bbox 1395 629 1557 665; x_wconf 87' lang='lat' dir='ltr'><strong>alicuius</strong></span> <span class='ocrx_word' id='word_1_82' title='bbox 1577 641 1775 665; x_wconf 87' lang='lat' dir='ltr'><strong>assumen-</strong></span> 
     </span>
     <span class='ocr_line' id='line_1_10' title="bbox 332 680 1776 737; baseline 0.003 -19"><span class='ocrx_word' id='word_1_83' title='bbox 332 688 415 719; x_wconf 81' lang='lat' dir='ltr'><strong>tum</strong></span> <span class='ocrx_word' id='word_1_84' title='bbox 450 689 519 719; x_wconf 86' lang='lat' dir='ltr'><strong>est.</strong></span> <span class='ocrx_word' id='word_1_85' title='bbox 545 681 679 720; x_wconf 77' lang='lat' dir='ltr'><strong>Rnon.</strong></span> <span class='ocrx_word' id='word_1_86' title='bbox 735 682 933 737; x_wconf 70' lang='grc' dir='ltr'><em>Δένὸρων</em></span> <span class='ocrx_word' id='word_1_87' title='bbox 960 682 1054 736; x_wconf 69' lang='grc' dir='ltr'><strong>γένη</strong></span> <span class='ocrx_word' id='word_1_88' title='bbox 1087 683 1211 723; x_wconf 75' lang='grc' dir='ltr'><em>πλείω</em></span> <span class='ocrx_word' id='word_1_89' title='bbox 1239 683 1307 723; x_wconf 83' lang='grc' dir='ltr'><strong>καὶ</strong></span> <span class='ocrx_word' id='word_1_90' title='bbox 1339 680 1523 733; x_wconf 73' lang='grc' dir='ltr'>τούτων]</span> <span class='ocrx_word' id='word_1_91' title='bbox 1553 683 1679 721; x_wconf 85' lang='lat' dir='ltr'><strong>Probo</strong></span> <span class='ocrx_word' id='word_1_92' title='bbox 1698 686 1776 722; x_wconf 81' lang='lat' dir='ltr'><strong>viri</strong></span> 
     </span>
     <span class='ocr_line' id='line_1_11' title="bbox 332 737 1775 789; baseline 0.003 -15"><span class='ocrx_word' id='word_1_93' title='bbox 332 737 437 775; x_wconf 87' lang='lat' dir='ltr'><strong>docti</strong></span> <span class='ocrx_word' id='word_1_94' title='bbox 464 739 846 777; x_wconf 86' lang='lat' dir='ltr'><strong>animadversionem.</strong></span> <span class='ocrx_word' id='word_1_95' title='bbox 902 739 1049 788; x_wconf 85' lang='lat' dir='ltr'><strong>Scripsi</strong></span> <span class='ocrx_word' id='word_1_96' title='bbox 1078 747 1273 789; x_wconf 84' lang='lat' dir='ltr'><strong>praeterea</strong></span> <span class='ocrx_word' id='word_1_97' title='bbox 1303 737 1386 779; x_wconf 64' lang='grc' dir='ltr'><em>ἔστι</em></span> <span class='ocrx_word' id='word_1_98' title='bbox 1417 741 1462 777; x_wconf 91' lang='lat' dir='ltr'><strong>ob</strong></span> <span class='ocrx_word' id='word_1_99' title='bbox 1499 739 1617 779; x_wconf 85' lang='lat' dir='ltr'><strong>Codd.</strong></span> <span class='ocrx_word' id='word_1_100' title='bbox 1660 739 1775 778; x_wconf 86' lang='lat' dir='ltr'><strong>Coisl.</strong></span> 
     </span>
     <span class='ocr_line' id='line_1_12' title="bbox 333 793 1775 846; baseline 0.003 -16"><span class='ocrx_word' id='word_1_101' title='bbox 333 801 372 831; x_wconf 87' lang='lat' dir='ltr'><strong>et</strong></span> <span class='ocrx_word' id='word_1_102' title='bbox 389 793 510 845; x_wconf 82' lang='lat' dir='ltr'><strong>Reg.;</strong></span> <span class='ocrx_word' id='word_1_103' title='bbox 546 797 746 845; x_wconf 82' lang='lat' dir='ltr'><strong>vulgatum</strong></span> <span class='ocrx_word' id='word_1_104' title='bbox 765 795 842 835; x_wconf 70' lang='grc' dir='ltr'>εἰσὶ</span> <span class='ocrx_word' id='word_1_105' title='bbox 869 798 902 833; x_wconf 87' lang='lat' dir='ltr'><strong>si</strong></span> <span class='ocrx_word' id='word_1_106' title='bbox 925 799 1010 846; x_wconf 85' lang='lat' dir='ltr'><strong>quis</strong></span> <span class='ocrx_word' id='word_1_107' title='bbox 1039 803 1165 833; x_wconf 86' lang='lat' dir='ltr'><strong>tamen</strong></span> <span class='ocrx_word' id='word_1_108' title='bbox 1193 799 1322 844; x_wconf 87' lang='lat' dir='ltr'><strong>malit,</strong></span> <span class='ocrx_word' id='word_1_109' title='bbox 1352 799 1451 834; x_wconf 89' lang='lat' dir='ltr'><strong>tueri</strong></span> <span class='ocrx_word' id='word_1_110' title='bbox 1472 797 1510 833; x_wconf 90' lang='lat' dir='ltr'><strong>id</strong></span> <span class='ocrx_word' id='word_1_111' title='bbox 1531 799 1671 846; x_wconf 87' lang='lat' dir='ltr'><strong>poterit</strong></span> <span class='ocrx_word' id='word_1_112' title='bbox 1690 799 1775 834; x_wconf 86' lang='lat' dir='ltr'><strong>ani-</strong></span> 
     </span>
     <span class='ocr_line' id='line_1_13' title="bbox 331 850 1741 903; baseline 0.003 -15"><span class='ocrx_word' id='word_1_113' title='bbox 331 851 597 888; x_wconf 84' lang='lat' dir='ltr'><strong>madversione</strong></span> <span class='ocrx_word' id='word_1_114' title='bbox 619 852 667 888; x_wconf 74' lang='lat' dir='ltr'><strong>[s.</strong></span> <span class='ocrx_word' id='word_1_115' title='bbox 688 850 903 889; x_wconf 84' lang='lat' dir='ltr'><strong>Casauboni</strong></span> <span class='ocrx_word' id='word_1_116' title='bbox 923 855 964 890; x_wconf 88' lang='lat' dir='ltr'><strong>in</strong></span> <span class='ocrx_word' id='word_1_117' title='bbox 988 852 1125 889; x_wconf 82' lang='lat' dir='ltr'><strong>Athen.</strong></span> <span class='ocrx_word' id='word_1_118' title='bbox 1146 853 1249 890; x_wconf 77' lang='lat' dir='ltr'><strong>vill.</strong></span> <span class='ocrx_word' id='word_1_119' title='bbox 1277 854 1317 892; x_wconf 92' lang='grc'><strong>3.</strong></span> <span class='ocrx_word' id='word_1_120' title='bbox 1337 867 1373 903; x_wconf 88' lang='lat' dir='ltr'><strong>p.</strong></span> <span class='ocrx_word' id='word_1_121' title='bbox 1399 854 1504 893; x_wconf 83' lang='lat'><strong>367.</strong></span> <span class='ocrx_word' id='word_1_122' title='bbox 1534 853 1669 892; x_wconf 53' lang='lat' dir='ltr'><strong>YVESS.</strong></span> <span class='ocrx_word' id='word_1_123' title='bbox 1739 884 1741 886; x_wconf 29' lang='lat' dir='ltr'>v</span> 
     </span>
    </p>

    <p class='ocr_par' dir='ltr' id='par_1_4' title="bbox 327 907 1776 1410">
     <span class='ocr_line' id='line_1_14' title="bbox 441 907 1771 962; baseline -0.001 -15"><span class='ocrx_word' id='word_1_124' title='bbox 441 908 515 947; x_wconf 88' lang='grc'><strong>40.</strong></span> <span class='ocrx_word' id='word_1_125' title='bbox 538 909 611 947; x_wconf 77' lang='lat'><strong>72.</strong></span> <span class='ocrx_word' id='word_1_126' title='bbox 650 908 854 959; x_wconf 76' lang='grc' dir='ltr'><strong>Περσιάὶ]</strong></span> <span class='ocrx_word' id='word_1_127' title='bbox 895 908 1141 946; x_wconf 82' lang='lat' dir='ltr'><strong>Dioscorides</strong></span> <span class='ocrx_word' id='word_1_128' title='bbox 1162 909 1189 946; x_wconf 88' lang='grc' dir='ltr'><strong>Ι.</strong></span> <span class='ocrx_word' id='word_1_129' title='bbox 1214 912 1315 950; x_wconf 81' lang='lat'><strong>188.</strong></span> <span class='ocrx_word' id='word_1_130' title='bbox 1337 907 1511 962; x_wconf 70' lang='grc' dir='ltr'><em>περσέαν</em></span> <span class='ocrx_word' id='word_1_131' title='bbox 1535 922 1619 946; x_wconf 88' lang='lat' dir='ltr'><strong>cum</strong></span> <span class='ocrx_word' id='word_1_132' title='bbox 1643 907 1771 946; x_wconf 91' lang='lat' dir='ltr'><strong>Theo-</strong></span> 
     </span>
     <span class='ocr_line' id='line_1_15' title="bbox 330 963 1772 1014; baseline 0.001 -14"><span class='ocrx_word' id='word_1_133' title='bbox 330 963 485 1013; x_wconf 81' lang='lat' dir='ltr'><strong>phrasto</strong></span> <span class='ocrx_word' id='word_1_134' title='bbox 504 970 629 1002; x_wconf 81' lang='lat' dir='ltr'><strong>vocat.</strong></span> <span class='ocrx_word' id='word_1_135' title='bbox 687 965 793 1007; x_wconf 65' lang='lat' dir='ltr'><strong>Quae</strong></span> <span class='ocrx_word' id='word_1_136' title='bbox 821 967 934 1002; x_wconf 86' lang='lat' dir='ltr'><strong>lectio</strong></span> <span class='ocrx_word' id='word_1_137' title='bbox 964 979 1053 1014; x_wconf 84' lang='lat' dir='ltr'><strong>prae</strong></span> <span class='ocrx_word' id='word_1_138' title='bbox 1083 968 1242 1002; x_wconf 88' lang='lat' dir='ltr'><strong>caeteris</strong></span> <span class='ocrx_word' id='word_1_139' title='bbox 1271 965 1507 1002; x_wconf 86' lang='lat' dir='ltr'><strong>restituenda</strong></span> <span class='ocrx_word' id='word_1_140' title='bbox 1537 973 1606 1002; x_wconf 91' lang='lat' dir='ltr'><strong>est.</strong></span> <span class='ocrx_word' id='word_1_141' title='bbox 1635 964 1772 1004; x_wconf 85' lang='lat' dir='ltr'><strong>RHOD.</strong></span> 
     </span>
     <span class='ocr_line' id='line_1_16' title="bbox 332 1018 1775 1070; baseline 0.002 -15"><span class='ocrx_word' id='word_1_142' title='bbox 332 1020 473 1057; x_wconf 65' lang='lat' dir='ltr'><strong>iterum</strong></span> <span class='ocrx_word' id='word_1_143' title='bbox 489 1020 628 1057; x_wconf 81' lang='lat' dir='ltr'><strong>accedo</strong></span> <span class='ocrx_word' id='word_1_144' title='bbox 646 1018 936 1058; x_wconf 83' lang='lat' dir='ltr'><strong>Rhodomanno.</strong></span> <span class='ocrx_word' id='word_1_145' title='bbox 994 1021 1141 1058; x_wconf 81' lang='lat' dir='ltr'>Tamen</span> <span class='ocrx_word' id='word_1_146' title='bbox 1161 1021 1320 1058; x_wconf 79' lang='lat' dir='ltr'><strong>Aeliano</strong></span> <span class='ocrx_word' id='word_1_147' title='bbox 1351 1023 1467 1058; x_wconf 84' lang='lat' dir='ltr'><strong>semel</strong></span> <span class='ocrx_word' id='word_1_148' title='bbox 1495 1028 1606 1070; x_wconf 74' lang='lat' dir='ltr'><strong>atque</strong></span> <span class='ocrx_word' id='word_1_149' title='bbox 1636 1025 1775 1059; x_wconf 87' lang='lat' dir='ltr'><strong>iterum</strong></span> 
     </span>
     <span class='ocr_line' id='line_1_17' title="bbox 328 1075 1776 1130; baseline 0.001 -16"><span class='ocrx_word' id='word_1_150' title='bbox 328 1077 535 1128; x_wconf 59' lang='grc' dir='ltr'><em>Πὲρσαῖαι</em></span> <span class='ocrx_word' id='word_1_151' title='bbox 564 1075 637 1112; x_wconf 72' lang='grc' dir='ltr'><strong>Χί.</strong></span> <span class='ocrx_word' id='word_1_152' title='bbox 655 1075 704 1113; x_wconf 85' lang='grc' dir='ltr'><strong>Η.</strong></span> <span class='ocrx_word' id='word_1_153' title='bbox 724 1076 769 1114; x_wconf 92' lang='lat' dir='ltr'><strong>A.</strong></span> <span class='ocrx_word' id='word_1_154' title='bbox 794 1079 864 1117; x_wconf 91' lang='grc'><strong>11.</strong></span> <span class='ocrx_word' id='word_1_155' title='bbox 886 1084 924 1114; x_wconf 90' lang='lat' dir='ltr'><strong>et</strong></span> <span class='ocrx_word' id='word_1_156' title='bbox 944 1079 1019 1118; x_wconf 75' lang='lat'><strong>40.</strong></span> <span class='ocrx_word' id='word_1_157' title='bbox 1055 1077 1267 1115; x_wconf 72' lang='lat' dir='ltr'><strong>Pausaniae</strong></span> <span class='ocrx_word' id='word_1_158' title='bbox 1294 1076 1476 1130; x_wconf 72' lang='grc' dir='ltr'><em>Περσεία</em></span> <span class='ocrx_word' id='word_1_159' title='bbox 1498 1078 1542 1115; x_wconf 88' lang='lat' dir='ltr'><strong>V.</strong></span> <span class='ocrx_word' id='word_1_160' title='bbox 1570 1078 1638 1118; x_wconf 82' lang='lat'><strong>14.</strong></span> <span class='ocrx_word' id='word_1_161' title='bbox 1678 1077 1776 1115; x_wconf 89' lang='lat' dir='ltr'><strong>Eam</strong></span> 
     </span>
     <span class='ocr_line' id='line_1_18' title="bbox 328 1131 1775 1185; baseline 0.001 -15"><span class='ocrx_word' id='word_1_162' title='bbox 328 1145 421 1170; x_wconf 78' lang='lat' dir='ltr'><strong>vero</strong></span> <span class='ocrx_word' id='word_1_163' title='bbox 445 1145 494 1169; x_wconf 83' lang='lat' dir='ltr'><strong>ex</strong></span> <span class='ocrx_word' id='word_1_164' title='bbox 514 1131 718 1180; x_wconf 78' lang='lat' dir='ltr'><strong>Aethiopia</strong></span> <span class='ocrx_word' id='word_1_165' title='bbox 737 1135 778 1170; x_wconf 90' lang='lat' dir='ltr'><strong>in</strong></span> <span class='ocrx_word' id='word_1_166' title='bbox 807 1133 1024 1185; x_wconf 85' lang='lat' dir='ltr'><strong>Aegyptum</strong></span> <span class='ocrx_word' id='word_1_167' title='bbox 1042 1136 1359 1184; x_wconf 82' lang='lat' dir='ltr'><strong>transplantatam</strong></span> <span class='ocrx_word' id='word_1_168' title='bbox 1378 1136 1554 1184; x_wconf 81' lang='lat' dir='ltr'><strong>agnoscit</strong></span> <span class='ocrx_word' id='word_1_169' title='bbox 1575 1133 1775 1171; x_wconf 84' lang='lat' dir='ltr'><strong>Sostratus</strong></span> 
     </span>
     <span class='ocr_line' id='line_1_19' title="bbox 330 1187 1775 1238; baseline 0.002 -14"><span class='ocrx_word' id='word_1_170' title='bbox 330 1190 372 1225; x_wconf 90' lang='lat' dir='ltr'><strong>in</strong></span> <span class='ocrx_word' id='word_1_171' title='bbox 404 1187 533 1225; x_wconf 84' lang='lat' dir='ltr'><strong>Schol.</strong></span> <span class='ocrx_word' id='word_1_172' title='bbox 563 1188 750 1226; x_wconf 80' lang='lat' dir='ltr'><strong>Nicandri</strong></span> <span class='ocrx_word' id='word_1_173' title='bbox 783 1189 958 1228; x_wconf 82' lang='lat' dir='ltr'><strong>Theriac.</strong></span> <span class='ocrx_word' id='word_1_174' title='bbox 995 1192 1120 1238; x_wconf 55' lang='lat'><strong>7643</strong></span> <span class='ocrx_word' id='word_1_175' title='bbox 1157 1193 1225 1228; x_wconf 82' lang='lat' dir='ltr'><strong>alii</strong></span> <span class='ocrx_word' id='word_1_176' title='bbox 1244 1203 1292 1227; x_wconf 83' lang='lat' dir='ltr'><strong>ex</strong></span> <span class='ocrx_word' id='word_1_177' title='bbox 1315 1189 1490 1227; x_wconf 82' lang='lat' dir='ltr'><strong>Perside:</strong></span> <span class='ocrx_word' id='word_1_178' title='bbox 1521 1189 1775 1228; x_wconf 73' lang='lat' dir='ltr'><strong>Callimachus</strong></span> 
     </span>
     <span class='ocr_line' id='line_1_20' title="bbox 327 1244 1775 1298; baseline 0.001 -17"><span class='ocrx_word' id='word_1_179' title='bbox 327 1244 510 1282; x_wconf 84' lang='lat' dir='ltr'><strong>Perseum</strong></span> <span class='ocrx_word' id='word_1_180' title='bbox 532 1246 575 1282; x_wconf 88' lang='lat' dir='ltr'><strong>in</strong></span> <span class='ocrx_word' id='word_1_181' title='bbox 605 1245 822 1296; x_wconf 84' lang='lat' dir='ltr'><strong>Aegyptum</strong></span> <span class='ocrx_word' id='word_1_182' title='bbox 848 1254 1127 1296; x_wconf 78' lang='lat' dir='ltr'><strong>transportasse</strong></span> <span class='ocrx_word' id='word_1_183' title='bbox 1166 1253 1203 1283; x_wconf 90' lang='lat' dir='ltr'><strong>et</strong></span> <span class='ocrx_word' id='word_1_184' title='bbox 1236 1247 1310 1283; x_wconf 89' lang='lat' dir='ltr'><strong>sibi</strong></span> <span class='ocrx_word' id='word_1_185' title='bbox 1343 1249 1608 1298; x_wconf 80' lang='lat' dir='ltr'><strong>cognominem</strong></span> <span class='ocrx_word' id='word_1_186' title='bbox 1637 1248 1775 1284; x_wconf 83' lang='lat' dir='ltr'><strong>fecisse</strong></span> 
     </span>
     <span class='ocr_line' id='line_1_21' title="bbox 328 1300 1775 1351; baseline 0.003 -14"><span class='ocrx_word' id='word_1_187' title='bbox 328 1303 371 1337; x_wconf 86' lang='lat' dir='ltr'><strong>in</strong></span> <span class='ocrx_word' id='word_1_188' title='bbox 399 1301 535 1340; x_wconf 88' lang='lat' dir='ltr'><strong>iisdem</strong></span> <span class='ocrx_word' id='word_1_189' title='bbox 560 1300 749 1339; x_wconf 72' lang='lat' dir='ltr'><strong>Nicandri</strong></span> <span class='ocrx_word' id='word_1_190' title='bbox 779 1302 907 1340; x_wconf 80' lang='lat' dir='ltr'><strong>Schol.</strong></span> <span class='ocrx_word' id='word_1_191' title='bbox 937 1305 985 1341; x_wconf 87' lang='lat' dir='ltr'><strong>ad</strong></span> <span class='ocrx_word' id='word_1_192' title='bbox 1005 1303 1263 1351; x_wconf 84' lang='lat' dir='ltr'><strong>Alexipharm.</strong></span> <span class='ocrx_word' id='word_1_193' title='bbox 1286 1304 1388 1343; x_wconf 81' lang='lat'><strong>100.</strong></span> <span class='ocrx_word' id='word_1_194' title='bbox 1408 1303 1537 1340; x_wconf 87' lang='lat' dir='ltr'><strong>tradit.</strong></span> <span class='ocrx_word' id='word_1_195' title='bbox 1594 1301 1655 1340; x_wconf 90' lang='lat' dir='ltr'><strong>Tu</strong></span> <span class='ocrx_word' id='word_1_196' title='bbox 1684 1303 1775 1342; x_wconf 85' lang='lat' dir='ltr'><strong>vide</strong></span> 
     </span>
     <span class='ocr_line' id='line_1_22' title="bbox 328 1356 1454 1410; baseline 0.004 -17"><span class='ocrx_word' id='word_1_197' title='bbox 328 1356 386 1396; x_wconf 88' lang='lat' dir='ltr'><strong>Cl.</strong></span> <span class='ocrx_word' id='word_1_198' title='bbox 409 1356 591 1395; x_wconf 87' lang='lat' dir='ltr'><strong>Salmasii</strong></span> <span class='ocrx_word' id='word_1_199' title='bbox 616 1357 848 1410; x_wconf 86' lang='lat' dir='ltr'><strong>Homonym.</strong></span> <span class='ocrx_word' id='word_1_200' title='bbox 873 1359 996 1410; x_wconf 86' lang='lat' dir='ltr'><strong>Hyles</strong></span> <span class='ocrx_word' id='word_1_201' title='bbox 1019 1361 1145 1397; x_wconf 82' lang='lat' dir='ltr'><strong>latric.</strong></span> <span class='ocrx_word' id='word_1_202' title='bbox 1169 1374 1200 1397; x_wconf 88' lang='lat' dir='ltr'><strong>e.</strong></span> <span class='ocrx_word' id='word_1_203' title='bbox 1224 1362 1295 1399; x_wconf 80' lang='lat' dir='ltr'><strong>SS.</strong></span> <span class='ocrx_word' id='word_1_204' title='bbox 1320 1359 1454 1397; x_wconf 76' lang='lat' dir='ltr'><strong>VVESS.</strong></span> 
     </span>
    </p>

    <p class='ocr_par' dir='ltr' id='par_1_5' title="bbox 325 1414 1774 1962">
     <span class='ocr_line' id='line_1_23' title="bbox 443 1414 1774 1468; baseline -0.002 -14"><span class='ocrx_word' id='word_1_205' title='bbox 443 1415 519 1454; x_wconf 83' lang='lat'><strong>40.</strong></span> <span class='ocrx_word' id='word_1_206' title='bbox 546 1414 618 1454; x_wconf 85' lang='grc'><strong>75.</strong></span> <span class='ocrx_word' id='word_1_207' title='bbox 651 1416 747 1454; x_wconf 73' lang='grc' dir='ltr'><strong>Τῶν</strong></span> <span class='ocrx_word' id='word_1_208' title='bbox 777 1414 822 1454; x_wconf 70' lang='grc' dir='ltr'><strong>δὲ</strong></span> <span class='ocrx_word' id='word_1_209' title='bbox 848 1415 1108 1467; x_wconf 74' lang='grc' dir='ltr'><em>συκαμίνων]</em></span> <span class='ocrx_word' id='word_1_210' title='bbox 1137 1415 1339 1464; x_wconf 80' lang='lat' dir='ltr'><strong>Duplicem</strong></span> <span class='ocrx_word' id='word_1_211' title='bbox 1376 1418 1615 1466; x_wconf 76' lang='lat' dir='ltr'><strong>sycamInum</strong></span> <span class='ocrx_word' id='word_1_212' title='bbox 1644 1415 1774 1468; x_wconf 82' lang='lat' dir='ltr'><strong>Aegy-</strong></span> 
     </span>
     <span class='ocr_line' id='line_1_24' title="bbox 327 1467 1773 1526; baseline 0.003 -19"><span class='ocrx_word' id='word_1_213' title='bbox 327 1477 392 1520; x_wconf 90' lang='lat' dir='ltr'><strong>pto</strong></span> <span class='ocrx_word' id='word_1_214' title='bbox 412 1472 560 1518; x_wconf 78' lang='lat' dir='ltr'><strong>tribuit,</strong></span> <span class='ocrx_word' id='word_1_215' title='bbox 590 1483 749 1519; x_wconf 83' lang='lat' dir='ltr'><strong>quarum</strong></span> <span class='ocrx_word' id='word_1_216' title='bbox 769 1474 888 1510; x_wconf 82' lang='lat' dir='ltr'><strong>altera</strong></span> <span class='ocrx_word' id='word_1_217' title='bbox 910 1474 1026 1510; x_wconf 81' lang='lat' dir='ltr'><strong>moris</strong></span> <span class='ocrx_word' id='word_1_218' title='bbox 1045 1474 1152 1521; x_wconf 77' lang='lat' dir='ltr'><strong>uber,</strong></span> <span class='ocrx_word' id='word_1_219' title='bbox 1179 1474 1297 1523; x_wconf 87' lang='lat' dir='ltr'><strong>vulgo</strong></span> <span class='ocrx_word' id='word_1_220' title='bbox 1315 1470 1446 1526; x_wconf 72' lang='grc' dir='ltr'><em>μορέα</em></span> <span class='ocrx_word' id='word_1_221' title='bbox 1471 1479 1508 1509; x_wconf 85' lang='lat' dir='ltr'><strong>et</strong></span> <span class='ocrx_word' id='word_1_222' title='bbox 1528 1467 1773 1526; x_wconf 72' lang='grc' dir='ltr'><em>συκόμορος,</em></span> 
     </span>
     <span class='ocr_line' id='line_1_25' title="bbox 326 1527 1774 1579; baseline 0.001 -15"><span class='ocrx_word' id='word_1_223' title='bbox 326 1529 449 1565; x_wconf 84' lang='lat' dir='ltr'><strong>altera</strong></span> <span class='ocrx_word' id='word_1_224' title='bbox 470 1527 686 1578; x_wconf 70' lang='lat' dir='ltr'><strong>Aegyptia,</strong></span> <span class='ocrx_word' id='word_1_225' title='bbox 714 1531 822 1565; x_wconf 88' lang='lat' dir='ltr'><strong>cuius</strong></span> <span class='ocrx_word' id='word_1_226' title='bbox 842 1530 1016 1577; x_wconf 64' lang='lat' dir='ltr'><strong>fructus,</strong></span> <span class='ocrx_word' id='word_1_227' title='bbox 1042 1530 1133 1567; x_wconf 82' lang='lat' dir='ltr'><strong>ficui</strong></span> <span class='ocrx_word' id='word_1_228' title='bbox 1163 1531 1398 1578; x_wconf 72' lang='lat' dir='ltr'><strong>persimiles,</strong></span> <span class='ocrx_word' id='word_1_229' title='bbox 1426 1531 1509 1579; x_wconf 87' lang='lat' dir='ltr'><strong>ipso</strong></span> <span class='ocrx_word' id='word_1_230' title='bbox 1540 1542 1588 1566; x_wconf 81' lang='lat' dir='ltr'><strong>ex</strong></span> <span class='ocrx_word' id='word_1_231' title='bbox 1618 1530 1774 1566; x_wconf 85' lang='lat' dir='ltr'><strong>caudice</strong></span> 
     </span>
     <span class='ocr_line' id='line_1_26' title="bbox 326 1584 1774 1634; baseline 0.002 -15"><span class='ocrx_word' id='word_1_232' title='bbox 326 1586 647 1634; x_wconf 83' lang='lat' dir='ltr'><strong>prorumpebant,</strong></span> <span class='ocrx_word' id='word_1_233' title='bbox 676 1584 928 1634; x_wconf 80' lang='lat' dir='ltr'><strong>Theophrast.</strong></span> <span class='ocrx_word' id='word_1_234' title='bbox 961 1585 990 1624; x_wconf 88' lang='lat' dir='ltr'><strong>I.</strong></span> <span class='ocrx_word' id='word_1_235' title='bbox 1023 1585 1073 1622; x_wconf 88' lang='lat' dir='ltr'><strong>H.</strong></span> <span class='ocrx_word' id='word_1_236' title='bbox 1104 1585 1162 1623; x_wconf 93' lang='lat' dir='ltr'><strong>Pl.</strong></span> <span class='ocrx_word' id='word_1_237' title='bbox 1191 1586 1265 1624; x_wconf 77' lang='lat'><strong>24.</strong></span> <span class='ocrx_word' id='word_1_238' title='bbox 1298 1592 1336 1623; x_wconf 91' lang='lat' dir='ltr'><strong>et</strong></span> <span class='ocrx_word' id='word_1_239' title='bbox 1364 1585 1427 1623; x_wconf 88' lang='lat' dir='ltr'><strong>IV.</strong></span> <span class='ocrx_word' id='word_1_240' title='bbox 1447 1588 1490 1625; x_wconf 82' lang='lat'><strong>2.</strong></span> <span class='ocrx_word' id='word_1_241' title='bbox 1520 1586 1586 1622; x_wconf 87' lang='lat' dir='ltr'><strong>ubi</strong></span> <span class='ocrx_word' id='word_1_242' title='bbox 1607 1588 1774 1634; x_wconf 80' lang='lat' dir='ltr'><strong>copiose,</strong></span> 
     </span>
     <span class='ocr_line' id='line_1_27' title="bbox 326 1639 1774 1692; baseline 0.003 -16"><span class='ocrx_word' id='word_1_243' title='bbox 326 1646 371 1676; x_wconf 90' lang='lat' dir='ltr'><strong>ut</strong></span> <span class='ocrx_word' id='word_1_244' title='bbox 399 1642 519 1688; x_wconf 81' lang='lat' dir='ltr'><strong>solet,</strong></span> <span class='ocrx_word' id='word_1_245' title='bbox 558 1639 653 1680; x_wconf 84' lang='lat' dir='ltr'><strong>Bod.</strong></span> <span class='ocrx_word' id='word_1_246' title='bbox 684 1654 707 1678; x_wconf 86' lang='lat' dir='ltr'><strong>a</strong></span> <span class='ocrx_word' id='word_1_247' title='bbox 740 1641 896 1691; x_wconf 77' lang='lat' dir='ltr'><strong>Stapel,</strong></span> <span class='ocrx_word' id='word_1_248' title='bbox 926 1649 964 1679; x_wconf 88' lang='lat' dir='ltr'><strong>et</strong></span> <span class='ocrx_word' id='word_1_249' title='bbox 992 1641 1124 1692; x_wconf 84' lang='lat' dir='ltr'><strong>Prosp.</strong></span> <span class='ocrx_word' id='word_1_250' title='bbox 1154 1641 1281 1689; x_wconf 85' lang='lat' dir='ltr'><strong>Alpin.</strong></span> <span class='ocrx_word' id='word_1_251' title='bbox 1315 1641 1443 1681; x_wconf 85' lang='lat' dir='ltr'><strong>Plant.</strong></span> <span class='ocrx_word' id='word_1_252' title='bbox 1474 1641 1638 1692; x_wconf 82' lang='lat' dir='ltr'><strong>Aegypt.</strong></span> <span class='ocrx_word' id='word_1_253' title='bbox 1668 1656 1701 1679; x_wconf 91' lang='lat' dir='ltr'><strong>c.</strong></span> <span class='ocrx_word' id='word_1_254' title='bbox 1732 1645 1774 1683; x_wconf 88' lang='grc'><strong>6.</strong></span> 
     </span>
     <span class='ocr_line' id='line_1_28' title="bbox 325 1695 1773 1748; baseline 0.002 -16"><span class='ocrx_word' id='word_1_255' title='bbox 325 1695 485 1734; x_wconf 79' lang='lat' dir='ltr'><strong>Praeter</strong></span> <span class='ocrx_word' id='word_1_256' title='bbox 503 1698 653 1734; x_wconf 80' lang='lat' dir='ltr'><strong>fruetus</strong></span> <span class='ocrx_word' id='word_1_257' title='bbox 679 1698 937 1736; x_wconf 85' lang='lat' dir='ltr'><strong>abundantem</strong></span> <span class='ocrx_word' id='word_1_258' title='bbox 958 1700 1105 1748; x_wconf 80' lang='lat' dir='ltr'><strong>copiam</strong></span> <span class='ocrx_word' id='word_1_259' title='bbox 1137 1706 1174 1736; x_wconf 89' lang='lat' dir='ltr'><strong>et</strong></span> <span class='ocrx_word' id='word_1_260' title='bbox 1193 1698 1299 1735; x_wconf 87' lang='lat' dir='ltr'><strong>aliud</strong></span> <span class='ocrx_word' id='word_1_261' title='bbox 1331 1698 1568 1736; x_wconf 86' lang='lat' dir='ltr'><strong>commodum</strong></span> <span class='ocrx_word' id='word_1_262' title='bbox 1598 1697 1773 1748; x_wconf 82' lang='lat' dir='ltr'><strong>Sycami-</strong></span> 
     </span>
     <span class='ocr_line' id='line_1_29' title="bbox 325 1753 1773 1806; baseline 0.002 -18"><span class='ocrx_word' id='word_1_263' title='bbox 325 1765 399 1790; x_wconf 90' lang='lat' dir='ltr'><strong>nus</strong></span> <span class='ocrx_word' id='word_1_264' title='bbox 434 1753 608 1804; x_wconf 82' lang='lat' dir='ltr'><strong>Aegypto</strong></span> <span class='ocrx_word' id='word_1_265' title='bbox 634 1755 872 1802; x_wconf 77' lang='lat' dir='ltr'><strong>praestabat3</strong></span> <span class='ocrx_word' id='word_1_266' title='bbox 913 1768 1072 1806; x_wconf 76' lang='lat' dir='ltr'><strong>aggeres</strong></span> <span class='ocrx_word' id='word_1_267' title='bbox 1102 1757 1204 1792; x_wconf 87' lang='lat' dir='ltr'><strong>enim</strong></span> <span class='ocrx_word' id='word_1_268' title='bbox 1243 1754 1431 1793; x_wconf 87' lang='lat' dir='ltr'><strong>Niloticos</strong></span> <span class='ocrx_word' id='word_1_269' title='bbox 1470 1755 1663 1792; x_wconf 83' lang='lat' dir='ltr'><strong>radicibus</strong></span> <span class='ocrx_word' id='word_1_270' title='bbox 1693 1756 1773 1792; x_wconf 89' lang='lat' dir='ltr'><strong>suis</strong></span> 
     </span>
     <span class='ocr_line' id='line_1_30' title="bbox 325 1810 1774 1859; baseline 0.001 -14"><span class='ocrx_word' id='word_1_271' title='bbox 325 1811 538 1859; x_wconf 73' lang='lat' dir='ltr'><strong>colligans,</strong></span> <span class='ocrx_word' id='word_1_272' title='bbox 577 1816 619 1846; x_wconf 90' lang='lat' dir='ltr'><strong>ut</strong></span> <span class='ocrx_word' id='word_1_273' title='bbox 648 1812 882 1858; x_wconf 82' lang='lat' dir='ltr'><strong>pertinacius</strong></span> <span class='ocrx_word' id='word_1_274' title='bbox 913 1811 1183 1858; x_wconf 74' lang='lat' dir='ltr'><strong>cohaererent,</strong></span> <span class='ocrx_word' id='word_1_275' title='bbox 1213 1810 1420 1858; x_wconf 79' lang='lat' dir='ltr'><strong>efficiebat3</strong></span> <span class='ocrx_word' id='word_1_276' title='bbox 1460 1811 1702 1859; x_wconf 83' lang='lat' dir='ltr'><strong>quamobrem</strong></span> <span class='ocrx_word' id='word_1_277' title='bbox 1735 1817 1774 1847; x_wconf 83' lang='lat' dir='ltr'><strong>et</strong></span> 
     </span>
     <span class='ocr_line' id='line_1_31' title="bbox 325 1866 1771 1915; baseline 0.002 -14"><span class='ocrx_word' id='word_1_278' title='bbox 325 1872 436 1903; x_wconf 85' lang='lat' dir='ltr'><strong>extra</strong></span> <span class='ocrx_word' id='word_1_279' title='bbox 455 1866 630 1904; x_wconf 86' lang='lat' dir='ltr'><strong>ordinem</strong></span> <span class='ocrx_word' id='word_1_280' title='bbox 649 1868 690 1903; x_wconf 90' lang='lat' dir='ltr'><strong>in</strong></span> <span class='ocrx_word' id='word_1_281' title='bbox 710 1880 773 1903; x_wconf 89' lang='lat' dir='ltr'><strong>eos</strong></span> <span class='ocrx_word' id='word_1_282' title='bbox 792 1868 1187 1914; x_wconf 78' lang='lat' dir='ltr'><strong>animadvertebatur,</strong></span> <span class='ocrx_word' id='word_1_283' title='bbox 1219 1869 1284 1915; x_wconf 87' lang='lat' dir='ltr'><strong>qui</strong></span> <span class='ocrx_word' id='word_1_284' title='bbox 1313 1866 1489 1905; x_wconf 83' lang='lat' dir='ltr'><strong>arborem</strong></span> <span class='ocrx_word' id='word_1_285' title='bbox 1516 1867 1771 1914; x_wconf 84' lang='lat' dir='ltr'><strong>succiderent,</strong></span> 
     </span>
     <span class='ocr_line' id='line_1_32' title="bbox 325 1921 1276 1962; baseline 0.001 -5"><span class='ocrx_word' id='word_1_286' title='bbox 325 1922 367 1958; x_wconf 91' lang='lat' dir='ltr'><strong>in</strong></span> <span class='ocrx_word' id='word_1_287' title='bbox 386 1921 429 1959; x_wconf 89' lang='lat' dir='ltr'><strong>L.</strong></span> <span class='ocrx_word' id='word_1_288' title='bbox 455 1924 525 1962; x_wconf 88' lang='grc'><strong>10.</strong></span> <span class='ocrx_word' id='word_1_289' title='bbox 547 1921 598 1959; x_wconf 84' lang='lat' dir='ltr'><strong>D.</strong></span> <span class='ocrx_word' id='word_1_290' title='bbox 619 1922 664 1959; x_wconf 91' lang='lat' dir='ltr'><strong>de</strong></span> <span class='ocrx_word' id='word_1_291' title='bbox 683 1922 891 1961; x_wconf 85' lang='lat' dir='ltr'><strong>Extraord.</strong></span> <span class='ocrx_word' id='word_1_292' title='bbox 914 1922 1113 1962; x_wconf 85' lang='lat' dir='ltr'><strong>Criminib.</strong></span> <span class='ocrx_word' id='word_1_293' title='bbox 1142 1923 1276 1961; x_wconf 74' lang='lat' dir='ltr'><strong>W&#39;Ess.</strong></span> 
     </span>
    </p>

    <p class='ocr_par' dir='ltr' id='par_1_6' title="bbox 324 1976 1774 2132">
     <span class='ocr_line' id='line_1_33' title="bbox 435 1976 1774 2034; baseline 0.002 -19"><span class='ocrx_word' id='word_1_294' title='bbox 435 1978 532 2015; x_wconf 90' lang='lat' dir='ltr'><strong>Ibid.</strong></span> <span class='ocrx_word' id='word_1_295' title='bbox 565 1976 651 2018; x_wconf 81' lang='grc' dir='ltr'><strong>Τὸν</strong></span> <span class='ocrx_word' id='word_1_296' title='bbox 671 1981 754 2018; x_wconf 77' lang='grc' dir='ltr'><strong>τῶν</strong></span> <span class='ocrx_word' id='word_1_297' title='bbox 772 1976 914 2034; x_wconf 74' lang='grc' dir='ltr'><em>μόρων</em></span> <span class='ocrx_word' id='word_1_298' title='bbox 939 1977 1124 2032; x_wconf 76' lang='grc' dir='ltr'><em>καρπὸν]</em></span> <span class='ocrx_word' id='word_1_299' title='bbox 1151 1978 1258 2017; x_wconf 84' lang='lat' dir='ltr'><strong>Haec</strong></span> <span class='ocrx_word' id='word_1_300' title='bbox 1278 1980 1408 2017; x_wconf 88' lang='lat' dir='ltr'><strong>verior</strong></span> <span class='ocrx_word' id='word_1_301' title='bbox 1429 1981 1545 2017; x_wconf 87' lang='lat' dir='ltr'><strong>lectio</strong></span> <span class='ocrx_word' id='word_1_302' title='bbox 1567 1987 1638 2027; x_wconf 75' lang='lat' dir='ltr'><strong>est,</strong></span> <span class='ocrx_word' id='word_1_303' title='bbox 1659 1993 1774 2030; x_wconf 76' lang='lat' dir='ltr'><strong>quam</strong></span> 
     </span>
     <span class='ocr_line' id='line_1_34' title="bbox 324 2032 1773 2091; baseline 0.001 -19"><span class='ocrx_word' id='word_1_304' title='bbox 324 2037 564 2085; x_wconf 60' lang='lat' dir='ltr'><strong>marginalis,</strong></span> <span class='ocrx_word' id='word_1_305' title='bbox 621 2036 732 2079; x_wconf 77' lang='lat' dir='ltr'><strong>Quod</strong></span> <span class='ocrx_word' id='word_1_306' title='bbox 751 2043 877 2075; x_wconf 85' lang='lat' dir='ltr'><strong>autem</strong></span> <span class='ocrx_word' id='word_1_307' title='bbox 907 2038 1018 2088; x_wconf 87' lang='lat' dir='ltr'><strong>paulo</strong></span> <span class='ocrx_word' id='word_1_308' title='bbox 1047 2037 1210 2074; x_wconf 84' lang='lat' dir='ltr'><strong>inferius</strong></span> <span class='ocrx_word' id='word_1_309' title='bbox 1249 2038 1420 2086; x_wconf 83' lang='lat' dir='ltr'><strong>sequitur</strong></span> <span class='ocrx_word' id='word_1_310' title='bbox 1455 2032 1637 2091; x_wconf 77' lang='grc' dir='ltr'><em>μυξάρια</em></span> <span class='ocrx_word' id='word_1_311' title='bbox 1674 2037 1773 2074; x_wconf 88' lang='lat' dir='ltr'><strong>nihil</strong></span> 
     </span>
     <span class='ocr_line' id='line_1_35' title="bbox 326 2089 1710 2132; baseline 0.004 -6"><span class='ocrx_word' id='word_1_312' title='bbox 326 2094 411 2129; x_wconf 90' lang='lat' dir='ltr'><strong>sani</strong></span> <span class='ocrx_word' id='word_1_313' title='bbox 443 2091 566 2128; x_wconf 85' lang='lat' dir='ltr'><strong>habet.</strong></span> <span class='ocrx_word' id='word_1_314' title='bbox 594 2089 728 2129; x_wconf 83' lang='lat' dir='ltr'><strong>RHOD.</strong></span> <span class='ocrx_word' id='word_1_315' title='bbox 1706 2129 1710 2132; x_wconf 90' lang='grc'><em>,</em></span> 
     </span>
    </p>

    <p class='ocr_par' dir='ltr' id='par_1_7' title="bbox 322 2144 1774 2818">
     <span class='ocr_line' id='line_1_36' title="bbox 435 2144 1774 2204; baseline -0.001 -16"><span class='ocrx_word' id='word_1_316' title='bbox 435 2148 510 2188; x_wconf 86' lang='grc'><strong>40-</strong></span> <span class='ocrx_word' id='word_1_317' title='bbox 535 2149 606 2188; x_wconf 82' lang='grc'><strong>79.</strong></span> <span class='ocrx_word' id='word_1_318' title='bbox 635 2144 886 2200; x_wconf 76' lang='grc' dir='ltr'><em>Καλούμενα</em></span> <span class='ocrx_word' id='word_1_319' title='bbox 906 2146 1113 2204; x_wconf 68' lang='grc' dir='ltr'><strong>μυξάρια]</strong></span> <span class='ocrx_word' id='word_1_320' title='bbox 1144 2148 1284 2187; x_wconf 87' lang='lat' dir='ltr'><strong>Parum</strong></span> <span class='ocrx_word' id='word_1_321' title='bbox 1302 2149 1430 2196; x_wconf 76' lang='lat' dir='ltr'><strong>abest,</strong></span> <span class='ocrx_word' id='word_1_322' title='bbox 1458 2150 1551 2197; x_wconf 88' lang='lat' dir='ltr'><strong>quin</strong></span> <span class='ocrx_word' id='word_1_323' title='bbox 1572 2148 1662 2187; x_wconf 89' lang='lat' dir='ltr'><strong>huic</strong></span> <span class='ocrx_word' id='word_1_324' title='bbox 1683 2149 1774 2187; x_wconf 73' lang='lat' dir='ltr'><strong>voci.</strong></span> 
     </span>
     <span class='ocr_line' id='line_1_37' title="bbox 326 2202 1772 2256; baseline 0.002 -16"><span class='ocrx_word' id='word_1_325' title='bbox 326 2202 452 2241; x_wconf 85' lang='lat' dir='ltr'><strong>dicam</strong></span> <span class='ocrx_word' id='word_1_326' title='bbox 480 2207 689 2255; x_wconf 81' lang='lat' dir='ltr'><strong>inpingam.</strong></span> <span class='ocrx_word' id='word_1_327' title='bbox 729 2205 910 2253; x_wconf 75' lang='lat' dir='ltr'><strong>Graecis,</strong></span> <span class='ocrx_word' id='word_1_328' title='bbox 942 2209 1007 2256; x_wconf 84' lang='lat' dir='ltr'><strong>qui</strong></span> <span class='ocrx_word' id='word_1_329' title='bbox 1030 2208 1172 2243; x_wconf 89' lang='lat' dir='ltr'><strong>seriore</strong></span> <span class='ocrx_word' id='word_1_330' title='bbox 1192 2212 1314 2243; x_wconf 87' lang='lat' dir='ltr'><strong>aetate</strong></span> <span class='ocrx_word' id='word_1_331' title='bbox 1336 2207 1594 2254; x_wconf 82' lang='lat' dir='ltr'><strong>scripserunt,</strong></span> <span class='ocrx_word' id='word_1_332' title='bbox 1621 2206 1772 2243; x_wconf 76' lang='lat' dir='ltr'><strong>bellarii</strong></span> 
     </span>
     <span class='ocr_line' id='line_1_38' title="bbox 325 2259 1771 2311; baseline 0.002 -16"><span class='ocrx_word' id='word_1_333' title='bbox 325 2260 513 2307; x_wconf 87' lang='lat' dir='ltr'><strong>quoddam</strong></span> <span class='ocrx_word' id='word_1_334' title='bbox 542 2274 662 2311; x_wconf 86' lang='lat' dir='ltr'><strong>genus</strong></span> <span class='ocrx_word' id='word_1_335' title='bbox 689 2264 860 2306; x_wconf 86' lang='lat' dir='ltr'><strong>notavit:</strong></span> <span class='ocrx_word' id='word_1_336' title='bbox 889 2262 930 2300; x_wconf 92' lang='lat' dir='ltr'><strong>id</strong></span> <span class='ocrx_word' id='word_1_337' title='bbox 962 2263 1124 2299; x_wconf 81' lang='lat' dir='ltr'><strong>suadent</strong></span> <span class='ocrx_word' id='word_1_338' title='bbox 1152 2263 1325 2310; x_wconf 84' lang='lat' dir='ltr'><strong>exempla</strong></span> <span class='ocrx_word' id='word_1_339' title='bbox 1356 2274 1379 2298; x_wconf 88' lang='lat' dir='ltr'><strong>a</strong></span> <span class='ocrx_word' id='word_1_340' title='bbox 1399 2259 1538 2298; x_wconf 84' lang='lat' dir='ltr'><strong>Carolo</strong></span> <span class='ocrx_word' id='word_1_341' title='bbox 1557 2262 1607 2299; x_wconf 90' lang='lat' dir='ltr'><strong>du</strong></span> <span class='ocrx_word' id='word_1_342' title='bbox 1625 2261 1771 2299; x_wconf 86' lang='lat' dir='ltr'><strong>Fresne</strong></span> 
     </span>
     <span class='ocr_line' id='line_1_39' title="bbox 324 2315 1771 2367; baseline 0.001 -15"><span class='ocrx_word' id='word_1_343' title='bbox 324 2318 367 2353; x_wconf 90' lang='lat' dir='ltr'><strong>in</strong></span> <span class='ocrx_word' id='word_1_344' title='bbox 398 2315 524 2355; x_wconf 85' lang='lat' dir='ltr'><strong>Gloss.</strong></span> <span class='ocrx_word' id='word_1_345' title='bbox 553 2316 723 2366; x_wconf 84' lang='lat' dir='ltr'><strong>Append.</strong></span> <span class='ocrx_word' id='word_1_346' title='bbox 759 2319 966 2367; x_wconf 81' lang='lat' dir='ltr'><strong>producta3</strong></span> <span class='ocrx_word' id='word_1_347' title='bbox 1005 2332 1095 2357; x_wconf 86' lang='lat' dir='ltr'><strong>nam</strong></span> <span class='ocrx_word' id='word_1_348' title='bbox 1124 2318 1225 2366; x_wconf 87' lang='lat' dir='ltr'><strong>quod</strong></span> <span class='ocrx_word' id='word_1_349' title='bbox 1258 2321 1319 2356; x_wconf 84' lang='lat' dir='ltr'><strong>vir</strong></span> <span class='ocrx_word' id='word_1_350' title='bbox 1358 2317 1602 2355; x_wconf 82' lang='lat' dir='ltr'><strong>doctissimus</strong></span> <span class='ocrx_word' id='word_1_351' title='bbox 1642 2331 1687 2354; x_wconf 89' lang='lat' dir='ltr'><strong>ea</strong></span> <span class='ocrx_word' id='word_1_352' title='bbox 1725 2318 1771 2354; x_wconf 92' lang='lat' dir='ltr'><strong>de</strong></span> 
     </span>
     <span class='ocr_line' id='line_1_40' title="bbox 324 2373 1771 2423; baseline 0.001 -15"><span class='ocrx_word' id='word_1_353' title='bbox 324 2373 492 2421; x_wconf 88' lang='lat' dir='ltr'><strong>piscibus</strong></span> <span class='ocrx_word' id='word_1_354' title='bbox 526 2376 691 2423; x_wconf 71' lang='lat' dir='ltr'><strong>accepit,</strong></span> <span class='ocrx_word' id='word_1_355' title='bbox 724 2374 815 2423; x_wconf 84' lang='lat' dir='ltr'><strong>Imp.</strong></span> <span class='ocrx_word' id='word_1_356' title='bbox 844 2375 1031 2414; x_wconf 86' lang='lat' dir='ltr'><strong>Antonini</strong></span> <span class='ocrx_word' id='word_1_357' title='bbox 1060 2375 1210 2422; x_wconf 77' lang='lat' dir='ltr'><strong>verbis,</strong></span> <span class='ocrx_word' id='word_1_358' title='bbox 1240 2374 1307 2411; x_wconf 83' lang='lat' dir='ltr'><strong>sed</strong></span> <span class='ocrx_word' id='word_1_359' title='bbox 1335 2387 1532 2423; x_wconf 86' lang='lat' dir='ltr'><strong>perperam</strong></span> <span class='ocrx_word' id='word_1_360' title='bbox 1551 2376 1771 2421; x_wconf 85' lang='lat' dir='ltr'><strong>intellectis,</strong></span> 
     </span>
     <span class='ocr_line' id='line_1_41' title="bbox 323 2427 1770 2485; baseline 0.002 -21"><span class='ocrx_word' id='word_1_361' title='bbox 323 2429 468 2466; x_wconf 81' lang='lat' dir='ltr'><strong>factum</strong></span> <span class='ocrx_word' id='word_1_362' title='bbox 488 2436 564 2466; x_wconf 91' lang='lat' dir='ltr'><strong>est:</strong></span> <span class='ocrx_word' id='word_1_363' title='bbox 594 2433 674 2467; x_wconf 91' lang='lat' dir='ltr'><strong>eius</strong></span> <span class='ocrx_word' id='word_1_364' title='bbox 696 2434 798 2469; x_wconf 88' lang='lat' dir='ltr'><strong>enim</strong></span> <span class='ocrx_word' id='word_1_365' title='bbox 819 2427 1041 2485; x_wconf 72' lang='grc' dir='ltr'><em>μυξάριον,</em></span> <span class='ocrx_word' id='word_1_366' title='bbox 1069 2434 1127 2468; x_wconf 85' lang='lat' dir='ltr'><strong>uti</strong></span> <span class='ocrx_word' id='word_1_367' title='bbox 1155 2433 1308 2482; x_wconf 84' lang='lat' dir='ltr'><strong>egregie</strong></span> <span class='ocrx_word' id='word_1_368' title='bbox 1337 2431 1506 2467; x_wconf 82' lang='lat' dir='ltr'><strong>ostendit</strong></span> <span class='ocrx_word' id='word_1_369' title='bbox 1525 2428 1706 2467; x_wconf 86' lang='lat' dir='ltr'><strong>Gataker.</strong></span> <span class='ocrx_word' id='word_1_370' title='bbox 1727 2433 1770 2467; x_wconf 84' lang='lat' dir='ltr'><strong>in</strong></span> 
     </span>
     <span class='ocr_line' id='line_1_42' title="bbox 325 2483 1771 2536; baseline 0.001 -16"><span class='ocrx_word' id='word_1_371' title='bbox 325 2483 418 2533; x_wconf 89' lang='lat' dir='ltr'><strong>Imp.</strong></span> <span class='ocrx_word' id='word_1_372' title='bbox 440 2484 503 2522; x_wconf 91' lang='lat' dir='ltr'><strong>IV.</strong></span> <span class='ocrx_word' id='word_1_373' title='bbox 521 2486 596 2525; x_wconf 77' lang='lat'><strong>48.</strong></span> <span class='ocrx_word' id='word_1_374' title='bbox 627 2499 782 2524; x_wconf 85' lang='lat' dir='ltr'><strong>muecus</strong></span> <span class='ocrx_word' id='word_1_375' title='bbox 810 2494 890 2535; x_wconf 78' lang='lat' dir='ltr'><strong>est,</strong></span> <span class='ocrx_word' id='word_1_376' title='bbox 919 2501 990 2524; x_wconf 90' lang='lat' dir='ltr'><strong>nec</strong></span> <span class='ocrx_word' id='word_1_377' title='bbox 1021 2490 1224 2536; x_wconf 82' lang='lat' dir='ltr'><strong>quicquam</strong></span> <span class='ocrx_word' id='word_1_378' title='bbox 1242 2490 1374 2533; x_wconf 77' lang='lat' dir='ltr'><strong>iuvat,</strong></span> <span class='ocrx_word' id='word_1_379' title='bbox 1411 2488 1483 2523; x_wconf 89' lang='lat' dir='ltr'><strong>etsi</strong></span> <span class='ocrx_word' id='word_1_380' title='bbox 1501 2489 1556 2523; x_wconf 87' lang='lat' dir='ltr'><strong>ita</strong></span> <span class='ocrx_word' id='word_1_381' title='bbox 1578 2488 1771 2523; x_wconf 78' lang='lat' dir='ltr'><strong>censuerit</strong></span> 
     </span>
     <span class='ocr_line' id='line_1_43' title="bbox 322 2539 1770 2592; baseline 0.001 -15"><span class='ocrx_word' id='word_1_382' title='bbox 322 2539 367 2577; x_wconf 90' lang='lat' dir='ltr'><strong>P.</strong></span> <span class='ocrx_word' id='word_1_383' title='bbox 387 2540 572 2590; x_wconf 86' lang='lat' dir='ltr'><strong>Leopard.</strong></span> <span class='ocrx_word' id='word_1_384' title='bbox 596 2541 669 2579; x_wconf 79' lang='lat' dir='ltr'><strong>XV</strong></span> <span class='ocrx_word' id='word_1_385' title='bbox 676 2542 702 2579; x_wconf 86' lang='lat'><strong>1.</strong></span> <span class='ocrx_word' id='word_1_386' title='bbox 722 2543 883 2580; x_wconf 80' lang='lat' dir='ltr'><strong>Emend.</strong></span> <span class='ocrx_word' id='word_1_387' title='bbox 904 2546 980 2583; x_wconf 80' lang='lat'><strong>22.</strong></span> <span class='ocrx_word' id='word_1_388' title='bbox 1004 2544 1095 2581; x_wconf 87' lang='lat' dir='ltr'><strong>haee</strong></span> <span class='ocrx_word' id='word_1_389' title='bbox 1115 2543 1278 2581; x_wconf 80' lang='lat' dir='ltr'><strong>Diodori</strong></span> <span class='ocrx_word' id='word_1_390' title='bbox 1301 2541 1488 2580; x_wconf 79' lang='lat' dir='ltr'><strong>Muxaria.</strong></span> <span class='ocrx_word' id='word_1_391' title='bbox 1534 2542 1591 2579; x_wconf 89' lang='lat' dir='ltr'><strong>Ne</strong></span> <span class='ocrx_word' id='word_1_392' title='bbox 1612 2554 1770 2592; x_wconf 82' lang='lat' dir='ltr'><strong>prorsus</strong></span> 
     </span>
     <span class='ocr_line' id='line_1_44' title="bbox 325 2597 1770 2650; baseline 0.001 -17"><span class='ocrx_word' id='word_1_393' title='bbox 325 2603 452 2634; x_wconf 91' lang='lat' dir='ltr'><strong>tamen</strong></span> <span class='ocrx_word' id='word_1_394' title='bbox 472 2597 562 2634; x_wconf 91' lang='lat' dir='ltr'><strong>hinc</strong></span> <span class='ocrx_word' id='word_1_395' title='bbox 583 2599 848 2646; x_wconf 80' lang='lat' dir='ltr'><strong>extruderem‚</strong></span> <span class='ocrx_word' id='word_1_396' title='bbox 872 2599 1067 2650; x_wconf 84' lang='lat' dir='ltr'><strong>Hesychio</strong></span> <span class='ocrx_word' id='word_1_397' title='bbox 1088 2600 1265 2646; x_wconf 80' lang='lat' dir='ltr'><strong>debetur,</strong></span> <span class='ocrx_word' id='word_1_398' title='bbox 1294 2601 1360 2647; x_wconf 76' lang='lat' dir='ltr'><strong>qui</strong></span> <span class='ocrx_word' id='word_1_399' title='bbox 1385 2601 1427 2636; x_wconf 86' lang='lat' dir='ltr'><strong>in</strong></span> <span class='ocrx_word' id='word_1_400' title='bbox 1456 2598 1626 2645; x_wconf 77' lang='grc' dir='ltr'><em>Μυοξία</em></span> <span class='ocrx_word' id='word_1_401' title='bbox 1656 2598 1770 2635; x_wconf 85' lang='lat' dir='ltr'><strong>habet</strong></span> 
     </span>
     <span class='ocr_line' id='line_1_45' title="bbox 323 2649 1770 2708; baseline 0.001 -17"><span class='ocrx_word' id='word_1_402' title='bbox 323 2649 562 2707; x_wconf 77' lang='grc' dir='ltr'><em>μυωξάρια,</em></span> <span class='ocrx_word' id='word_1_403' title='bbox 600 2656 705 2701; x_wconf 69' lang='lat' dir='ltr'><strong>sive,</strong></span> <span class='ocrx_word' id='word_1_404' title='bbox 742 2662 785 2692; x_wconf 90' lang='lat' dir='ltr'><strong>ut</strong></span> <span class='ocrx_word' id='word_1_405' title='bbox 813 2655 924 2693; x_wconf 90' lang='lat' dir='ltr'><strong>Iunio</strong></span> <span class='ocrx_word' id='word_1_406' title='bbox 954 2659 1106 2704; x_wconf 87' lang='lat' dir='ltr'><strong>visum,</strong></span> <span class='ocrx_word' id='word_1_407' title='bbox 1142 2651 1344 2708; x_wconf 77' lang='grc' dir='ltr'><em>μυξάρια,</em></span> <span class='ocrx_word' id='word_1_408' title='bbox 1385 2650 1441 2700; x_wconf 74' lang='grc' dir='ltr'><strong>ὥς</strong></span> <span class='ocrx_word' id='word_1_409' title='bbox 1476 2650 1580 2694; x_wconf 55' lang='lat' dir='ltr'><strong>(nixa</strong></span> <span class='ocrx_word' id='word_1_410' title='bbox 1610 2656 1770 2705; x_wconf 53' lang='grc' dir='ltr'><em>βιβρω-</em></span> 
     </span>
     <span class='ocr_line' id='line_1_46' title="bbox 325 2704 1770 2759; baseline -0.001 -12"><span class='ocrx_word' id='word_1_411' title='bbox 325 2704 520 2759; x_wconf 76' lang='grc' dir='ltr'><strong>σκόμενα.</strong></span> <span class='ocrx_word' id='word_1_412' title='bbox 578 2710 739 2747; x_wconf 86' lang='lat' dir='ltr'><strong>Videtur</strong></span> <span class='ocrx_word' id='word_1_413' title='bbox 767 2714 869 2750; x_wconf 88' lang='lat' dir='ltr'><strong>enim</strong></span> <span class='ocrx_word' id='word_1_414' title='bbox 902 2712 1181 2750; x_wconf 81' lang='lat' dir='ltr'><strong>Grammaticus</strong></span> <span class='ocrx_word' id='word_1_415' title='bbox 1214 2725 1347 2749; x_wconf 82' lang='lat' dir='ltr'><strong>vocem</strong></span> <span class='ocrx_word' id='word_1_416' title='bbox 1374 2712 1441 2747; x_wconf 75' lang='lat' dir='ltr'><strong>ubi</strong></span> <span class='ocrx_word' id='word_1_417' title='bbox 1469 2712 1534 2748; x_wconf 89' lang='lat' dir='ltr'><strong>ubi</strong></span> <span class='ocrx_word' id='word_1_418' title='bbox 1561 2713 1770 2749; x_wconf 86' lang='lat' dir='ltr'><strong>invenisse.</strong></span> 
     </span>
     <span class='ocr_line' id='line_1_47' title="bbox 326 2764 1768 2818; baseline 0 -17"><span class='ocrx_word' id='word_1_419' title='bbox 326 2764 457 2816; x_wconf 85' lang='lat' dir='ltr'><strong>Itaque</strong></span> <span class='ocrx_word' id='word_1_420' title='bbox 489 2769 524 2804; x_wconf 85' lang='lat' dir='ltr'><strong>si</strong></span> <span class='ocrx_word' id='word_1_421' title='bbox 553 2768 723 2818; x_wconf 85' lang='lat' dir='ltr'><strong>genuina</strong></span> <span class='ocrx_word' id='word_1_422' title='bbox 750 2766 928 2809; x_wconf 79' lang='lat' dir='ltr'><strong>hocloco</strong></span> <span class='ocrx_word' id='word_1_423' title='bbox 954 2770 1122 2817; x_wconf 77' lang='lat' dir='ltr'><strong>fuerint,</strong></span> <span class='ocrx_word' id='word_1_424' title='bbox 1149 2769 1318 2807; x_wconf 81' lang='lat' dir='ltr'><strong>fructum</strong></span> <span class='ocrx_word' id='word_1_425' title='bbox 1336 2768 1485 2806; x_wconf 80' lang='lat' dir='ltr'><strong>arboris</strong></span> <span class='ocrx_word' id='word_1_426' title='bbox 1503 2767 1648 2806; x_wconf 76' lang='lat' dir='ltr'><strong>Muzuc</strong></span> <span class='ocrx_word' id='word_1_427' title='bbox 1667 2765 1768 2815; x_wconf 83' lang='lat' dir='ltr'><strong>apud</strong></span> 
     </span>
    </p>
   </div>
  </div>
 </body>
</html>
