1828 3253
290 172 386 215 734
752 165 1282 209 ANNOTATIONES

284 286 468 326 Errorem
487 287 690 320 notaverat
709 279 769 318 his
786 280 916 318 verbis
946 279 1190 318 doctissimus
1213 280 1286 319 Iac.
1307 280 1541 319 palmerius.
1570 281 1676 319 Mire
1696 295 1736 319 se

278 343 425 397 prodet
443 338 508 390 ἀ9
499 335 764 391 (υγραφητὸν
785 336 1003 383 Diodorus,
1029 351 1102 374 neo
1121 339 1234 375 video
1265 340 1452 389 quomodo
1479 341 1627 389 possim
1652 353 1735 375 eum

289 397 563 437 tneJ·i.W1ss
605 396 757 438 Quanto
782 395 904 443 magis
926 394 1127 430 considero
1146 393 1243 431 hanc
1265 397 1405 431 montis
1428 394 1736 442 descriptionem,

288 466 446 502 eamque
479 451 669 488 contendo
700 452 906 495 cumillis,
944 461 1038 498 quae
1069 449 1262 488 Diodorus
1296 451 1338 487 L.
1362 450 1472 487 XIX.
1504 452 1574 491 58.
1606 451 1651 487 dc
1672 450 1737 487 Li-

288 513 387 549 bano
415 513 453 546 in
475 510 605 544 literas
627 508 783 552 retulit,
811 508 850 542 in
875 519 956 543 eam
986 509 1205 554 opinionem
1224 509 1442 555 conpellor,
1469 513 1512 543 ut
1542 508 1581 543 in
1603 521 1734 544 vocem

286 563 574 608 ΛῙΒΑΝΟΣ
596 566 730 601 vitium
753 564 918 611 penitius
939 575 1021 598 sese
1041 565 1257 599 insinuasse
1277 566 1458 612 suspicer.
1502 564 1632 600 Potuit
1654 566 1737 612 qui-

289 625 374 660 dem
395 627 497 658 certe
520 631 568 656 ex
591 617 883 665 ΑῘΙῙΑΝΟΣ,
914 630 1031 666 prave
1054 621 1195 669 scripto
1215 620 1424 667 vocabulo,
1453 633 1475 657 a
1496 621 1736 657 somnolento

287 681 447 718 librario
467 676 600 715 AIB
599 674 757 713 4NOE
774 675 944 723 procudi.
975 675 1080 712 [nm
1103 678 1142 712 in
1164 675 1260 712 Add.

401 735 506 775 657.
536 732 611 771 45.
644 725 894 782 Υπάοχων]
937 730 1014 769 Aut
1042 745 1215 785 υπαρχει
1247 732 1448 783 legendum
1471 738 1551 780 est,
1581 738 1647 769 aut
1666 733 1737 769 ali-

290 792 383 843 quid
409 789 637 828 addendum.
666 786 820 824 STEPH.

398 848 502 888 6.)8
528 847 598 884 51.
623 839 806 895 Ι-Ιιιέρας
826 840 966 894 εἷ’κοσι]
1005 842 1085 881 Imo
1117 844 1252 880 castiis
1283 854 1375 891 xm,
1405 846 1487 881 sive
1516 846 1737 894 σταθμοῖς,

286 905 529 952 Thapsacum
559 900 706 950 Cyrus,
736 914 757 937 a
789 899 899 949 Pylis
930 912 1178 951 prowressus,
1209 900 1281 937 dev
1272 903 1375 936 enit.
1420 900 1486 936 Sic
1517 899 1735 948 Xenophon

282 960 441 1009 ’[1ιάβ.
463 959 489 995 Ι.
513 970 548 1006 p.
578 958 682 997 199.
709 964 746 993 et
769 968 847 1004 seq.
886 955 1008 1004 Ipsam
1030 955 1294 1005 Thapsacum,
1323 952 1440 994 πόλιν
1467 953 1647 1007 μεγαλην
1671 957 1738 994 καὶ

286 1016 535 1066 εὐδαίμονα,
566 1019 716 1063 praeter
736 1014 922 1050 celebrem
952 1012 1158 1062 Euphratis
1189 1014 1391 1049 traiectum
1412 1014 1640 1050 nobilitabat
1669 1026 1738 1048 an-

285 1075 502 1124 tiquissima
522 1072 655 1121 origo]
689 1068 832 1106 Eadem
853 1071 954 1106 enim
977 1083 1021 1105 ae
1049 1078 1152 1108 0:3³0
1181 1068 1380 1120 Tftz'psaclt
1407 1071 1443 1109 1.
1464 1068 1558 1119 Reg.
1579 1069 1625 1107 V.
1649 1070 1738 1114 24,

284 1139 329 1169 nt
348 1131 476 1180 pulcre
497 1127 746 1164 adverterunt
765 1127 840 1163 viri
862 1128 1180 1173 praestantissimi
1197 1125 1259 1161 Fr.
1283 1126 1415 1162 lunius
1434 1132 1472 1162 et
1495 1125 1542 1162 H.
1565 1125 1736 1161 Grotius,

283 1188 318 1225 A
351 1184 624 1223 Macedonibus
653 1182 938 1234 Amphipolim,
966 1188 1112 1219 mutato
1141 1184 1318 1227 nomine,
1359 1182 1500 1219 dictam
1532 1183 1652 1219 fuisse
1688 1194 1736 1218 ex

283 1245 413 1283 Plinio
436 1240 476 1277 L.
497 1240 543 1279 V.
571 1239 645 1279 24.
679 1246 716 1276 et
736 1238 932 1288 Stephano
960 1241 1278 1289 cognitissimum.
1299 1238 1433 1276 VVESS.

398 1299 504 1339 658.
536 1298 608 1337 60.
655 1293 760 1335 Κατ’
795 1293 927 1349 α’νὸοα
959 1294 1133 1334 ἕκαστον
1166 1289 1286 1334 δώσει
1302 1293 1400 1347 etc.]
1440 1294 1526 1332 Vid.
1556 1292 1735 1345 Xenoph.

281 1352 439 1405 ’.Αναβ
463 1353 491 1390 l.
515 1367 550 1402 p.
574 1354 680 1392 200.
716 1351 854 1390 WESS.

399 1412 503 1451 658.
531 1411 602 1449 71.
631 1407 738 1447 Ἐπεὶ
760 1406 837 1447 δὲ
825 1407 881 1447 ἔτι
901 1404 994 1460 παο’
1016 1404 1156 1447 Ἰνδῶν
1171 1405 1257 1457 εἴα]
1287 1406 1485 1455 Scriptum
1503 1407 1625 1444 fuisse
1644 1414 1734 1455 puto

286 1464 332 1507 ab
356 1467 515 1506 authore
540 1463 622 1504 ἐπεὶ
655 1463 699 1503 δὲ
717 1463 762 1502 αι’
781 1479 824 1503 τε
845 1470 918 1503 eto.
945 1464 1101 1501 STEPH.
1140 1463 1274 1501 Malim
1295 1477 1379 1500 cum
1401 1461 1677 1500 Rhodomanno
1700 1462 1739 1501 οἵ

283 1540 328 1566 τε
351 1539 434 1576 παρ
467 1520 622 1561 Ἶιὸῶν.
664 1520 781 1558 Forte
811 1527 850 1558 et
870 1532 959 1558 mox
978 1522 1183 1569 scripserat
1212 1516 1439 1572 ἀφεστάναι
1469 1524 1555 1565 τοῖς
1582 1516 1738 1565 τόποις,

285 1578 603 1632 quemadmodum
631 1576 673 1613 L.
693 1576 912 1624 X111.22.,
931 1583 973 1613 ut
994 1577 1040 1613 ad
1067 1576 1182 1612 Indos
1188 1582 1422 1625 ceterosque
1452 1583 1629 1624 parentes
1647 1589 1738 1626 per-

284 1642 428 1683 tineat,
461 1637 537 1672 lon
528 1647 577 1685 ro
599 1642 787 1671 terrarum
819 1636 943 1683 spatio
965 1647 986 1669 a
1007 1631 1134 1669 Media
1155 1633 1324 1670 dissitos.
1346 1632 1483 1671 WEss.

398 1694 504 1733 658.
531 1693 602 1730 71.
635 1689 833 1742 ΖΙΙηὸίας]
883 1688 1078 1741 Ilfl'rsdaetag
1106 1687 1221 1726 Coisl.
1252 1687 1352 1727 Clar.
1385 1692 1477 1727 satis
1499 1689 1609 1726 bene.
1648 1688 1738 1726 Vid.

283 1749 491 1788 Hutchins.
521 1749 561 1784 in
583 1745 761 1795 Xenoph.
786 1743 991 1796 'A1¹a{>'.1.
1021 1759 1055 1794 p.
1081 1747 1152 1785 71.
1181 1745 1317 1785 VVESS.

396 1807 501 1846 658
534 1806 606 1844 76.
641 1800 729 1842 Οὐκ
749 1802 790 1841 ἕ)
795 1798 944 1848 άττους
963 1798 1267 1867 Tencteri-zoara
1288 1796 1531 1853 μυριάδων]
1560 1800 1735 1838 Eundem

281 1864 383 1914 regii
400 1862 592 1898 exercitus
613 1873 810 1896 numerum
834 1858 954 1895 edidit
965 1857 1145 1895 Ctesias
1134 1871 1176 1895 ln
1196 1859 1298 1897 Plut.
1322 1859 1528 1895 Artoxerx.
1549 1872 1584 1908 p.
1604 1859 1735 1898 1017.

283 1920 349 1968 D.,
381 1921 495 1969 longe
523 1929 617 1955 vero
647 1917 871 1964 ampliorem
892 1914 1025 1952 Dinon
1046 1922 1084 1952 et
1103 1914 1346 1965 Xenophon,
1374 1927 1486 1964 quem
1520 1915 1610 1953 vide
1637 1913 1735 1962 Exp.

285 1976 374 2028 Cyr.
404 1975 447 2011 L.
449 1947 498 2011 Ι.
526 1986 561 2023 p.
586 1974 693 2013 206.
725 1972 858 2010 ΙνΕεε.

398 2032 503 2071 658.
537 2030 609 2071 82.
653 2025 713 2068 Τὸ
739 2027 816 2080 μὲν
842 2021 998 2073 πλάτος
1027 2026 1167 2066 ποδῶν
1197 2022 1394 2078 ἕξηκοντα
1413 2026 1510 2076 em]
1540 2026 1582 2063 In
1609 2027 1733 2063 fossae

283 2089 491 2127 latitudine
521 2093 559 2123 et
587 2085 792 2122 altitudine
822 2083 922 2120 haud
952 2084 1052 2120 levis
1076 2090 1134 2119 est
1162 2084 1366 2121 discordia.
1403 2082 1621 2131 Xenophon
1652 2083 1677 2119 l.
1705 2096 1734 2119 e.

283 2143 331 2185 τὸ
353 2143 428 2196 μὲν
450 2143 567 2195 εὖρος
586 2139 660 2194 ὀργ
661 2157 746 2180 υιαι
766 2138 907 2186 πέντε,
936 2136 981 2178 τὸ
1006 2137 1049 2178 δὲ
1067 2134 1225 2190 βάθος
1229 2136 1386 2191 ὀρμταὶ
1404 2153 1525 2192 Tpczg.
1557 2138 1627 2176 hoc
1650 2141 1736 2184 erit,

287 2204 319 2239 si
353 2215 439 2238 cnm
459 2199 614 2236 Herone
636 2194 802 2250 ὀρ9υιάν
831 2199 1055 2245 aequaveris
1086 2208 1154 2232 sex
1183 2196 1363 2245 pedibus,
1399 2196 1603 2232 latitudine
1629 2206 1733 2238 xxx,

285 2257 491 2296 altitudine
510 2265 618 2291 xvm
639 2254 789 2302 pedum.
825 2252 1052 2289 Plutarchus
1072 2253 1184 2289 aliter
1207 2252 1413 2289 Artoxerx.
1434 2264 1471 2300 p.
1499 2253 1634 2292 1014.
1667 2251 1733 2289 καὶ

282 2312 361 2367 γὰρ
383 2309 543 2365 τάφρον
566 2304 683 2363 εἶρος
703 2308 878 2362 ὄργυιῶτ
899 2306 947 2347 δέ
930 2323 1011 2354 κα,
1032 2323 1098 2347 και
1118 2303 1283 2358 βάθος)
1272 2307 1374 2354 ἴσον,
1391 2307 1454 2346 ἐπὶ
1476 2307 1670 2353 σταδιους
1684 2329 1731 2335 -·

282 2368 574 2421 τετρακοσίους
594 2366 634 2405 ἐι
638 2366 770 2416 ἔβαλε,
799 2367 840 2402 in
863 2365 1066 2402 latitudine
1087 2365 1237 2413 quidem
1259 2378 1280 2401 a
1302 2365 1444 2401 Nostro
1466 2364 1566 2401 nihil
1590 2364 1733 2401 discre-

284 2440 393 2477 pans,
418 2427 458 2461 in
477 2423 738 2473 profunditate
768 2424 996 2472 plurimum,
1026 2422 1188 2458 fortasse
1208 2424 1322 2457 etiam
1352 2434 1373 2457 a
1394 2432 1506 2458 vero:
1539 2423 1608 2458 vix
1630 2423 1731 2457 enim

287 2484 360 2521 sibi
383 2483 467 2530 quis
486 2482 740 2530 persuaserit,
768 2486 845 2516 tam
869 2480 944 2515 alte
968 2491 1049 2514 eam
1070 2478 1188 2513 fuisse
1208 2477 1434 2527 depressam.
1463 2477 1540 2514 Iam
1561 2477 1731 2526 longitn-

285 2540 410 2577 dinem
442 2536 664 2582 considera,
706 2547 817 2583 quam
846 2533 1067 2581 Xenophon
1097 2537 1138 2571 in
1176 2534 1414 2584 Parasangas
1450 2544 1509 2574 xl!
1543 2533 1728 2578 extendit,

284 2599 366 2633 sive
388 2593 510 2631 stadia
529 2601 676 2637 CCCLX,
703 2590 932 2628 Plutarchus
952 2589 1048 2626 stad.
1069 2599 1184 2636 CCCC,
1222 2603 1300 2626 non
1320 2603 1482 2640 magno,
1511 2596 1550 2626 et
1571 2601 1618 2625 ex
1637 2602 1729 2625 con-

281 2661 457 2690 troversa
491 2660 790 2699 p‘arasangarum
824 2646 1073 2696 amplitudine
1101 2653 1214 2692 nato,
1251 2647 1484 2685 discrimine.
1540 2647 1729 2689 Quorsum

283 2722 376 2746 vero
396 2705 516 2744 haec?
545 2712 590 2741 ut
607 2712 758 2741 *teneam
781 2717 859 2741 non
880 2703 1008 2740 omnia
1027 2701 1110 2738 heic
1129 2704 1205 2739 loci
1223 2716 1305 2739 esse
1326 2716 1429 2740 sana.
1460 2702 1612 2739 Omissa
1635 2702 1727 2738 mibi

283 2765 437 2803 videtur
454 2764 580 2799 fossae
599 2761 822 2811 longitudo,
850 2762 1006 2807 eiusque
1028 2759 1212 2796 indicium
1231 2759 1367 2795 durare
1391 2761 1431 2795 in
1449 2761 1593 2809 μῆκος.
1628 2757 1727 2793 Fue-

282 2825 334 2858 rit
355 2834 445 2871 ergo
471 2816 517 2858 τὸ
540 2817 597 2857 δὲ·
612 2813 752 2867 βάθος
771 2815 912 2856 ποδῶν
936 2813 1037 2854 δέκα
1062 2814 1129 2854 καὶ
1149 2812 1195 2854 τὸ
1215 2817 1348 2866 μῆκος
1368 2814 1546 2854 σταδίων
1578 2828 1725 2866 τετρα-
