1828 3253
271 174 360 218 172
736 166 1256 210 ANNOTATIONES

274 287 427 326 cubitos
443 297 528 323 cum
550 284 724 322 dimidio.
759 282 957 330 Secunda,
984 284 1135 332 viginti
1152 282 1316 321 cubitos.
1358 281 1512 331 Tertia,
1543 285 1713 334 triginta

274 351 422 396 septem
442 341 592 379 cubitos
614 354 700 378 cum
722 341 896 378 dimidio.
951 340 1124 386 Quarta,
1142 341 1336 391 proxima
1356 338 1572 391 Euphrati,
1599 343 1715 390 quin-

273 401 468 452 quaginta
487 397 648 434 cubitos.
708 396 801 435 Illic
830 396 1120 434 extrahebatur
1147 410 1254 447 aqua
1284 395 1333 432 ab
1355 395 1562 447 Euphrate
1593 398 1716 433 certis

274 456 504 508 quibusdam
524 454 731 499 machinis,
759 454 815 491 ad
832 454 1063 502 irrigandos
1083 453 1230 489 hortos.
1263 451 1364 489 Tota
1385 452 1485 489 haec
1506 459 1714 489 structura

274 511 546 550 sustinebatur
562 510 794 556 fornicibus
820 510 1039 556 latericiis,
1064 509 1140 546 sibi
1162 509 1462 545 cohaerentibus
1489 509 1571 545 lato
1592 510 1717 545 inter-

273 571 385 607 stitio
406 568 615 606 secundum
627 568 922 617 proportionem
943 576 1156 611 arearum;
1185 578 1348 615 quorum
1369 565 1533 615 quilibet
1549 564 1721 601 habebat

270 626 477 664 duodecim
488 625 614 675 pedes
635 624 845 660 diametri:
882 623 1060 660 distabat
1076 624 1211 671 itaque
1235 634 1334 658 unus
1352 622 1400 658 ab
1424 623 1552 658 altero
1565 621 1718 668 fornix

267 683 396 735 pedes
414 682 562 729 viginti
584 681 702 724 duos,·
742 685 784 715 et
808 678 881 715 hoe
910 680 1064 729 quidem
1090 686 1170 714 tam
1182 691 1262 729 pro
1273 679 1509 726 firmatione
1532 680 1718 715 interme-

276 741 368 786 dia,
405 750 521 788 quam
544 749 623 787 pro
654 736 929 772 commoditate
959 736 1323 772 mcmsiunoulmmn
1350 735 1621 786 quarundam,
1665 732 1722 769 ibi

275 800 586 833 exstructarum.
640 790 862 842 Superiora
882 791 1023 828 karum
1047 791 1324 837 tabernarum,
1347 793 1484 842 primo
1514 797 1633 827 erant
1658 790 1719 825 in—

275 857 410 891 strata
428 851 584 898 magnis
602 848 812 898 lapidibus,
838 849 1096 896 longitudinis
1114 849 1281 886 sedecim
1294 849 1455 898 pedum,
1488 853 1529 883 et
1545 852 1721 896 quatuor

274 908 515 947 latitudinis.
553 904 709 941 Deinde
732 911 853 940 totum
877 905 976 941 illud
998 910 1092 940 erat
1111 911 1336 954 coopertum
1358 905 1491 940 multis
1511 902 1722 939 arundini-

276 965 359 1002 bus.
392 963 556 1007 Tertio,
593 973 723 996 omnes
742 961 837 997 illae
857 961 1074 997 arundines
1095 966 1214 996 erant
1232 959 1411 997 obtectae
1431 961 1585 1007 magnis
1605 958 1721 995 lami-

273 1023 337 1059 nis
351 1018 568 1071 plumbeiS,
597 1029 700 1068 quae
721 1016 986 1062 defenderent
1004 1015 1196 1062 fornices
1226 1016 1274 1051 ab
1304 1015 1539 1052 humiditate
1571 1022 1720 1051 terrae.

281 1077 456 1115 Tandem
476 1079 570 1111 erat
590 1085 710 1123 super
730 1075 860 1109 omnia
879 1072 1004 1118 haec,
1042 1073 1191 1123 optima
1214 1078 1326 1108 terra
1339 1098 1350 1117 ,
1400 1072 1561 1108 exculta
1583 1072 1722 1121 exqui-

276 1135 366 1171 sitis
390 1130 564 1183 floribus
586 1135 627 1165 et
646 1129 805 1179 plantis
826 1135 898 1165 etc.
921 1126 1056 1164 RHOD.
1087 1127 1148 1164 Ex
1169 1128 1430 1175 superioribus
1452 1130 1485 1164 si
1505 1134 1654 1176 repetas
1673 1126 1723 1163 ad

275 1188 504 1237 explendam
531 1187 761 1222 sententiam
790 1182 837 1223 τὸ
869 1180 1102 1237 ὀρόφωμα,
1140 1185 1223 1220 sine
1253 1185 1332 1221 ullo
1363 1184 1515 1220 defectu
1545 1183 1724 1219 decurret

277 1247 426 1292 oratio,
456 1254 579 1290 neque
601 1254 695 1292 opus
715 1244 810 1288 erit,
849 1247 890 1277 ut
910 1238 1015 1279 κατὰ
1036 1240 1165 1276 addas.
1207 1238 1265 1276 De
1284 1253 1379 1277 voce
1398 1235 1576 1289 μόλιβος
1593 1245 1630 1275 et
1646 1234 1723 1288 μό-

276 1303 406 1351 λυβος
438 1298 627 1336 Rhodom.
661 1297 809 1334 accedit
849 1295 1094 1334 Eustathius:
1144 1295 1286 1332 Moeris
1315 1309 1431 1343 vem,
1476 1291 1724 1344 ΠἸόλυβὸος,

269 1355 476 1402 Ἀττικῶς·
505 1349 715 1405 μόλυβος,
736 1348 996 1404 ίΕλληνικῶς.
1027 1359 1064 1390 et
1087 1352 1183 1388 bene
1207 1353 1401 1400 profect03
1439 1364 1528 1388 nam
1552 1350 1654 1401 quod
1675 1363 1724 1387 ex

277 1415 502 1451 coniectura
530 1409 752 1456 ediderunt,
791 1404 1020 1458 Μόλυβος,
1043 1405 1250 1454 Ἀττικῶς·
1281 1404 1514 1458 μόλυβδος,
1540 1402 1724 1457 Ἕλληνι-

278 1472 383 1516 κῶς,
414 1468 454 1505 id
474 1465 628 1517 quidem
645 1466 799 1515 probari
817 1478 896 1502 non
918 1467 1070 1513 poterit.
1128 1464 1292 1513 Liquido
1308 1463 1484 1501 Eustath.
1505 1466 1545 1500 in
1568 1462 1725 1500 Homer.

276 1539 313 1576 p.
337 1526 474 1566 1340.
513 1521 595 1561 ἐπεὶ
627 1521 694 1560 καὶ
714 1519 852 1567 Ἴωνες
882 1516 1036 1572 ὁμοίως
1061 1517 1259 1566 Ἀττικοῖς
1283 1516 1501 1570 μόλυβδον
1528 1518 1726 1571 λέγουσιν.

276 1581 384 1620 Hine
404 1581 514 1619 venit
533 1577 709 1628 μολυβὶς
728 1578 774 1614 de
789 1579 931 1615 lamina
952 1578 1126 1625 plumbea
1144 1575 1279 1613 Basilii
1300 1576 1355 1613 M.
1374 1575 1478 1613 Τ.Ι[.
1498 1589 1532 1626 p.
1552 1576 1652 1615 145.
1666 1574 1725 1622 E.,

271 1634 384 1691 χρόα
405 1634 568 1688 μολίβῳ
598 1639 861 1686 προσεοικυῖα
881 1634 1031 1671 Aelian.
1056 1632 1146 1670 XV.
1166 1632 1216 1669 H.
1236 1632 1280 1668 A.
1303 1635 1391 1679 28„
1411 1640 1462 1678 et,
1483 1643 1579 1679 quae
1603 1633 1726 1682 magis

278 1695 369 1731 huic
387 1696 473 1731 loco
493 1698 719 1740 opportuna,
742 1686 873 1742 βάρος
889 1691 1091 1741 μολιβοῦν
1110 1696 1147 1725 et
1167 1690 1255 1728 λεῖα
1274 1690 1427 1741 μολιβῆ
1448 1687 1616 1725 Heronis
1637 1687 1726 1738 Spi-

277 1752 383 1789 rital.
405 1763 439 1798 p.
464 1749 569 1788 192.
589 1753 628 1783 et
646 1747 837 1785 Automat.
868 1760 903 1796 p.
927 1747 1033 1787 245.
1074 1745 1208 1782 Wssss.

397 1805 500 1846 124,
524 1804 597 1843 79.
624 1799 747 1842 Κατά
767 1817 809 1841 τε
830 1800 875 1841 τὸ
898 1800 1102 1854 μέγεθος]
1134 1801 1389 1847 Distinetius,
1418 1801 1530 1837 modo
1552 1813 1598 1836 ex
1620 1813 1725 1846 vero,

281 1861 437 1900 Curtius
458 1860 503 1897 V.
529 1862 567 1899 l.
587 1860 660 1898 34.
697 1859 881 1910 Adeoque
902 1860 1059 1896 validas
1079 1858 1247 1895 arbores
1263 1860 1473 1903 sustinent,
1508 1864 1553 1893 ut
1568 1858 1726 1906 stipites

282 1932 421 1957 earum
449 1923 536 1953 octo
568 1916 786 1953 cubitorum
808 1918 981 1967 spatium
1012 1916 1278 1952 crassitudine
1300 1920 1492 1965 aequent,
1533 1915 1573 1949 in
1594 1913 1637 1950 L.
1652 1925 1726 1963 pe-

282 1978 371 2015 dum
399 1974 650 2011 altitudinem
681 1975 897 2020 emineant,
941 1978 982 2010 et
996 1971 1244 2020 frugiferae
1264 1972 1364 2017 sint,
1396 1977 1441 2006 ut
1459 1972 1496 2006 si
1519 1976 1632 2006 terra
1651 1982 1724 2005 sua

280 2033 504 2070 alerentur.
533 2029 668 2065 wass.

399 2087 502 2127 125.
530 2086 600 2126 83.
639 2081 760 2136 Πρὸς
789 2081 864 2130 τὰς
891 2078 1155 2133 ἐπαντλήσεις
1185 2079 1369 2134 ὄργανα]
1404 2081 1488 2119 Hoc
1514 2083 1657 2129 placuit
1679 2081 1727 2117 ob

282 2146 512 2191 scriptorum
531 2140 651 2179 Codd.
672 2142 949 2178 auctoritatem.
994 2139 1080 2176 Vid.
1102 2153 1215 2188 supra
1237 2139 1266 2175 l.
1286 2139 1358 2177 33.
1395 2138 1582 2188 Intelligit
1601 2144 1728 2174 autem

282 2199 471 2247 cochleas,
505 2198 642 2248 quibus
662 2210 797 2247 aquam
820 2210 838 2232 e
859 2196 977 2232 fluvio
1000 2199 1039 2232 in
1061 2196 1275 2245 paradisum
1299 2195 1537 2241 derivabant,
1566 2200 1608 2230 ut
1628 2193 1728 2243 apud

284 2255 517 2293 Strabonem
534 2252 657 2290 XVII.
679 2266 714 2301 p.
740 2253 873 2292 1073.
901 2251 1038 2288 VVEss.

404 2312 506 2351 125.
542 2312 613 2349 88.
673 2306 804 2361 Παρὰ
846 2305 919 2347 τὸν
961 2307 1135 2360 Τίγριν]
1196 2306 1247 2343 Et
1289 2305 1431 2358 Τίγριν
1463 2312 1502 2342 et
1543 2304 1728 2357 Τίγρητα

285 2367 428 2406 flumen
445 2367 629 2415 appellari
648 2378 758 2401 nemo
780 2367 913 2401 nescit.
941 2363 1139 2400 Herodoto
1163 2363 1189 2400 l.
1208 2366 1220 2403 l
1236 2364 1308 2403 89.
1340 2361 1494 2414 Τίγρις,
1513 2368 1552 2397 at
1571 2361 1635 2397 Vl.
1653 2363 1727 2400 20.

288 2423 456 2476 Τίγρης.
502 2435 598 2471 qua-e
628 2424 796 2458 varietas
828 2427 864 2456 et
891 2423 932 2457 in
961 2422 1047 2457 aliis
1085 2427 1264 2456 monente
1294 2418 1469 2455 Eustath.
1504 2418 1545 2454 in'
1564 2416 1727 2467 Dionys.

286 2480 438 2531 Perieg.
458 2491 558 2515 verS.
581 2478 686 2517 976.
721 2476 869 2524 Sequor
889 2480 1005 2526 prius.
1030 2476 1078 2513 W
1083 2487 1168 2515 ESS.

405 2535 506 2575 125.
531 2535 604 2572 95.
634 2532 873 2582 Δισχιλίοτς
893 2532 962 2571 καὶ
982 2528 1292 2583 πεντακοσίοις]
1325 2529 1550 2568 StraboXL
1575 2530 1726 2578 p.792.

285 2591 330 2629 B.
356 2590 532 2641 ὃιέχουσι
563 2589 606 2627 tle*
630 2585 818 2640 ἀλλήλων
842 2586 883 2627 αἱ
907 2588 1030 2639 πηγαὶ
1051 2590 1124 2628 τοῦ
1144 2603 1186 2626 τε
1208 2582 1432 2640 Εὐφράτου
1463 2585 1529 2624 καὶ
1553 2588 1627 2623 τοῦ
1653 2585 1729 2622 Τι’-

286 2647 426 2701 γριὸὀς
445 2645 534 2696 περὶ
556 2644 779 2695 δισχιλίους
801 2643 867 2682 καὶ
888 2643 1181 2689 πεντακοσίους
1203 2643 1409 2688 σταδίους·
1449 2654 1544 2690 quae
1564 2641 1623 2677 his
1644 2655 1729 2677 cum

289 2707 368 2741 sint
387 2703 602 2748 simillima,
633 2702 766 2749 cupide
788 2701 849 2745 id,
881 2701 981 2748 quod
1002 2700 1160 2737 Coislin.
1183 2707 1220 2736 et
1243 2699 1337 2736 Μυῒ.
1358 2699 1518 2735 schedae
1538 2699 1729 2745 praefere—

287 2761 404 2805 bant,
430 2759 588 2805 arripui.
647 2757 705 2793 Ne
737 2757 828 2806 quid
860 2762 987 2794 tamen
1018 2757 1277 2801 dissimulem,
1316 2754 1489 2791 Eustatli.
1519 2753 1728 2790 stadiorum

289 2826 394 2855 elom
415 2816 672 2866 patrocinium
691 2813 889 2865 profitetur
908 2813 956 2850 ad
977 2812 1140 2863 Dionys.
1160 2812 1309 2863 Perieg.
1329 2824 1429 2850 vers.
1454 2812 1558 2850 976.
1589 2806 1664 2855 τὰς
1685 2807 1729 2847 δὲ
