1828 3253
256 209 346 248 766
714 205 1241 254 ANNOTATIONES

254 321 287 357 si
309 321 362 357 ita
382 317 510 369 legas,
537 314 695 358 τούτων
718 314 760 358 δ’
793 315 924 371 ὀλίγαι
944 313 1063 371 μέν
1038 334 1146 374 ησαν
1176 315 1373 375 τριήρεις,
1406 317 1449 360 αἳ
1467 318 1511 360 δὲ
1532 318 1693 368 πλείοις

258 383 328 414 etc.
358 349 442 412 velo
442 371 483 412 αἱ
505 372 548 412 δὲ
569 376 622 412 π7
626 379 768 414 efferae.
798 374 955 413 STEPH.

369 432 473 470 688
509 431 577 469 17.
604 427 699 470 Ὅτε
723 446 803 469 που
833 427 1031 483 πρότεοον
1051 437 1121 468 etc.
1156 430 1418 482 συνέβαινεν]
1467 432 1578 481 Fuit,
1609 447 1694 472 cum

257 485 324 527 ὅτε
344 502 423 524 που
444 486 535 523 satis
555 487 827 524 inconmodum
843 487 915 525 hoc
935 485 1029 525 mihi
1045 489 1130 525 loco
1152 488 1364 526 videbatur.
1404 489 1596 527 Noveram
1616 489 1695 526 He-

256 543 355 581 siodi
377 541 409 578 'l
416 541 574 591 heogon.
606 554 640 580 v.
657 544 764 583 416
795 543 862 581 καὶ
885 541 962 597 γὰρ
984 545 1057 581 νῦν
1081 541 1148 584 ὅτε
1170 541 1249 584 πού
1274 559 1333 591 τις
1358 544 1603 595 ἕπιχθἋονιων
1624 543 1694 584 ἀι-

255 595 442 650 &orm-nm*
460 595 621 647 “bodam
636 605 706 636 etc.
737 595 800 636 ἕλ’
765 614 966 650 ασκηται.
1011 598 1088 636 Sed
1118 608 1156 637 et
1183 602 1222 638 id
1249 603 1376 651 paullo
1403 601 1493 638 hinc
1526 615 1606 638 esse
1636 602 1695 639 ‹li-

256 667 411 693 vcrsum
451 661 488 690 et
506 654 559 690 1b1
591 657 683 691 satis
706 659 986 704 tempestivum.
1027 655 1242 694 Accedebat
1270 657 1424 704 eodem,
1456 660 1610 694 exulare
1646 668 1695 695 ex

256 714 419 761 optimae
448 716 562 746 notae
592 710 742 747 schedis
771 713 967 749 molestam
996 724 1129 750 vocem
1157 715 1259 760 ποῦ,
1286 714 1456 762 adeoque
1483 721 1696 763 suspectam

255 766 532 815 quodammodo
552 780 661 816 posse
680 765 816 804 videri.
858 768 891 804 A
921 779 994 816 qua
1022 768 1171 816 quidem
1203 771 1381 818 opinione
1399 770 1560 807 necdum
1586 783 1696 806 rece-

255 823 366 870 dam,
406 822 517 859 modo
552 833 619 872 pro
648 819 715 861 ὅτε
744 824 933 874 refingere
963 821 1024 863 ὅτι
1056 824 1202 862 licitum
1237 826 1364 862 fuerit.
1413 825 1513 862 Tum
1543 833 1697 862 senten-

254 882 308 916 tia
331 882 426 925 erit,
451 881 633 928 cognosci
655 881 724 916 vix
751 881 942 928 potuisse,
976 881 1108 918 urbem
1137 882 1276 918 incolis
1300 881 1390 917 olim
1415 882 1697 930 frequentatam

252 936 386 974 fuisse.
412 935 548 971 W'Ess.

367 993 472 1031 688.
499 992 572 1030 29.
602 984 809 1042 ἰ[ἶγεμόνοε
830 989 874 1030 δὲ
893 986 966 1030 οὐκ
990 987 1176 1042 ἔχοντες]
1214 991 1325 1029 Nihil
1346 993 1384 1029 in
1407 990 1468 1029 his
1504 993 1605 1042 quod
1637 993 1696 1029 of-

251 1047 408 1085 fendat:
437 1049 477 1084 in
499 1048 687 1095 scriptura
705 1047 890 1084 librorum
912 1046 1026 1085 Coisl.
1047 1055 1086 1084 et
1106 1047 1201 1098 Reg.
1230 1051 1266 1089 l.
1296 1050 1469 1095 multum,
1499 1051 1574 1085 nisi
1595 1050 1695 1085 forte

252 1103 455 1140 barbarum
471 1101 595 1139 Siculi
616 1103 724 1139 ducis
743 1116 882 1140 nomen
899 1103 989 1140 dare
1008 1106 1217 1151 voluerint,
1243 1105 1288 1142 (le
1309 1117 1382 1153 quo
1403 1104 1501 1142 nihil
1521 1104 1696 1142 decerno.

251 1157 484 1209 Dionysium
512 1158 726 1197 Naxiorum
755 1160 889 1197 urbem
919 1158 1063 1198 Siculis
1095 1161 1350 1199 contribuisse
1390 1172 1504 1211 supra
1530 1161 1699 1211 prodidit

252 1228 285 1253 c.
310 1218 379 1256 16.
408 1215 540 1252 WEss.

367 1273 471 1312 688.
501 1273 574 1311 36.
609 1267 891 1323 Ταυρομένιον
913 1267 1156 1325 ὠνόμασαν]
1189 1270 1488 1310 Tauromenium
1506 1272 1579 1310 hoc
1600 1279 1696 1309 tem-

252 1339 345 1376 pore
375 1328 568 1365 conditam
596 1327 738 1375 fuisse,
771 1329 964 1365 indicatur
992 1342 1026 1368 c.
1052 1331 1123 1369 87.
1144 1336 1182 1366 et
1200 1330 1273 1370 96.
1309 1330 1341 1366 A
1367 1341 1440 1377 qua
1467 1336 1593 1366 tamen
1615 1330 1697 1378 opi-

252 1385 369 1421 nione
399 1384 576 1421 recedere
606 1383 954 1422 videturL.XV1
979 1387 1031 1430 7..,
1064 1386 1130 1422 ubi
1151 1385 1196 1421 de
1223 1384 1513 1432 Andromacho,
1546 1384 1698 1422 Timaei

251 1447 372 1491 patre,
402 1435 572 1491 οἰκήσας
593 1438 638 1478 δὲ
656 1437 728 1478 τὸν
744 1435 846 1507 ὑπὲρ
867 1442 917 1491 τῆ
922 1454 941 1486 ς
962 1436 1105 1487 Νάξου
1125 1436 1269 1507 7.,όφον,
1295 1438 1368 1480 τὸν
1389 1437 1694 1491 ὀνομαζόμενον

255 1498 348 1534 Ta?
343 1511 447 1548 οον,
473 1511 540 1534 και
559 1495 702 1546 μείνας
721 1493 808 1534 κατ’
845 1493 972 1535 αὐτὸν
994 1498 1046 1534 π7
1052 1511 1117 1535 ειω
1133 1491 1308 1548 χρόνον,
1342 1493 1422 1536 ἀπὸ
1443 1498 1517 1547 τῆς
1538 1495 1601 1534 ἐπι
1620 1498 1695 1535 τοῦ

255 1546 425 1601 Tav'oov
444 1553 576 1603 μονῆς
606 1547 796 1602 ὠνόμασε
820 1551 1133 1603 Ταυρομένειον.
1173 1551 1217 1589 Si
1237 1555 1336 1589 enim
1359 1551 1613 1589 Timoleontis
1633 1565 1696 1589 ae-

251 1614 332 1645 tate
343 1606 662 1644 Andromachus
652 1621 692 1644 in
713 1606 747 1644 T
751 1619 885 1645 aurum
905 1608 1040 1645 collem
1060 1608 1462 1655 conduxeritNaxios,
1487 1615 1525 1645 et
1545 1621 1567 1644 a
1589 1621 1698 1645 mora

251 1665 293 1702 in
315 1677 358 1701 eo
381 1662 512 1700 Tauro
534 1662 836 1700 Tauromenium
863 1664 1089 1713 appellarit,
1117 1664 1286 1701 nondum
1316 1667 1449 1713 utique
1479 1678 1523 1701 eo
1543 1666 1696 1701 nomine

252 1720 343 1757 urbs
372 1718 554 1769 Dionysii
585 1722 749 1757 senioris
778 1727 944 1769 tempore
966 1722 1152 1772 insignita
1172 1721 1258 1757 fuit.
1300 1719 1369 1757 Ph.
1393 1728 1493 1758 certe
1514 1719 1696 1758 Cluverio

255 1774 297 1813 S.
322 1775 451 1824 Antiq.
481 1775 524 1814 L.
549 1775 577 1812 I.
604 1787 638 1825 p.
662 1776 736 1815 95.
767 1778 822 1813 ita
845 1777 918 1813 sibi
947 1789 1118 1827 pugnare
1140 1778 1207 1813 illa
1235 1784 1326 1814 sunt
1351 1779 1458 1823 visa,
1488 1784 1531 1813 ut
1548 1776 1697 1814 Diodo-

251 1844 338 1869 rum
358 1834 417 1869 sui
436 1832 596 1868 oblitum
614 1833 735 1868 fuisse
754 1833 1033 1882 perscripserit.
1059 1832 1246 1881 Equidem
1266 1836 1427 1880 auctori,
1448 1833 1548 1881 quod
1572 1835 1697 1869 omni-

252 1888 324 1925 bus
345 1889 455 1935 aliis,
489 1901 559 1924 usu
590 1890 758 1937 potuisse
786 1891 920 1926 venire
948 1901 1025 1925 non
1054 1902 1270 1939 negavero,
1303 1901 1538 1927 excusavero
1568 1895 1698 1926 tamen

252 1943 324 1981 hac
348 1945 389 1980 in
409 1957 463 1982 re.
508 1943 599 1994 Agit
620 1946 832 1992 posteriore
854 1945 938 1981 loco
963 1944 1009 1981 de
1030 1944 1192 1991 Naxiis,
1223 1957 1317 1994 quos
1342 1947 1477 1994 patriis
1496 1945 1648 1982 sedibus
1671 1957 1694 1981 a.

249 1998 443 2050 Dionysio
464 1998 685 2037 deturbatos
711 2002 910 2052 collegerit
927 2000 1241 2047 Andromachus,
1271 2008 1309 2038 et
1328 2000 1459 2038 Tauro
1491 2003 1532 2038 in
1564 2008 1694 2038 monte

251 2058 473 2094 collocarit:
503 2055 813 2094 Andromachum
844 2059 969 2104 ipsum
996 2064 1112 2095 vocat
1144 2057 1475 2109 Ταυρομενίτην,
1503 2059 1604 2093 clare
1633 2059 1695 2093 in-

251 2125 398 2159 nuens,
436 2111 738 2149 Tauromenium
766 2115 844 2150 iam
871 2114 1012 2160 fuisse,
1050 2120 1255 2161 antequam
1291 2113 1411 2149 Naxii
1443 2113 1482 2149 id
1514 2113 1694 2162 oppidum

251 2175 496 2217 occuparent.
531 2168 642 2212 Quod
661 2182 753 2206 vero
777 2168 909 2206 subdit
927 2168 972 2205 de
990 2172 1167 2215 nomine,
1197 2182 1240 2205 ea
1262 2182 1303 2205 re
1324 2169 1588 2206 confirmatum
1608 2170 1696 2207 urbi

249 2226 405 2263 titulum
428 2225 474 2261 ab
496 2224 765 2262 Andromacho
794 2233 831 2262 et
850 2225 985 2262 Naxiis
1006 2225 1187 2262 declarat.
1231 2226 1356 2268 Quare
1385 2224 1457 2261 hoc
1477 2226 1560 2262 loco
1581 2224 1694 2262 Tau-

249 2280 438 2328 romenii,
468 2293 491 2316 a
512 2279 657 2318 Siculis
675 2280 859 2331 Dionysii
892 2288 1015 2318 aetate
1045 2281 1214 2327 conditi,
1243 2282 1435 2318 meminit:
1475 2282 1542 2318 illo
1571 2282 1692 2318 altero

251 2336 421 2375 eiusdem
441 2335 710 2384 Tauromenii,
740 2350 762 2373 a
782 2337 919 2375 Naxils
943 2336 1162 2383 exsulibus,
1189 2336 1446 2374 Andromachi
1465 2350 1600 2386 opera,
1631 2340 1693 2374 in·-

251 2394 368 2439 sessi,
396 2404 544 2442 quoque
566 2393 680 2430 modo
711 2389 791 2432 ἀπὸ
820 2396 895 2445 τῆς
917 2391 981 2432 ἐπὶ
1010 2395 1084 2432 τοῦ
1117 2386 1285 2443 Ταύρου
1315 2396 1447 2444 μονῆς
1474 2400 1587 2431 vetus
1606 2394 1693 2430 urbi

249 2462 390 2486 nomen
410 2451 727 2496 perseveraverit.
767 2449 855 2486 Stat
875 2463 897 2486 a
917 2463 976 2486 me
1005 2462 1073 2498 pro
1096 2446 1266 2487 Diodoro
1277 2447 1486 2488 Clarissim.
1509 2448 1591 2501 Sig.
1609 2448 1692 2486 Ha-

250 2516 477 2552 vercampus
499 2502 707 2541 Comment.
730 2506 777 2542 ad
796 2505 962 2542 Parutae
981 2504 1168 2542 Numism.
1188 2517 1221 2553 p.
1245 2506 1349 2545 907.
1387 2504 1523 2544 Wnss.

362 2563 467 2602 688.
498 2561 572 2600 44.
605 2555 708 2600 ζΥπό
739 2563 814 2600 τοῦ
846 2561 963 2600 καλοῖ
967 2559 1100 2611 μένου
1130 2556 1311 2614 ῥυακος]
1357 2560 1443 2598 Vid.
1466 2568 1545 2598 not.
1576 2563 1616 2598 in
1647 2561 1688 2598 L.

249 2617 294 2655 V
315 2619 357 2657 6.
397 2611 573 2662 Ῥυακας
595 2623 738 2653 vocant
756 2617 904 2654 fluenta
921 2617 1213 2666 liquefacturum
1242 2628 1421 2655 saxorum
1441 2624 1553 2666 atque
1574 2619 1689 2667 ignis,

251 2687 299 2710 ex
320 2673 466 2710 Aetnae
491 2673 706 2709 crateribus
724 2686 866 2724 magno
894 2675 1024 2721 inpetu
1045 2674 1329 2722 prorumpentia
1358 2680 1395 2710 et
1414 2675 1543 2711 vicina
1573 2685 1688 2722 quae-

249 2732 311 2767 vis
342 2729 559 2767 adurentia.
596 2727 709 2765 Plato
734 2727 930 2768 Phaedon.
961 2742 997 2777 p
1022 2729 1122 2769 lll
1145 2727 1191 2768 E.
1223 2725 1359 2780 ιῧσπεο
1390 2727 1431 2767 ἒν
1455 2728 1616 2769 Σικελία
1648 2725 1687 2768 οἱ

249 2782 328 2838 πρὸ
351 2786 425 2824 τοῦ
443 2780 596 2837 ῥύακος
614 2785 747 2836 πηλοῦ
770 2782 928 2839 ῥέοντες
957 2782 1136 2835 ποταμοὶ
1155 2783 1222 2823 καὶ
1245 2781 1370 2832 αὐτὸς
1387 2780 1407 2825 ὅ
1427 2780 1545 2853 ῥυαξ.
1577 2787 1686 2822 cuius

251 2841 368 2879 verba
388 2842 558 2879 illustrat
581 2839 721 2878 Strabo
739 2840 783 2880 L.
806 2840 869 2878 VI.
890 2855 926 2892 p.
948 2841 1056 2882 412.
1078 2838 1122 2880 Β.
1148 2839 1237 2894 περὶ
1257 2842 1340 2880 τῶν
1361 2837 1523 2895 ῥυάκων
1551 2848 1589 2878 et
1607 2842 1685 2878 col-
