<?xml version="1.0" encoding="UTF-8"?>
<!DOCTYPE html PUBLIC "-//W3C//DTD XHTML 1.0 Transitional//EN"
    "http://www.w3.org/TR/xhtml1/DTD/xhtml1-transitional.dtd">
<html xmlns="http://www.w3.org/1999/xhtml" xml:lang="en" lang="en">
 <head>
  <title>
</title>
<meta http-equiv="Content-Type" content="text/html;charset=utf-8" />
  <meta name='ocr-system' content='tesseract 3.04.00' />
  <meta name='ocr-capabilities' content='ocr_page ocr_carea ocr_par ocr_line ocrx_word'/>
</head>
<body>
  <div class='ocr_page' id='page_1' title='image "./bibliothecahisto04dioduoft_0584.png"; bbox 0 0 1828 3253; ppageno 0'>
   <div class='ocr_carea' id='block_1_1' title="bbox 251 61 1243 114">
    <p class='ocr_par' dir='ltr' id='par_1_1' title="bbox 251 61 1243 114">
     <span class='ocr_line' id='line_1_1' title="bbox 251 61 1243 114; baseline -0.006 0"><span class='ocrx_word' id='word_1_1' title='bbox 251 73 341 114; x_wconf 77' lang='lat'>552</span> <span class='ocrx_word' id='word_1_2' title='bbox 638 61 640 66; x_wconf 71' lang='grc'><em>“</em></span> <span class='ocrx_word' id='word_1_3' title='bbox 719 70 1243 111; x_wconf 73' lang='lat' dir='ltr'>ANNoTA&#39;rmNi-:s</span> 
     </span>
    </p>
   </div>
   <div class='ocr_carea' id='block_1_2' title="bbox 248 183 1720 1476">
    <p class='ocr_par' dir='ltr' id='par_1_2' title="bbox 248 183 1714 912">
     <span class='ocr_line' id='line_1_2' title="bbox 250 183 1701 240; baseline 0.001 -15"><span class='ocrx_word' id='word_1_4' title='bbox 250 187 366 225; x_wconf 87' lang='lat' dir='ltr'>dorus</span> <span class='ocrx_word' id='word_1_5' title='bbox 386 183 608 239; x_wconf 74' lang='grc' dir='ltr'><em>παραλίαν.</em></span> <span class='ocrx_word' id='word_1_6' title='bbox 668 184 768 226; x_wconf 83' lang='lat' dir='ltr'>Nam</span> <span class='ocrx_word' id='word_1_7' title='bbox 792 186 979 238; x_wconf 80' lang='lat' dir='ltr'>Opuntii,</span> <span class='ocrx_word' id='word_1_8' title='bbox 1011 186 1056 225; x_wconf 91' lang='lat' dir='ltr'>de</span> <span class='ocrx_word' id='word_1_9' title='bbox 1089 188 1226 237; x_wconf 86' lang='lat' dir='ltr'>quibus</span> <span class='ocrx_word' id='word_1_10' title='bbox 1257 185 1330 224; x_wconf 81' lang='lat' dir='ltr'>hoc</span> <span class='ocrx_word' id='word_1_11' title='bbox 1371 187 1456 224; x_wconf 85' lang='lat' dir='ltr'>loco</span> <span class='ocrx_word' id='word_1_12' title='bbox 1480 189 1584 240; x_wconf 82' lang='lat' dir='ltr'>agit,</span> <span class='ocrx_word' id='word_1_13' title='bbox 1610 189 1701 227; x_wconf 81' lang='lat' dir='ltr'>licet</span> 
     </span>
     <span class='ocr_line' id='line_1_3' title="bbox 248 244 1700 294; baseline 0.001 -13"><span class='ocrx_word' id='word_1_14' title='bbox 248 257 328 281; x_wconf 88' lang='lat' dir='ltr'>non</span> <span class='ocrx_word' id='word_1_15' title='bbox 349 246 462 294; x_wconf 87' lang='lat' dir='ltr'>longe</span> <span class='ocrx_word' id='word_1_16' title='bbox 483 245 563 280; x_wconf 88' lang='lat' dir='ltr'>sint</span> <span class='ocrx_word' id='word_1_17' title='bbox 582 256 604 280; x_wconf 89' lang='lat' dir='ltr'>a</span> <span class='ocrx_word' id='word_1_18' title='bbox 629 246 748 291; x_wconf 85' lang='lat' dir='ltr'>mari,</span> <span class='ocrx_word' id='word_1_19' title='bbox 779 256 858 281; x_wconf 87' lang='lat' dir='ltr'>non</span> <span class='ocrx_word' id='word_1_20' title='bbox 880 250 971 280; x_wconf 86' lang='lat' dir='ltr'>sunt</span> <span class='ocrx_word' id='word_1_21' title='bbox 990 249 1118 281; x_wconf 84' lang='lat' dir='ltr'>tamen</span> <span class='ocrx_word' id='word_1_22' title='bbox 1146 246 1189 282; x_wconf 91' lang='lat' dir='ltr'>in</span> <span class='ocrx_word' id='word_1_23' title='bbox 1208 247 1292 293; x_wconf 85' lang='lat' dir='ltr'>ipso</span> <span class='ocrx_word' id='word_1_24' title='bbox 1315 244 1446 280; x_wconf 84' lang='lat' dir='ltr'>littore</span> <span class='ocrx_word' id='word_1_25' title='bbox 1460 271 1472 291; x_wconf 95' lang='lat'>,</span> <span class='ocrx_word' id='word_1_26' title='bbox 1497 252 1534 282; x_wconf 91' lang='lat' dir='ltr'>et</span> <span class='ocrx_word' id='word_1_27' title='bbox 1554 245 1700 283; x_wconf 81' lang='lat' dir='ltr'>distant</span> 
     </span>
     <span class='ocr_line' id='line_1_4' title="bbox 248 298 1703 350; baseline 0.001 -13"><span class='ocrx_word' id='word_1_28' title='bbox 248 302 296 338; x_wconf 87' lang='lat' dir='ltr'>ab</span> <span class='ocrx_word' id='word_1_29' title='bbox 327 313 458 337; x_wconf 87' lang='lat' dir='ltr'>corum</span> <span class='ocrx_word' id='word_1_30' title='bbox 491 301 623 337; x_wconf 84' lang='lat' dir='ltr'>navali</span> <span class='ocrx_word' id='word_1_31' title='bbox 651 298 760 350; x_wconf 84' lang='lat' dir='ltr'>Cyno</span> <span class='ocrx_word' id='word_1_32' title='bbox 791 302 994 350; x_wconf 79' lang='lat' dir='ltr'>sexaginta</span> <span class='ocrx_word' id='word_1_33' title='bbox 1026 301 1173 340; x_wconf 85' lang='lat' dir='ltr'>stadiis.</span> <span class='ocrx_word' id='word_1_34' title='bbox 1231 300 1359 348; x_wconf 75' lang='lat' dir='ltr'>itaque</span> <span class='ocrx_word' id='word_1_35' title='bbox 1391 307 1477 349; x_wconf 83' lang='lat' dir='ltr'>post</span> <span class='ocrx_word' id='word_1_36' title='bbox 1508 302 1703 341; x_wconf 81' lang='lat' dir='ltr'>subactam</span> 
     </span>
     <span class='ocr_line' id='line_1_5' title="bbox 250 350 1711 408; baseline 0 -14"><span class='ocrx_word' id='word_1_37' title='bbox 250 357 464 404; x_wconf 85' lang='lat' dir='ltr'>Opuntem,</span> <span class='ocrx_word' id='word_1_38' title='bbox 494 355 645 405; x_wconf 83' lang='lat' dir='ltr'>Cynum</span> <span class='ocrx_word' id='word_1_39' title='bbox 670 370 693 393; x_wconf 93' lang='lat' dir='ltr'>a</span> <span class='ocrx_word' id='word_1_40' title='bbox 718 363 825 407; x_wconf 81' lang='lat' dir='ltr'>tergo</span> <span class='ocrx_word' id='word_1_41' title='bbox 858 358 1044 393; x_wconf 79' lang='lat' dir='ltr'>intactam</span> <span class='ocrx_word' id='word_1_42' title='bbox 1066 370 1145 394; x_wconf 87' lang='lat' dir='ltr'>non</span> <span class='ocrx_word' id='word_1_43' title='bbox 1175 357 1305 393; x_wconf 80' lang='lat' dir='ltr'>debuit</span> <span class='ocrx_word' id='word_1_44' title='bbox 1332 357 1548 405; x_wconf 78' lang='lat' dir='ltr'>relinquere</span> <span class='ocrx_word' id='word_1_45' title='bbox 1571 350 1711 408; x_wconf 66' lang='lat' dir='ltr'>Myro:</span> 
     </span>
     <span class='ocr_line' id='line_1_6' title="bbox 252 413 1706 462; baseline 0.001 -12"><span class='ocrx_word' id='word_1_46' title='bbox 252 414 364 450; x_wconf 88' lang='lat' dir='ltr'>nides</span> <span class='ocrx_word' id='word_1_47' title='bbox 386 425 435 449; x_wconf 80' lang='lat' dir='ltr'>ex</span> <span class='ocrx_word' id='word_1_48' title='bbox 456 413 547 448; x_wconf 91' lang='lat' dir='ltr'>belli</span> <span class='ocrx_word' id='word_1_49' title='bbox 565 415 736 458; x_wconf 82' lang='lat' dir='ltr'>ratione,</span> <span class='ocrx_word' id='word_1_50' title='bbox 767 413 833 449; x_wconf 91' lang='lat' dir='ltr'>sed</span> <span class='ocrx_word' id='word_1_51' title='bbox 855 426 941 450; x_wconf 89' lang='lat' dir='ltr'>eum</span> <span class='ocrx_word' id='word_1_52' title='bbox 967 420 1118 461; x_wconf 87' lang='lat' dir='ltr'>portum</span> <span class='ocrx_word' id='word_1_53' title='bbox 1138 416 1253 451; x_wconf 88' lang='lat' dir='ltr'>etiam</span> <span class='ocrx_word' id='word_1_54' title='bbox 1276 415 1316 450; x_wconf 88' lang='lat' dir='ltr'>in</span> <span class='ocrx_word' id='word_1_55' title='bbox 1339 425 1406 449; x_wconf 90' lang='lat' dir='ltr'>sua</span> <span class='ocrx_word' id='word_1_56' title='bbox 1430 420 1614 462; x_wconf 81' lang='lat' dir='ltr'><strong>potestate</strong></span> <span class='ocrx_word' id='word_1_57' title='bbox 1635 414 1706 452; x_wconf 86' lang='lat' dir='ltr'>ha·-</span> 
     </span>
     <span class='ocr_line' id='line_1_7' title="bbox 254 469 1705 520; baseline 0.001 -14"><span class='ocrx_word' id='word_1_58' title='bbox 254 471 358 515; x_wconf 86' lang='lat' dir='ltr'>bere,</span> <span class='ocrx_word' id='word_1_59' title='bbox 380 476 582 516; x_wconf 82' lang='lat' dir='ltr'>antequam</span> <span class='ocrx_word' id='word_1_60' title='bbox 603 469 812 505; x_wconf 81' lang='lat' dir='ltr'>Phocidem</span> <span class='ocrx_word' id='word_1_61' title='bbox 835 470 1120 520; x_wconf 82' lang='lat' dir='ltr'>aggrederetur.</span> <span class='ocrx_word' id='word_1_62' title='bbox 1149 469 1226 506; x_wconf 81' lang='lat' dir='ltr'>Sed</span> <span class='ocrx_word' id='word_1_63' title='bbox 1250 482 1307 516; x_wconf 90' lang='lat' dir='ltr'>eo,</span> <span class='ocrx_word' id='word_1_64' title='bbox 1332 469 1432 518; x_wconf 84' lang='lat' dir='ltr'>quod</span> <span class='ocrx_word' id='word_1_65' title='bbox 1452 476 1583 517; x_wconf 85' lang='lat' dir='ltr'>postea</span> <span class='ocrx_word' id='word_1_66' title='bbox 1602 470 1705 512; x_wconf 85' lang='lat' dir='ltr'>Pho-</span> 
     </span>
     <span class='ocr_line' id='line_1_8' title="bbox 257 525 1707 576; baseline 0.001 -14"><span class='ocrx_word' id='word_1_67' title='bbox 257 527 435 563; x_wconf 78' lang='lat' dir='ltr'>censibus</span> <span class='ocrx_word' id='word_1_68' title='bbox 457 526 625 562; x_wconf 89' lang='lat' dir='ltr'>subactis</span> <span class='ocrx_word' id='word_1_69' title='bbox 648 525 884 562; x_wconf 77' lang='lat' dir='ltr'>Pharsaliam</span> <span class='ocrx_word' id='word_1_70' title='bbox 914 528 1042 573; x_wconf 79' lang='lat' dir='ltr'>venit,</span> <span class='ocrx_word' id='word_1_71' title='bbox 1068 534 1107 563; x_wconf 85' lang='lat' dir='ltr'>et</span> <span class='ocrx_word' id='word_1_72' title='bbox 1126 527 1181 563; x_wconf 91' lang='lat' dir='ltr'>ibi</span> <span class='ocrx_word' id='word_1_73' title='bbox 1210 527 1352 563; x_wconf 88' lang='lat' dir='ltr'>bellum</span> <span class='ocrx_word' id='word_1_74' title='bbox 1381 528 1521 576; x_wconf 83' lang='lat' dir='ltr'>gessit,</span> <span class='ocrx_word' id='word_1_75' title='bbox 1551 527 1707 575; x_wconf 84' lang='lat' dir='ltr'>quidam.</span> 
     </span>
     <span class='ocr_line' id='line_1_9' title="bbox 260 581 1709 632; baseline 0.001 -13"><span class='ocrx_word' id='word_1_76' title='bbox 260 589 474 629; x_wconf 82' lang='lat' dir='ltr'>corrector,</span> <span class='ocrx_word' id='word_1_77' title='bbox 501 583 579 619; x_wconf 87' lang='lat' dir='ltr'>imo</span> <span class='ocrx_word' id='word_1_78' title='bbox 603 589 827 629; x_wconf 87' lang='lat' dir='ltr'>corruptor,</span> <span class='ocrx_word' id='word_1_79' title='bbox 855 594 934 618; x_wconf 88' lang='lat' dir='ltr'>non</span> <span class='ocrx_word' id='word_1_80' title='bbox 957 581 1085 619; x_wconf 87' lang='lat' dir='ltr'>habita</span> <span class='ocrx_word' id='word_1_81' title='bbox 1112 585 1262 619; x_wconf 88' lang='lat' dir='ltr'>ratione</span> <span class='ocrx_word' id='word_1_82' title='bbox 1282 585 1463 631; x_wconf 88' lang='lat' dir='ltr'>temporis</span> <span class='ocrx_word' id='word_1_83' title='bbox 1491 589 1529 620; x_wconf 89' lang='lat' dir='ltr'>et</span> <span class='ocrx_word' id='word_1_84' title='bbox 1547 583 1709 632; x_wconf 80' lang='lat' dir='ltr'>ordinis,</span> 
     </span>
     <span class='ocr_line' id='line_1_10' title="bbox 262 636 1708 690; baseline 0.001 -14"><span class='ocrx_word' id='word_1_85' title='bbox 262 636 429 687; x_wconf 66' lang='lat' dir='ltr'>quo&#39;res</span> <span class='ocrx_word' id='word_1_86' title='bbox 458 645 588 689; x_wconf 83' lang='lat' dir='ltr'>gestae</span> <span class='ocrx_word' id='word_1_87' title='bbox 630 644 740 684; x_wconf 88' lang='lat' dir='ltr'>sunt,</span> <span class='ocrx_word' id='word_1_88' title='bbox 772 636 979 688; x_wconf 75' lang='grc' dir='ltr'><em>παραλίαν</em></span> <span class='ocrx_word' id='word_1_89' title='bbox 1017 641 1058 675; x_wconf 93' lang='lat' dir='ltr'>in</span> <span class='ocrx_word' id='word_1_90' title='bbox 1095 637 1342 690; x_wconf 75' lang='grc' dir='ltr'><em>Φαρσαλίαν</em></span> <span class='ocrx_word' id='word_1_91' title='bbox 1368 640 1541 676; x_wconf 80' lang='lat' dir='ltr'>mutavit.</span> <span class='ocrx_word' id='word_1_92' title='bbox 1577 639 1708 677; x_wconf 79' lang='lat' dir='ltr'>PALM.</span> 
     </span>
     <span class='ocr_line' id='line_1_11' title="bbox 261 694 1713 743; baseline 0.001 -11"><span class='ocrx_word' id='word_1_93' title='bbox 261 694 442 733; x_wconf 78' lang='lat' dir='ltr'>Dubitari</span> <span class='ocrx_word' id='word_1_94' title='bbox 466 708 543 731; x_wconf 90' lang='lat' dir='ltr'>non</span> <span class='ocrx_word' id='word_1_95' title='bbox 564 694 755 742; x_wconf 77' lang='lat' dir='ltr'>potestde</span> <span class='ocrx_word' id='word_1_96' title='bbox 775 696 895 742; x_wconf 83' lang='lat' dir='ltr'>vitio,</span> <span class='ocrx_word' id='word_1_97' title='bbox 920 695 1020 743; x_wconf 82' lang='lat' dir='ltr'>quod</span> <span class='ocrx_word' id='word_1_98' title='bbox 1041 695 1142 732; x_wconf 88' lang='lat' dir='ltr'>hunc</span> <span class='ocrx_word' id='word_1_99' title='bbox 1163 697 1286 732; x_wconf 85' lang='lat' dir='ltr'>locum</span> <span class='ocrx_word' id='word_1_100' title='bbox 1306 695 1489 732; x_wconf 85' lang='lat' dir='ltr'>foedavit.</span> <span class='ocrx_word' id='word_1_101' title='bbox 1528 696 1713 735; x_wconf 85' lang='lat' dir='ltr'>Palmerii</span> 
     </span>
     <span class='ocr_line' id='line_1_12' title="bbox 262 749 1711 801; baseline 0 -12"><span class='ocrx_word' id='word_1_102' title='bbox 262 753 476 798; x_wconf 74' lang='lat' dir='ltr'>correctio,</span> <span class='ocrx_word' id='word_1_103' title='bbox 507 764 619 800; x_wconf 88' lang='lat' dir='ltr'>quam</span> <span class='ocrx_word' id='word_1_104' title='bbox 641 753 780 800; x_wconf 84' lang='lat' dir='ltr'>repetit</span> <span class='ocrx_word' id='word_1_105' title='bbox 808 750 851 787; x_wconf 87' lang='lat' dir='ltr'>L.</span> <span class='ocrx_word' id='word_1_106' title='bbox 879 749 924 789; x_wconf 93' lang='lat' dir='ltr'>V.</span> <span class='ocrx_word' id='word_1_107' title='bbox 957 751 1092 792; x_wconf 86' lang='lat' dir='ltr'>Graec.</span> <span class='ocrx_word' id='word_1_108' title='bbox 1124 752 1254 801; x_wconf 87' lang='lat' dir='ltr'>Antiq.</span> <span class='ocrx_word' id='word_1_109' title='bbox 1287 764 1319 787; x_wconf 88' lang='lat' dir='ltr'>c.</span> <span class='ocrx_word' id='word_1_110' title='bbox 1343 752 1382 791; x_wconf 84' lang='lat'>7.</span> <span class='ocrx_word' id='word_1_111' title='bbox 1412 765 1448 800; x_wconf 86' lang='lat' dir='ltr'>p.</span> <span class='ocrx_word' id='word_1_112' title='bbox 1485 752 1602 799; x_wconf 79' lang='lat'>576.,</span> <span class='ocrx_word' id='word_1_113' title='bbox 1633 754 1711 789; x_wconf 86' lang='lat' dir='ltr'>ele-</span> 
     </span>
     <span class='ocr_line' id='line_1_13' title="bbox 264 809 1713 858; baseline 0.001 -13"><span class='ocrx_word' id='word_1_114' title='bbox 264 821 361 858; x_wconf 79' lang='lat' dir='ltr'>gans</span> <span class='ocrx_word' id='word_1_115' title='bbox 381 813 439 843; x_wconf 86' lang='lat' dir='ltr'>est</span> <span class='ocrx_word' id='word_1_116' title='bbox 455 813 493 843; x_wconf 88' lang='lat' dir='ltr'>et</span> <span class='ocrx_word' id='word_1_117' title='bbox 511 809 589 844; x_wconf 80' lang='lat' dir='ltr'>levi</span> <span class='ocrx_word' id='word_1_118' title='bbox 612 820 725 856; x_wconf 89' lang='lat' dir='ltr'>opera</span> <span class='ocrx_word' id='word_1_119' title='bbox 747 813 963 845; x_wconf 79' lang='lat' dir='ltr'>exstructa:</span> <span class='ocrx_word' id='word_1_120' title='bbox 993 809 1035 844; x_wconf 85' lang='lat' dir='ltr'>in</span> <span class='ocrx_word' id='word_1_121' title='bbox 1057 821 1100 844; x_wconf 91' lang='lat' dir='ltr'>ea</span> <span class='ocrx_word' id='word_1_122' title='bbox 1120 810 1565 856; x_wconf 81' lang='lat' dir='ltr'>tantisperacquiescam,</span> <span class='ocrx_word' id='word_1_123' title='bbox 1589 809 1713 846; x_wconf 83' lang='lat' dir='ltr'>donec</span> 
     </span>
     <span class='ocr_line' id='line_1_14' title="bbox 263 863 1714 912; baseline 0.001 -11"><span class='ocrx_word' id='word_1_124' title='bbox 263 864 356 902; x_wconf 83' lang='lat' dir='ltr'>fidei</span> <span class='ocrx_word' id='word_1_125' title='bbox 375 865 543 900; x_wconf 81' lang='lat' dir='ltr'>melioris</span> <span class='ocrx_word' id='word_1_126' title='bbox 555 864 657 909; x_wconf 83' lang='lat' dir='ltr'>libri,</span> <span class='ocrx_word' id='word_1_127' title='bbox 680 863 782 900; x_wconf 83' lang='lat' dir='ltr'>unde</span> <span class='ocrx_word' id='word_1_128' title='bbox 802 866 943 901; x_wconf 87' lang='lat' dir='ltr'>certius</span> <span class='ocrx_word' id='word_1_129' title='bbox 963 865 1047 900; x_wconf 87' lang='lat' dir='ltr'>loco</span> <span class='ocrx_word' id='word_1_130' title='bbox 1067 865 1266 910; x_wconf 80' lang='lat' dir='ltr'>auxilium,</span> <span class='ocrx_word' id='word_1_131' title='bbox 1287 863 1556 912; x_wconf 82' lang='lat' dir='ltr'>producantur.</span> <span class='ocrx_word' id='word_1_132' title='bbox 1575 864 1714 903; x_wconf 56' lang='lat' dir='ltr'>lVESS.</span> 
     </span>
    </p>

    <p class='ocr_par' dir='ltr' id='par_1_3' title="bbox 264 916 1717 1082">
     <span class='ocr_line' id='line_1_15' title="bbox 379 916 1716 973; baseline 0.002 -18"><span class='ocrx_word' id='word_1_133' title='bbox 379 921 487 959; x_wconf 74' lang='lat'>467.</span> <span class='ocrx_word' id='word_1_134' title='bbox 513 921 556 959; x_wconf 82' lang='lat'>4.</span> <span class='ocrx_word' id='word_1_135' title='bbox 607 917 931 970; x_wconf 72' lang='grc' dir='ltr'><em>Καταδὲχεσθάι</em></span> <span class='ocrx_word' id='word_1_136' title='bbox 953 917 1052 966; x_wconf 78' lang='grc' dir='ltr'><em>τοὺς</em></span> <span class='ocrx_word' id='word_1_137' title='bbox 1082 916 1300 973; x_wconf 73' lang='grc' dir='ltr'><em>φυγάδας]</em></span> <span class='ocrx_word' id='word_1_138' title='bbox 1330 919 1504 957; x_wconf 82' lang='lat' dir='ltr'>Orestem</span> <span class='ocrx_word' id='word_1_139' title='bbox 1524 922 1716 970; x_wconf 81' lang='lat' dir='ltr'>inprimis,</span> 
     </span>
     <span class='ocr_line' id='line_1_16' title="bbox 264 974 1717 1027; baseline 0.001 -14"><span class='ocrx_word' id='word_1_140' title='bbox 264 975 542 1013; x_wconf 82' lang='lat' dir='ltr'>Echecratidae</span> <span class='ocrx_word' id='word_1_141' title='bbox 573 974 848 1012; x_wconf 79' lang='lat' dir='ltr'>Thessalorum</span> <span class='ocrx_word' id='word_1_142' title='bbox 885 980 990 1027; x_wconf 82' lang='lat' dir='ltr'>regis</span> <span class='ocrx_word' id='word_1_143' title='bbox 1027 976 1170 1023; x_wconf 87' lang='lat' dir='ltr'>filium,</span> <span class='ocrx_word' id='word_1_144' title='bbox 1208 978 1273 1025; x_wconf 89' lang='lat' dir='ltr'>qui</span> <span class='ocrx_word' id='word_1_145' title='bbox 1302 974 1599 1013; x_wconf 80' lang='lat' dir='ltr'>Atheniensibus</span> <span class='ocrx_word' id='word_1_146' title='bbox 1630 990 1717 1025; x_wconf 83' lang='lat' dir='ltr'>per-</span> 
     </span>
     <span class='ocr_line' id='line_1_17' title="bbox 266 1032 1712 1082; baseline 0.001 -13"><span class='ocrx_word' id='word_1_147' title='bbox 266 1039 461 1079; x_wconf 75' lang='lat' dir='ltr'>suaserat,</span> <span class='ocrx_word' id='word_1_148' title='bbox 493 1039 537 1069; x_wconf 84' lang='lat' dir='ltr'>ut</span> <span class='ocrx_word' id='word_1_149' title='bbox 555 1046 595 1068; x_wconf 87' lang='lat' dir='ltr'>se</span> <span class='ocrx_word' id='word_1_150' title='bbox 616 1034 657 1068; x_wconf 89' lang='lat' dir='ltr'>in</span> <span class='ocrx_word' id='word_1_151' title='bbox 679 1034 842 1081; x_wconf 86' lang='lat' dir='ltr'>patriam</span> <span class='ocrx_word' id='word_1_152' title='bbox 862 1036 1131 1079; x_wconf 85' lang='lat' dir='ltr'>restituerent,</span> <span class='ocrx_word' id='word_1_153' title='bbox 1160 1032 1376 1082; x_wconf 84' lang='lat' dir='ltr'>Thucydid.</span> <span class='ocrx_word' id='word_1_154' title='bbox 1399 1032 1426 1069; x_wconf 85' lang='lat'>1.</span> <span class='ocrx_word' id='word_1_155' title='bbox 1453 1034 1552 1073; x_wconf 72' lang='lat' dir='ltr'>ll’l.</span> <span class='ocrx_word' id='word_1_156' title='bbox 1577 1034 1712 1071; x_wconf 64' lang='lat' dir='ltr'>WesS.</span> 
     </span>
    </p>

    <p class='ocr_par' dir='ltr' id='par_1_4' title="bbox 267 1086 1714 1195">
     <span class='ocr_line' id='line_1_18' title="bbox 379 1086 1714 1139; baseline 0.001 -12"><span class='ocrx_word' id='word_1_157' title='bbox 379 1090 486 1128; x_wconf 75' lang='lat'>467.</span> <span class='ocrx_word' id='word_1_158' title='bbox 517 1089 588 1129; x_wconf 76' lang='lat'>14.</span> <span class='ocrx_word' id='word_1_159' title='bbox 626 1088 838 1139; x_wconf 61' lang='grc' dir='ltr'><em>Ιῐαλλιόυ]</em></span> <span class='ocrx_word' id='word_1_160' title='bbox 886 1088 1088 1126; x_wconf 86' lang='lat' dir='ltr'>Consentit</span> <span class='ocrx_word' id='word_1_161' title='bbox 1114 1088 1329 1139; x_wconf 78' lang='lat' dir='ltr'>Dionysius</span> <span class='ocrx_word' id='word_1_162' title='bbox 1348 1086 1457 1126; x_wconf 83' lang='lat' dir='ltr'>Rom.</span> <span class='ocrx_word' id='word_1_163' title='bbox 1487 1089 1576 1127; x_wconf 88' lang='lat' dir='ltr'>Ant.</span> <span class='ocrx_word' id='word_1_164' title='bbox 1597 1089 1639 1127; x_wconf 92' lang='lat' dir='ltr'>L.</span> <span class='ocrx_word' id='word_1_165' title='bbox 1659 1090 1714 1130; x_wconf 91' lang='lat' dir='ltr'>X.</span> 
     </span>
     <span class='ocr_line' id='line_1_19' title="bbox 267 1144 1393 1195; baseline -0.003 -9"><span class='ocrx_word' id='word_1_166' title='bbox 267 1157 306 1195; x_wconf 78' lang='lat' dir='ltr'>P·</span> <span class='ocrx_word' id='word_1_167' title='bbox 326 1146 432 1186; x_wconf 76' lang='grc'><strong>652.</strong></span> <span class='ocrx_word' id='word_1_168' title='bbox 464 1151 505 1181; x_wconf 80' lang='lat' dir='ltr'>et</span> <span class='ocrx_word' id='word_1_169' title='bbox 523 1144 717 1194; x_wconf 84' lang='lat' dir='ltr'>Aristoph.</span> <span class='ocrx_word' id='word_1_170' title='bbox 739 1144 870 1182; x_wconf 77' lang='lat' dir='ltr'>Schol.</span> <span class='ocrx_word' id='word_1_171' title='bbox 896 1145 1062 1182; x_wconf 85' lang='lat' dir='ltr'>Acharn.</span> <span class='ocrx_word' id='word_1_172' title='bbox 1087 1160 1126 1185; x_wconf 87' lang='lat' dir='ltr'>v.</span> <span class='ocrx_word' id='word_1_173' title='bbox 1157 1147 1226 1186; x_wconf 81' lang='lat'>10.</span> <span class='ocrx_word' id='word_1_174' title='bbox 1258 1145 1393 1183; x_wconf 46' lang='lat' dir='ltr'>YVESS.</span> 
     </span>
    </p>

    <p class='ocr_par' dir='ltr' id='par_1_5' title="bbox 269 1197 1720 1476">
     <span class='ocr_line' id='line_1_20' title="bbox 381 1197 1718 1254; baseline 0 -13"><span class='ocrx_word' id='word_1_175' title='bbox 381 1203 488 1241; x_wconf 81' lang='lat'>467-</span> <span class='ocrx_word' id='word_1_176' title='bbox 516 1204 586 1242; x_wconf 82' lang='lat'>18.</span> <span class='ocrx_word' id='word_1_177' title='bbox 629 1197 1177 1254; x_wconf 63' lang='grc' dir='ltr'><em>Οὐολούμνιοςἶ4μιντῖνος]</em></span> <span class='ocrx_word' id='word_1_178' title='bbox 1220 1200 1286 1239; x_wconf 83' lang='lat' dir='ltr'>Sic</span> <span class='ocrx_word' id='word_1_179' title='bbox 1306 1200 1468 1252; x_wconf 83' lang='lat' dir='ltr'>Pighius</span> <span class='ocrx_word' id='word_1_180' title='bbox 1494 1204 1647 1239; x_wconf 87' lang='lat' dir='ltr'>invenit</span> <span class='ocrx_word' id='word_1_181' title='bbox 1675 1205 1718 1241; x_wconf 86' lang='lat' dir='ltr'>in</span> 
     </span>
     <span class='ocr_line' id='line_1_21' title="bbox 269 1255 1720 1308; baseline 0.002 -15"><span class='ocrx_word' id='word_1_182' title='bbox 269 1255 420 1294; x_wconf 88' lang='lat' dir='ltr'>Graeco</span> <span class='ocrx_word' id='word_1_183' title='bbox 456 1260 717 1306; x_wconf 83' lang='lat' dir='ltr'>manuscripto</span> <span class='ocrx_word' id='word_1_184' title='bbox 745 1257 893 1295; x_wconf 80' lang='lat' dir='ltr'>Pastor.</span> <span class='ocrx_word' id='word_1_185' title='bbox 922 1259 965 1296; x_wconf 90' lang='lat' dir='ltr'>L.</span> <span class='ocrx_word' id='word_1_186' title='bbox 995 1258 1042 1296; x_wconf 84' lang='grc' dir='ltr'><strong>Π.</strong></span> <span class='ocrx_word' id='word_1_187' title='bbox 1078 1272 1112 1308; x_wconf 88' lang='lat' dir='ltr'>p.</span> <span class='ocrx_word' id='word_1_188' title='bbox 1147 1259 1273 1304; x_wconf 81' lang='lat'>125.‚</span> <span class='ocrx_word' id='word_1_189' title='bbox 1314 1257 1474 1294; x_wconf 80' lang='lat' dir='ltr'>Antonii</span> <span class='ocrx_word' id='word_1_190' title='bbox 1501 1257 1720 1296; x_wconf 84' lang='lat' dir='ltr'>Cardinalis</span> 
     </span>
     <span class='ocr_line' id='line_1_22' title="bbox 269 1312 1719 1362; baseline 0.002 -12"><span class='ocrx_word' id='word_1_191' title='bbox 269 1312 545 1361; x_wconf 82' lang='lat' dir='ltr'>Granvellani,</span> <span class='ocrx_word' id='word_1_192' title='bbox 579 1314 715 1360; x_wconf 87' lang='lat' dir='ltr'>credo,</span> <span class='ocrx_word' id='word_1_193' title='bbox 745 1326 856 1362; x_wconf 87' lang='lat' dir='ltr'>quem</span> <span class='ocrx_word' id='word_1_194' title='bbox 887 1317 979 1351; x_wconf 80' lang='lat' dir='ltr'>citat</span> <span class='ocrx_word' id='word_1_195' title='bbox 1001 1314 1048 1350; x_wconf 85' lang='lat' dir='ltr'>ad</span> <span class='ocrx_word' id='word_1_196' title='bbox 1067 1328 1155 1352; x_wconf 88' lang='lat' dir='ltr'>ann.</span> <span class='ocrx_word' id='word_1_197' title='bbox 1180 1314 1227 1352; x_wconf 91' lang='lat' dir='ltr'>U.</span> <span class='ocrx_word' id='word_1_198' title='bbox 1258 1313 1298 1351; x_wconf 87' lang='lat' dir='ltr'>C.</span> <span class='ocrx_word' id='word_1_199' title='bbox 1317 1324 1493 1351; x_wconf 77' lang='lat' dir='ltr'>CCvau.</span> <span class='ocrx_word' id='word_1_200' title='bbox 1534 1315 1591 1351; x_wconf 87' lang='lat' dir='ltr'>Eo</span> <span class='ocrx_word' id='word_1_201' title='bbox 1625 1329 1719 1353; x_wconf 81' lang='lat' dir='ltr'>vero</span> 
     </span>
     <span class='ocr_line' id='line_1_23' title="bbox 269 1369 1720 1422; baseline 0.001 -16"><span class='ocrx_word' id='word_1_202' title='bbox 269 1372 499 1421; x_wconf 85' lang='lat' dir='ltr'>cognomine</span> <span class='ocrx_word' id='word_1_203' title='bbox 527 1384 612 1407; x_wconf 88' lang='lat' dir='ltr'>cum</span> <span class='ocrx_word' id='word_1_204' title='bbox 643 1370 871 1408; x_wconf 82' lang='lat' dir='ltr'>Volumnius</span> <span class='ocrx_word' id='word_1_205' title='bbox 904 1372 945 1408; x_wconf 89' lang='lat' dir='ltr'>in</span> <span class='ocrx_word' id='word_1_206' title='bbox 987 1369 1204 1419; x_wconf 72' lang='lat' dir='ltr'>Capitolino</span> <span class='ocrx_word' id='word_1_207' title='bbox 1240 1370 1431 1408; x_wconf 87' lang='lat' dir='ltr'>Marmore</span> <span class='ocrx_word' id='word_1_208' title='bbox 1460 1372 1511 1408; x_wconf 82' lang='lat' dir='ltr'>sit</span> <span class='ocrx_word' id='word_1_209' title='bbox 1537 1373 1720 1422; x_wconf 86' lang='lat' dir='ltr'>insignis,</span> 
     </span>
     <span class='ocr_line' id='line_1_24' title="bbox 271 1425 793 1476; baseline 0.002 -14"><span class='ocrx_word' id='word_1_210' title='bbox 271 1439 341 1463; x_wconf 81' lang='lat' dir='ltr'>cur</span> <span class='ocrx_word' id='word_1_211' title='bbox 371 1425 623 1476; x_wconf 68' lang='lat' dir='ltr'>spernemus?</span> <span class='ocrx_word' id='word_1_212' title='bbox 653 1427 793 1464; x_wconf 66' lang='lat' dir='ltr'>¹WESS.</span> 
     </span>
    </p>
   </div>
   <div class='ocr_carea' id='block_1_3' title="bbox 271 1478 1732 2774">
    <p class='ocr_par' dir='ltr' id='par_1_6' title="bbox 271 1478 1720 1589">
     <span class='ocr_line' id='line_1_25' title="bbox 382 1478 1720 1537; baseline -0.001 -15"><span class='ocrx_word' id='word_1_213' title='bbox 382 1485 489 1523; x_wconf 73' lang='lat'>468.</span> <span class='ocrx_word' id='word_1_214' title='bbox 513 1484 588 1523; x_wconf 70' lang='lat'>24.</span> <span class='ocrx_word' id='word_1_215' title='bbox 627 1483 800 1528; x_wconf 60' lang='lat' dir='ltr'>Xda&#39;ozfg</span> <span class='ocrx_word' id='word_1_216' title='bbox 824 1478 996 1530; x_wconf 76' lang='grc' dir='ltr'><em>ὁπλίτας</em></span> <span class='ocrx_word' id='word_1_217' title='bbox 1016 1479 1301 1537; x_wconf 71' lang='grc' dir='ltr'><em>παραλαβών]</em></span> <span class='ocrx_word' id='word_1_218' title='bbox 1341 1482 1440 1521; x_wconf 84' lang='lat' dir='ltr'>Vide</span> <span class='ocrx_word' id='word_1_219' title='bbox 1458 1482 1642 1524; x_wconf 85' lang='lat' dir='ltr'>Aeschin.</span> <span class='ocrx_word' id='word_1_220' title='bbox 1673 1483 1720 1522; x_wconf 88' lang='lat' dir='ltr'>de</span> 
     </span>
     <span class='ocr_line' id='line_1_26' title="bbox 271 1537 820 1589; baseline 0.002 -15"><span class='ocrx_word' id='word_1_221' title='bbox 271 1537 366 1589; x_wconf 72' lang='lat' dir='ltr'>Leg.</span> <span class='ocrx_word' id='word_1_222' title='bbox 396 1539 499 1578; x_wconf 77' lang='lat' dir='ltr'>Fals.</span> <span class='ocrx_word' id='word_1_223' title='bbox 524 1553 560 1589; x_wconf 85' lang='lat' dir='ltr'>p.</span> <span class='ocrx_word' id='word_1_224' title='bbox 585 1540 657 1580; x_wconf 82' lang='lat'>38.</span> <span class='ocrx_word' id='word_1_225' title='bbox 686 1539 820 1576; x_wconf 52' lang='lat' dir='ltr'>YVESS.</span> 
     </span>
    </p>

    <p class='ocr_par' dir='ltr' id='par_1_7' title="bbox 271 1591 1724 1756">
     <span class='ocr_line' id='line_1_27' title="bbox 384 1591 1724 1650; baseline 0.001 -16"><span class='ocrx_word' id='word_1_226' title='bbox 384 1596 492 1636; x_wconf 74' lang='lat'>468.</span> <span class='ocrx_word' id='word_1_227' title='bbox 523 1597 595 1635; x_wconf 89' lang='grc'>33.</span> <span class='ocrx_word' id='word_1_228' title='bbox 639 1591 825 1648; x_wconf 76' lang='grc' dir='ltr'><em>Ἔξάγειν</em></span> <span class='ocrx_word' id='word_1_229' title='bbox 856 1594 911 1642; x_wconf 70' lang='grc' dir='ltr'>εἷς</span> <span class='ocrx_word' id='word_1_230' title='bbox 940 1592 1018 1647; x_wconf 78' lang='grc' dir='ltr'>τὴν</span> <span class='ocrx_word' id='word_1_231' title='bbox 1047 1591 1279 1648; x_wconf 78' lang='grc' dir='ltr'><em>στρατιὰν]</em></span> <span class='ocrx_word' id='word_1_232' title='bbox 1310 1594 1467 1633; x_wconf 88' lang='lat' dir='ltr'>Mallem</span> <span class='ocrx_word' id='word_1_233' title='bbox 1490 1594 1724 1650; x_wconf 77' lang='grc' dir='ltr'><em>στρατείαν,</em></span> 
     </span>
     <span class='ocr_line' id='line_1_28' title="bbox 271 1651 1721 1702; baseline 0.001 -15"><span class='ocrx_word' id='word_1_234' title='bbox 271 1658 316 1687; x_wconf 86' lang='lat' dir='ltr'>ut</span> <span class='ocrx_word' id='word_1_235' title='bbox 343 1652 468 1689; x_wconf 85' lang='lat' dir='ltr'>modo.</span> <span class='ocrx_word' id='word_1_236' title='bbox 516 1653 775 1702; x_wconf 80' lang='lat' dir='ltr'>Polyaenum,</span> <span class='ocrx_word' id='word_1_237' title='bbox 814 1651 1015 1689; x_wconf 85' lang='lat' dir='ltr'>Tolmidae</span> <span class='ocrx_word' id='word_1_238' title='bbox 1048 1652 1119 1690; x_wconf 82' lang='lat' dir='ltr'>hoc</span> <span class='ocrx_word' id='word_1_239' title='bbox 1148 1653 1350 1690; x_wconf 82' lang='lat' dir='ltr'>consilium</span> <span class='ocrx_word' id='word_1_240' title='bbox 1380 1660 1654 1702; x_wconf 87' lang='lat' dir='ltr'>proponentem</span> <span class='ocrx_word' id='word_1_241' title='bbox 1677 1652 1721 1690; x_wconf 88' lang='lat' dir='ltr'>L.</span> 
     </span>
     <span class='ocr_line' id='line_1_29' title="bbox 272 1706 1722 1759; baseline 0.001 -16"><span class='ocrx_word' id='word_1_242' title='bbox 272 1706 694 1759; x_wconf 80' lang='lat' dir='ltr'>111.3.Stratagem.,</span> <span class='ocrx_word' id='word_1_243' title='bbox 725 1716 829 1746; x_wconf 86' lang='lat' dir='ltr'>recte</span> <span class='ocrx_word' id='word_1_244' title='bbox 859 1708 931 1745; x_wconf 85' lang='lat' dir='ltr'>hoc</span> <span class='ocrx_word' id='word_1_245' title='bbox 962 1722 1010 1745; x_wconf 82' lang='lat' dir='ltr'>ex</span> <span class='ocrx_word' id='word_1_246' title='bbox 1028 1710 1113 1747; x_wconf 89' lang='lat' dir='ltr'>loco</span> <span class='ocrx_word' id='word_1_247' title='bbox 1135 1716 1322 1746; x_wconf 84' lang='lat' dir='ltr'>sanarunt</span> <span class='ocrx_word' id='word_1_248' title='bbox 1340 1710 1416 1747; x_wconf 79' lang='lat' dir='ltr'>viri</span> <span class='ocrx_word' id='word_1_249' title='bbox 1437 1709 1554 1746; x_wconf 87' lang='lat' dir='ltr'>docti.</span> <span class='ocrx_word' id='word_1_250' title='bbox 1583 1709 1722 1746; x_wconf 52' lang='lat' dir='ltr'>WVESS.</span> 
     </span>
    </p>

    <p class='ocr_par' dir='ltr' id='par_1_8' title="bbox 271 1738 1732 2310">
     <span class='ocr_line' id='line_1_30' title="bbox 385 1738 1727 1831; baseline -0.001 -27"><span class='ocrx_word' id='word_1_251' title='bbox 385 1766 492 1806; x_wconf 77' lang='grc'><strong>468.</strong></span> <span class='ocrx_word' id='word_1_252' title='bbox 524 1738 596 1805; x_wconf 34' lang='grc'>363</span> <span class='ocrx_word' id='word_1_253' title='bbox 634 1762 719 1804; x_wconf 79' lang='grc' dir='ltr'>Διὰ</span> <span class='ocrx_word' id='word_1_254' title='bbox 740 1762 814 1804; x_wconf 79' lang='grc' dir='ltr'>τὸν</span> <span class='ocrx_word' id='word_1_255' title='bbox 836 1761 1016 1831; x_wconf 75' lang='grc' dir='ltr'><em>κατάλο3’</em></span> <span class='ocrx_word' id='word_1_256' title='bbox 1018 1780 1065 1804; x_wconf 87' lang='grc' dir='ltr'>ον</span> <span class='ocrx_word' id='word_1_257' title='bbox 1088 1781 1139 1803; x_wconf 78' lang='grc' dir='ltr'>αι</span> <span class='ocrx_word' id='word_1_258' title='bbox 1141 1767 1363 1817; x_wconf 59' lang='grc' dir='ltr'>υΙκσσθιμ</span> <span class='ocrx_word' id='word_1_259' title='bbox 1365 1766 1433 1816; x_wconf 88' lang='grc' dir='ltr'><em>αι]</em></span> <span class='ocrx_word' id='word_1_260' title='bbox 1473 1757 1623 1803; x_wconf 80' lang='lat' dir='ltr'>Tabula</span> <span class='ocrx_word' id='word_1_261' title='bbox 1644 1772 1727 1803; x_wconf 86' lang='lat' dir='ltr'>erat</span> 
     </span>
     <span class='ocr_line' id='line_1_31' title="bbox 271 1817 1726 1873; baseline 0.001 -15"><span class='ocrx_word' id='word_1_262' title='bbox 271 1817 462 1873; x_wconf 80' lang='grc' dir='ltr'><em>Κατάλο3</em></span> <span class='ocrx_word' id='word_1_263' title='bbox 466 1836 542 1868; x_wconf 74' lang='grc' dir='ltr'>ος,</span> <span class='ocrx_word' id='word_1_264' title='bbox 580 1824 622 1859; x_wconf 86' lang='grc' dir='ltr'>ἰη</span> <span class='ocrx_word' id='word_1_265' title='bbox 647 1834 720 1870; x_wconf 86' lang='lat' dir='ltr'>qua</span> <span class='ocrx_word' id='word_1_266' title='bbox 744 1824 908 1869; x_wconf 77' lang='lat' dir='ltr'>civium,</span> <span class='ocrx_word' id='word_1_267' title='bbox 940 1824 1006 1870; x_wconf 89' lang='lat' dir='ltr'>qui</span> <span class='ocrx_word' id='word_1_268' title='bbox 1038 1823 1215 1859; x_wconf 87' lang='lat' dir='ltr'>militaris</span> <span class='ocrx_word' id='word_1_269' title='bbox 1248 1829 1357 1859; x_wconf 88' lang='lat' dir='ltr'>erant</span> <span class='ocrx_word' id='word_1_270' title='bbox 1379 1823 1541 1869; x_wconf 85' lang='lat' dir='ltr'>aetatis,</span> <span class='ocrx_word' id='word_1_271' title='bbox 1568 1824 1726 1860; x_wconf 86' lang='lat' dir='ltr'>nomina</span> 
     </span>
     <span class='ocr_line' id='line_1_32' title="bbox 272 1849 1724 1930; baseline 0.002 -18"><span class='ocrx_word' id='word_1_272' title='bbox 272 1879 633 1924; x_wconf 84' lang='lat' dir='ltr'>proscribebantur:</span> <span class='ocrx_word' id='word_1_273' title='bbox 660 1878 760 1915; x_wconf 86' lang='lat' dir='ltr'>unde</span> <span class='ocrx_word' id='word_1_274' title='bbox 782 1881 838 1924; x_wconf 73' lang='grc' dir='ltr'>εἰς</span> <span class='ocrx_word' id='word_1_275' title='bbox 858 1880 932 1918; x_wconf 75' lang='grc' dir='ltr'>τοῦ</span> <span class='ocrx_word' id='word_1_276' title='bbox 955 1874 1186 1930; x_wconf 71' lang='grc' dir='ltr'><em>καταλόγου</em></span> <span class='ocrx_word' id='word_1_277' title='bbox 1209 1877 1340 1914; x_wconf 84' lang='lat' dir='ltr'>Meton</span> <span class='ocrx_word' id='word_1_278' title='bbox 1359 1879 1458 1927; x_wconf 90' lang='lat' dir='ltr'>apud</span> <span class='ocrx_word' id='word_1_279' title='bbox 1472 1849 1621 1915; x_wconf 75' lang='lat' dir='ltr'>Aelian.</span> <span class='ocrx_word' id='word_1_280' title='bbox 1636 1879 1724 1915; x_wconf 90' lang='lat' dir='ltr'>Var.</span> 
     </span>
     <span class='ocr_line' id='line_1_33' title="bbox 273 1931 1726 1983; baseline 0.003 -16"><span class='ocrx_word' id='word_1_281' title='bbox 273 1931 376 1970; x_wconf 76' lang='lat' dir='ltr'>Hist.</span> <span class='ocrx_word' id='word_1_282' title='bbox 397 1934 487 1973; x_wconf 79' lang='grc' dir='ltr'><strong>ΧΠ.</strong></span> <span class='ocrx_word' id='word_1_283' title='bbox 514 1937 583 1974; x_wconf 82' lang='grc'>12.</span> <span class='ocrx_word' id='word_1_284' title='bbox 615 1949 699 1972; x_wconf 89' lang='lat' dir='ltr'>cum</span> <span class='ocrx_word' id='word_1_285' title='bbox 730 1934 877 1971; x_wconf 88' lang='lat' dir='ltr'>Kuhnii</span> <span class='ocrx_word' id='word_1_286' title='bbox 907 1941 1022 1981; x_wconf 89' lang='lat' dir='ltr'>nota,</span> <span class='ocrx_word' id='word_1_287' title='bbox 1050 1937 1115 1982; x_wconf 89' lang='lat' dir='ltr'>qui</span> <span class='ocrx_word' id='word_1_288' title='bbox 1145 1937 1310 1983; x_wconf 88' lang='lat' dir='ltr'>scriptus</span> <span class='ocrx_word' id='word_1_289' title='bbox 1338 1941 1420 1971; x_wconf 87' lang='lat' dir='ltr'>erat</span> <span class='ocrx_word' id='word_1_290' title='bbox 1448 1936 1583 1981; x_wconf 80' lang='lat' dir='ltr'>miles,</span> <span class='ocrx_word' id='word_1_291' title='bbox 1620 1941 1658 1971; x_wconf 83' lang='lat' dir='ltr'>et</span> <span class='ocrx_word' id='word_1_292' title='bbox 1686 1932 1726 1974; x_wconf 74' lang='grc' dir='ltr'>οἱ</span> 
     </span>
     <span class='ocr_line' id='line_1_34' title="bbox 271 1984 1732 2043; baseline 0.003 -17"><span class='ocrx_word' id='word_1_293' title='bbox 271 1984 378 2041; x_wconf 64' lang='grc' dir='ltr'>ὑπὲρ</span> <span class='ocrx_word' id='word_1_294' title='bbox 398 1988 472 2029; x_wconf 71' lang='grc' dir='ltr'>τὸν</span> <span class='ocrx_word' id='word_1_295' title='bbox 490 1987 720 2043; x_wconf 70' lang='grc' dir='ltr'><em>κατάλογον</em></span> <span class='ocrx_word' id='word_1_296' title='bbox 750 1994 791 2028; x_wconf 88' lang='lat' dir='ltr'>in</span> <span class='ocrx_word' id='word_1_297' title='bbox 812 1990 1008 2028; x_wconf 87' lang='lat' dir='ltr'>Demosth.</span> <span class='ocrx_word' id='word_1_298' title='bbox 1029 1990 1134 2027; x_wconf 85' lang='lat' dir='ltr'>Orat.</span> <span class='ocrx_word' id='word_1_299' title='bbox 1158 1990 1248 2042; x_wconf 74' lang='grc' dir='ltr'>περὶ</span> <span class='ocrx_word' id='word_1_300' title='bbox 1270 1990 1445 2037; x_wconf 74' lang='grc' dir='ltr'><em>Συνταξ.</em></span> <span class='ocrx_word' id='word_1_301' title='bbox 1465 2005 1500 2040; x_wconf 88' lang='lat' dir='ltr'>p.</span> <span class='ocrx_word' id='word_1_302' title='bbox 1521 1991 1607 2037; x_wconf 76' lang='grc'><strong>97.,</strong></span> <span class='ocrx_word' id='word_1_303' title='bbox 1632 2002 1732 2039; x_wconf 58' lang='grc' dir='ltr'><strong>(μθ-ε</strong></span> 
     </span>
     <span class='ocr_line' id='line_1_35' title="bbox 273 2046 1726 2097; baseline 0.003 -17"><span class='ocrx_word' id='word_1_304' title='bbox 273 2056 361 2082; x_wconf 74' lang='lat' dir='ltr'>rum</span> <span class='ocrx_word' id='word_1_305' title='bbox 382 2050 539 2084; x_wconf 84' lang='lat' dir='ltr'>emerita</span> <span class='ocrx_word' id='word_1_306' title='bbox 561 2048 764 2097; x_wconf 87' lang='lat' dir='ltr'>stipendia.</span> <span class='ocrx_word' id='word_1_307' title='bbox 791 2046 917 2085; x_wconf 80' lang='lat' dir='ltr'>Relati</span> <span class='ocrx_word' id='word_1_308' title='bbox 937 2051 977 2085; x_wconf 84' lang='lat' dir='ltr'>in</span> <span class='ocrx_word' id='word_1_309' title='bbox 998 2048 1212 2097; x_wconf 86' lang='lat' dir='ltr'>catalogum</span> <span class='ocrx_word' id='word_1_310' title='bbox 1233 2060 1255 2083; x_wconf 92' lang='lat' dir='ltr'>a</span> <span class='ocrx_word' id='word_1_311' title='bbox 1278 2047 1459 2083; x_wconf 85' lang='lat' dir='ltr'>Praetore</span> <span class='ocrx_word' id='word_1_312' title='bbox 1481 2055 1547 2084; x_wconf 92' lang='lat' dir='ltr'>aut</span> <span class='ocrx_word' id='word_1_313' title='bbox 1558 2046 1726 2084; x_wconf 84' lang='lat' dir='ltr'>Taxiar-</span> 
     </span>
     <span class='ocr_line' id='line_1_36' title="bbox 275 2100 1727 2155; baseline 0.003 -19"><span class='ocrx_word' id='word_1_314' title='bbox 275 2100 360 2137; x_wconf 82' lang='lat' dir='ltr'>chis</span> <span class='ocrx_word' id='word_1_315' title='bbox 380 2105 567 2151; x_wconf 82' lang='lat' dir='ltr'>militiam,</span> <span class='ocrx_word' id='word_1_316' title='bbox 601 2107 675 2140; x_wconf 89' lang='lat' dir='ltr'>nisi</span> <span class='ocrx_word' id='word_1_317' title='bbox 696 2117 834 2155; x_wconf 80' lang='lat' dir='ltr'>graves</span> <span class='ocrx_word' id='word_1_318' title='bbox 857 2111 894 2140; x_wconf 89' lang='lat' dir='ltr'>et</span> <span class='ocrx_word' id='word_1_319' title='bbox 917 2106 1085 2141; x_wconf 86' lang='lat' dir='ltr'>sonticas</span> <span class='ocrx_word' id='word_1_320' title='bbox 1105 2104 1327 2140; x_wconf 85' lang='lat' dir='ltr'>attulissent</span> <span class='ocrx_word' id='word_1_321' title='bbox 1355 2116 1521 2149; x_wconf 82' lang='lat' dir='ltr'>caussas,</span> <span class='ocrx_word' id='word_1_322' title='bbox 1549 2117 1727 2141; x_wconf 88' lang='lat' dir='ltr'>recusare</span> 
     </span>
     <span class='ocr_line' id='line_1_37' title="bbox 272 2158 1729 2209; baseline 0.003 -16"><span class='ocrx_word' id='word_1_323' title='bbox 272 2169 354 2194; x_wconf 84' lang='lat' dir='ltr'>non</span> <span class='ocrx_word' id='word_1_324' title='bbox 376 2166 565 2207; x_wconf 86' lang='lat' dir='ltr'>poterant,</span> <span class='ocrx_word' id='word_1_325' title='bbox 598 2162 698 2197; x_wconf 84' lang='lat' dir='ltr'>malo</span> <span class='ocrx_word' id='word_1_326' title='bbox 726 2160 910 2209; x_wconf 76' lang='lat' dir='ltr'>cogendi,</span> <span class='ocrx_word' id='word_1_327' title='bbox 942 2163 975 2197; x_wconf 90' lang='lat' dir='ltr'>si</span> <span class='ocrx_word' id='word_1_328' title='bbox 1003 2160 1322 2209; x_wconf 83' lang='lat' dir='ltr'>subterfugerent.</span> <span class='ocrx_word' id='word_1_329' title='bbox 1359 2160 1456 2196; x_wconf 89' lang='lat' dir='ltr'>Vide</span> <span class='ocrx_word' id='word_1_330' title='bbox 1481 2158 1523 2198; x_wconf 83' lang='lat' dir='ltr'>S.</span> <span class='ocrx_word' id='word_1_331' title='bbox 1559 2160 1729 2197; x_wconf 87' lang='lat' dir='ltr'>Petitum</span> 
     </span>
     <span class='ocr_line' id='line_1_38' title="bbox 273 2213 1727 2264; baseline 0.003 -15"><span class='ocrx_word' id='word_1_332' title='bbox 273 2213 324 2249; x_wconf 82' lang='lat' dir='ltr'>ad</span> <span class='ocrx_word' id='word_1_333' title='bbox 346 2213 420 2251; x_wconf 85' lang='lat' dir='ltr'>LL.</span> <span class='ocrx_word' id='word_1_334' title='bbox 443 2214 520 2252; x_wconf 85' lang='lat' dir='ltr'>Att.</span> <span class='ocrx_word' id='word_1_335' title='bbox 542 2229 577 2264; x_wconf 91' lang='lat' dir='ltr'>p.</span> <span class='ocrx_word' id='word_1_336' title='bbox 592 2217 695 2256; x_wconf 82' lang='lat'>546.</span> <span class='ocrx_word' id='word_1_337' title='bbox 720 2217 824 2256; x_wconf 82' lang='lat'>549.</span> <span class='ocrx_word' id='word_1_338' title='bbox 844 2223 882 2253; x_wconf 85' lang='lat' dir='ltr'>et</span> <span class='ocrx_word' id='word_1_339' title='bbox 909 2216 956 2253; x_wconf 88' lang='lat' dir='ltr'>T.</span> <span class='ocrx_word' id='word_1_340' title='bbox 975 2215 1309 2253; x_wconf 85' lang='lat' dir='ltr'>Hemsterhusium</span> <span class='ocrx_word' id='word_1_341' title='bbox 1329 2218 1370 2253; x_wconf 91' lang='lat' dir='ltr'>in</span> <span class='ocrx_word' id='word_1_342' title='bbox 1392 2215 1555 2254; x_wconf 88' lang='lat' dir='ltr'>Luciani</span> <span class='ocrx_word' id='word_1_343' title='bbox 1573 2215 1727 2254; x_wconf 55' lang='lat' dir='ltr'>Timon,</span> 
     </span>
     <span class='ocr_line' id='line_1_39' title="bbox 276 2271 577 2310; baseline 0.007 -5"><span class='ocrx_word' id='word_1_344' title='bbox 276 2282 312 2305; x_wconf 77' lang='lat' dir='ltr'>c.</span> <span class='ocrx_word' id='word_1_345' title='bbox 336 2271 408 2310; x_wconf 84' lang='lat'>51.</span> <span class='ocrx_word' id='word_1_346' title='bbox 442 2271 492 2308; x_wconf 83' lang='lat' dir='ltr'>W</span> <span class='ocrx_word' id='word_1_347' title='bbox 498 2283 577 2309; x_wconf 60' lang='lat' dir='ltr'>less.</span> 
     </span>
    </p>

    <p class='ocr_par' dir='ltr' id='par_1_9' title="bbox 274 2325 1730 2492">
     <span class='ocr_line' id='line_1_40' title="bbox 388 2325 1730 2381; baseline 0 -15"><span class='ocrx_word' id='word_1_348' title='bbox 388 2328 495 2367; x_wconf 77' lang='grc'><strong>468.</strong></span> <span class='ocrx_word' id='word_1_349' title='bbox 523 2329 598 2367; x_wconf 78' lang='grc'>43.</span> <span class='ocrx_word' id='word_1_350' title='bbox 650 2328 724 2374; x_wconf 72' lang='grc' dir='ltr'>Εἷς</span> <span class='ocrx_word' id='word_1_351' title='bbox 752 2325 1002 2381; x_wconf 70' lang='grc' dir='ltr'>ῙῐἸεθώνην]</span> <span class='ocrx_word' id='word_1_352' title='bbox 1049 2327 1164 2366; x_wconf 88' lang='lat' dir='ltr'>Haud</span> <span class='ocrx_word' id='word_1_353' title='bbox 1193 2328 1305 2365; x_wconf 90' lang='lat' dir='ltr'>aliter</span> <span class='ocrx_word' id='word_1_354' title='bbox 1330 2328 1463 2366; x_wconf 87' lang='lat' dir='ltr'>urbem</span> <span class='ocrx_word' id='word_1_355' title='bbox 1492 2328 1658 2378; x_wconf 88' lang='lat' dir='ltr'>adpellat</span> <span class='ocrx_word' id='word_1_356' title='bbox 1684 2328 1730 2367; x_wconf 89' lang='lat' dir='ltr'>L.</span> 
     </span>
     <span class='ocr_line' id='line_1_41' title="bbox 274 2380 1728 2435; baseline 0.003 -17"><span class='ocrx_word' id='word_1_357' title='bbox 274 2380 367 2418; x_wconf 72' lang='lat' dir='ltr'>XII</span> <span class='ocrx_word' id='word_1_358' title='bbox 394 2385 467 2422; x_wconf 69' lang='lat'>43</span> <span class='ocrx_word' id='word_1_359' title='bbox 481 2412 492 2430; x_wconf 91' lang='lat'>,</span> <span class='ocrx_word' id='word_1_360' title='bbox 529 2398 598 2420; x_wconf 84' lang='lat' dir='ltr'>nec</span> <span class='ocrx_word' id='word_1_361' title='bbox 632 2384 795 2433; x_wconf 81' lang='lat' dir='ltr'>Strabo,</span> <span class='ocrx_word' id='word_1_362' title='bbox 825 2386 1078 2433; x_wconf 85' lang='lat' dir='ltr'>Ptolemaeus,</span> <span class='ocrx_word' id='word_1_363' title='bbox 1107 2385 1271 2432; x_wconf 84' lang='lat' dir='ltr'>Plinius,</span> <span class='ocrx_word' id='word_1_364' title='bbox 1300 2383 1530 2435; x_wconf 86' lang='lat' dir='ltr'>Stephanus.</span> <span class='ocrx_word' id='word_1_365' title='bbox 1579 2386 1728 2423; x_wconf 84' lang='lat' dir='ltr'>Pausa-</span> 
     </span>
     <span class='ocr_line' id='line_1_42' title="bbox 275 2436 1265 2492; baseline 0.003 -19"><span class='ocrx_word' id='word_1_366' title='bbox 275 2441 364 2475; x_wconf 77' lang='lat' dir='ltr'>]uiac</span> <span class='ocrx_word' id='word_1_367' title='bbox 383 2436 731 2492; x_wconf 64' lang='lat' dir='ltr'>,7¹109mv17L.1V.</span> <span class='ocrx_word' id='word_1_368' title='bbox 756 2443 796 2481; x_wconf 97' lang='grc'>3</span> <span class='ocrx_word' id='word_1_369' title='bbox 830 2442 1098 2492; x_wconf 75' lang='lat' dir='ltr'>ubiSylburg.</span> <span class='ocrx_word' id='word_1_370' title='bbox 1131 2441 1265 2477; x_wconf 57' lang='lat' dir='ltr'>lVESS.</span> 
     </span>
    </p>

    <p class='ocr_par' dir='ltr' id='par_1_10' title="bbox 275 2495 1727 2774">
     <span class='ocr_line' id='line_1_43' title="bbox 390 2495 1727 2550; baseline 0 -15"><span class='ocrx_word' id='word_1_371' title='bbox 390 2497 497 2536; x_wconf 80' lang='lat'>468.</span> <span class='ocrx_word' id='word_1_372' title='bbox 527 2498 603 2536; x_wconf 76' lang='grc'><strong>4.).</strong></span> <span class='ocrx_word' id='word_1_373' title='bbox 646 2498 719 2544; x_wconf 73' lang='grc' dir='ltr'>Εἰς</span> <span class='ocrx_word' id='word_1_374' title='bbox 747 2513 795 2537; x_wconf 82' lang='grc' dir='ltr'>το</span> <span class='ocrx_word' id='word_1_375' title='bbox 822 2495 1010 2550; x_wconf 62' lang='grc' dir='ltr'>Γύθιον]</span> <span class='ocrx_word' id='word_1_376' title='bbox 1052 2498 1147 2536; x_wconf 89' lang='lat' dir='ltr'>Vide</span> <span class='ocrx_word' id='word_1_377' title='bbox 1174 2497 1333 2534; x_wconf 88' lang='lat' dir='ltr'>eundem</span> <span class='ocrx_word' id='word_1_378' title='bbox 1362 2496 1545 2550; x_wconf 83' lang='lat' dir='ltr'>Sylburg.</span> <span class='ocrx_word' id='word_1_379' title='bbox 1566 2501 1607 2535; x_wconf 90' lang='lat' dir='ltr'>in</span> <span class='ocrx_word' id='word_1_380' title='bbox 1626 2497 1727 2536; x_wconf 88' lang='lat' dir='ltr'>Pau-</span> 
     </span>
     <span class='ocr_line' id='line_1_44' title="bbox 280 2550 1727 2603; baseline 0.003 -17"><span class='ocrx_word' id='word_1_381' title='bbox 280 2562 362 2587; x_wconf 85' lang='lat' dir='ltr'>san.</span> <span class='ocrx_word' id='word_1_382' title='bbox 381 2550 412 2589; x_wconf 88' lang='lat' dir='ltr'>I.</span> <span class='ocrx_word' id='word_1_383' title='bbox 430 2554 519 2599; x_wconf 60' lang='lat'>27,</span> <span class='ocrx_word' id='word_1_384' title='bbox 548 2555 615 2590; x_wconf 85' lang='lat' dir='ltr'>ubi</span> <span class='ocrx_word' id='word_1_385' title='bbox 633 2553 834 2592; x_wconf 86' lang='lat' dir='ltr'>Tolmidae</span> <span class='ocrx_word' id='word_1_386' title='bbox 855 2556 1049 2603; x_wconf 89' lang='lat' dir='ltr'>praeclara</span> <span class='ocrx_word' id='word_1_387' title='bbox 1069 2554 1162 2591; x_wconf 83' lang='lat' dir='ltr'>haec</span> <span class='ocrx_word' id='word_1_388' title='bbox 1181 2554 1373 2601; x_wconf 83' lang='lat' dir='ltr'>expeditio</span> <span class='ocrx_word' id='word_1_389' title='bbox 1395 2555 1583 2594; x_wconf 88' lang='lat' dir='ltr'>innuitur.</span> <span class='ocrx_word' id='word_1_390' title='bbox 1622 2554 1727 2591; x_wconf 89' lang='lat' dir='ltr'>Ean-</span> 
     </span>
     <span class='ocr_line' id='line_1_45' title="bbox 280 2606 1726 2658; baseline 0.003 -16"><span class='ocrx_word' id='word_1_391' title='bbox 280 2606 389 2654; x_wconf 83' lang='lat' dir='ltr'>dem,</span> <span class='ocrx_word' id='word_1_392' title='bbox 419 2609 485 2645; x_wconf 91' lang='lat' dir='ltr'>sed</span> <span class='ocrx_word' id='word_1_393' title='bbox 506 2612 668 2656; x_wconf 83' lang='lat' dir='ltr'>tectius,</span> <span class='ocrx_word' id='word_1_394' title='bbox 695 2611 879 2648; x_wconf 88' lang='lat' dir='ltr'>describit</span> <span class='ocrx_word' id='word_1_395' title='bbox 902 2611 1090 2648; x_wconf 85' lang='lat' dir='ltr'>Aristides</span> <span class='ocrx_word' id='word_1_396' title='bbox 1120 2609 1278 2647; x_wconf 86' lang='lat' dir='ltr'>Panath.</span> <span class='ocrx_word' id='word_1_397' title='bbox 1299 2621 1334 2658; x_wconf 86' lang='lat' dir='ltr'>p.</span> <span class='ocrx_word' id='word_1_398' title='bbox 1357 2612 1486 2657; x_wconf 81' lang='lat'>271..</span> <span class='ocrx_word' id='word_1_399' title='bbox 1517 2610 1619 2648; x_wconf 83' lang='lat' dir='ltr'>haud</span> <span class='ocrx_word' id='word_1_400' title='bbox 1649 2623 1726 2647; x_wconf 93' lang='lat' dir='ltr'>uno</span> 
     </span>
     <span class='ocr_line' id='line_1_46' title="bbox 278 2663 1727 2717; baseline 0.004 -20"><span class='ocrx_word' id='word_1_401' title='bbox 278 2663 426 2701; x_wconf 85' lang='lat' dir='ltr'>obsitus</span> <span class='ocrx_word' id='word_1_402' title='bbox 455 2666 616 2712; x_wconf 87' lang='lat' dir='ltr'>mendo,</span> <span class='ocrx_word' id='word_1_403' title='bbox 645 2665 747 2715; x_wconf 87' lang='lat' dir='ltr'>quod</span> <span class='ocrx_word' id='word_1_404' title='bbox 779 2667 1022 2706; x_wconf 87' lang='lat' dir='ltr'>conmodiore</span> <span class='ocrx_word' id='word_1_405' title='bbox 1051 2668 1136 2703; x_wconf 90' lang='lat' dir='ltr'>loco</span> <span class='ocrx_word' id='word_1_406' title='bbox 1168 2665 1374 2717; x_wconf 88' lang='lat' dir='ltr'>detergam.</span> <span class='ocrx_word' id='word_1_407' title='bbox 1420 2666 1514 2704; x_wconf 87' lang='lat' dir='ltr'>Mox</span> <span class='ocrx_word' id='word_1_408' title='bbox 1544 2664 1612 2706; x_wconf 83' lang='grc' dir='ltr'>καὶ</span> <span class='ocrx_word' id='word_1_409' title='bbox 1637 2673 1727 2704; x_wconf 87' lang='lat' dir='ltr'>ante</span> 
     </span>
     <span class='ocr_line' id='line_1_47' title="bbox 275 2716 1203 2774; baseline 0.004 -20"><span class='ocrx_word' id='word_1_410' title='bbox 275 2731 351 2768; x_wconf 67' lang='grc' dir='ltr'>την</span> <span class='ocrx_word' id='word_1_411' title='bbox 364 2716 511 2774; x_wconf 78' lang='grc' dir='ltr'><em>χώοαν</em></span> <span class='ocrx_word' id='word_1_412' title='bbox 530 2722 690 2771; x_wconf 84' lang='lat' dir='ltr'>induxi,</span> <span class='ocrx_word' id='word_1_413' title='bbox 718 2725 854 2774; x_wconf 86' lang='lat' dir='ltr'>quippe</span> <span class='ocrx_word' id='word_1_414' title='bbox 883 2725 1031 2761; x_wconf 84' lang='lat' dir='ltr'>inutile.</span> <span class='ocrx_word' id='word_1_415' title='bbox 1064 2721 1203 2761; x_wconf 78' lang='lat' dir='ltr'>WEss.</span> 
     </span>
    </p>
   </div>
  </div>
 </body>
</html>
