<?xml version="1.0" encoding="UTF-8"?>
<!DOCTYPE html PUBLIC "-//W3C//DTD XHTML 1.0 Transitional//EN"
    "http://www.w3.org/TR/xhtml1/DTD/xhtml1-transitional.dtd">
<html xmlns="http://www.w3.org/1999/xhtml" xml:lang="en" lang="en">
 <head>
  <title>
</title>
<meta http-equiv="Content-Type" content="text/html;charset=utf-8" />
  <meta name='ocr-system' content='tesseract 3.04.00' />
  <meta name='ocr-capabilities' content='ocr_page ocr_carea ocr_par ocr_line ocrx_word'/>
</head>
<body>
  <div class='ocr_page' id='page_1' title='image "./bibliothecahisto04dioduoft_0807.png"; bbox 0 0 1828 3253; ppageno 0'>
   <div class='ocr_carea' id='block_1_1' title="bbox 409 199 1546 247">
    <p class='ocr_par' dir='ltr' id='par_1_1' title="bbox 409 199 1546 247">
     <span class='ocr_line' id='line_1_1' title="bbox 409 199 1546 247; baseline 0.006 -7"><span class='ocrx_word' id='word_1_1' title='bbox 409 202 470 241; x_wconf 84' lang='lat' dir='ltr'>IN</span> <span class='ocrx_word' id='word_1_2' title='bbox 500 201 612 241; x_wconf 65' lang='lat' dir='ltr'>[AB.</span> <span class='ocrx_word' id='word_1_3' title='bbox 652 201 776 240; x_wconf 78' lang='lat' dir='ltr'>xlv.</span> <span class='ocrx_word' id='word_1_4' title='bbox 810 199 936 240; x_wconf 85' lang='lat' dir='ltr'>CAP.</span> <span class='ocrx_word' id='word_1_5' title='bbox 966 204 1112 244; x_wconf 77' lang='lat'>61:—</span> <span class='ocrx_word' id='word_1_6' title='bbox 1139 204 1212 243; x_wconf 80' lang='lat'>65.</span> <span class='ocrx_word' id='word_1_7' title='bbox 1457 207 1546 247; x_wconf 84' lang='grc'>769</span> 
     </span>
    </p>
   </div>
   <div class='ocr_carea' id='block_1_2' title="bbox 95 314 1545 1376">
    <p class='ocr_par' dir='ltr' id='par_1_2' title="bbox 96 314 1544 425">
     <span class='ocr_line' id='line_1_2' title="bbox 96 314 1544 364; baseline 0.003 -11"><span class='ocrx_word' id='word_1_8' title='bbox 96 314 337 353; x_wconf 80' lang='lat' dir='ltr'>Achradinae</span> <span class='ocrx_word' id='word_1_9' title='bbox 369 315 556 364; x_wconf 84' lang='lat' dir='ltr'>quoddam</span> <span class='ocrx_word' id='word_1_10' title='bbox 593 317 703 364; x_wconf 82' lang='lat' dir='ltr'>quasi</span> <span class='ocrx_word' id='word_1_11' title='bbox 733 315 954 353; x_wconf 78' lang='lat' dir='ltr'>suburbium</span> <span class='ocrx_word' id='word_1_12' title='bbox 986 314 1168 363; x_wconf 83' lang='lat' dir='ltr'>Neapolis</span> <span class='ocrx_word' id='word_1_13' title='bbox 1195 317 1247 353; x_wconf 85' lang='lat' dir='ltr'>sit</span> <span class='ocrx_word' id='word_1_14' title='bbox 1277 320 1434 355; x_wconf 85' lang='lat' dir='ltr'><strong>censita.</strong></span> <span class='ocrx_word' id='word_1_15' title='bbox 1477 317 1544 357; x_wconf 88' lang='lat' dir='ltr'>Sic</span> 
     </span>
     <span class='ocr_line' id='line_1_3' title="bbox 100 370 1127 425; baseline -0.002 -16"><span class='ocrx_word' id='word_1_16' title='bbox 100 379 203 410; x_wconf 89' lang='lat' dir='ltr'>certe</span> <span class='ocrx_word' id='word_1_17' title='bbox 222 371 292 408; x_wconf 89' lang='lat' dir='ltr'>Ph.</span> <span class='ocrx_word' id='word_1_18' title='bbox 313 370 514 408; x_wconf 86' lang='lat' dir='ltr'>Cluverius</span> <span class='ocrx_word' id='word_1_19' title='bbox 545 370 586 425; x_wconf 74' lang='lat' dir='ltr'>S:</span> <span class='ocrx_word' id='word_1_20' title='bbox 608 372 652 408; x_wconf 86' lang='grc' dir='ltr'>Α.</span> <span class='ocrx_word' id='word_1_21' title='bbox 676 370 717 407; x_wconf 88' lang='lat' dir='ltr'>L.</span> <span class='ocrx_word' id='word_1_22' title='bbox 741 371 768 408; x_wconf 92' lang='lat'>1.</span> <span class='ocrx_word' id='word_1_23' title='bbox 800 384 835 420; x_wconf 88' lang='lat' dir='ltr'>p.</span> <span class='ocrx_word' id='word_1_24' title='bbox 866 373 967 411; x_wconf 83' lang='lat'>153.</span> <span class='ocrx_word' id='word_1_25' title='bbox 994 371 1127 407; x_wconf 58' lang='lat' dir='ltr'>U&#39;Ess.</span> 
     </span>
    </p>

    <p class='ocr_par' dir='ltr' id='par_1_3' title="bbox 211 425 1541 479">
     <span class='ocr_line' id='line_1_4' title="bbox 211 425 1541 479; baseline 0 -12"><span class='ocrx_word' id='word_1_26' title='bbox 211 429 318 467; x_wconf 98' lang='grc'><strong>692.</strong></span> <span class='ocrx_word' id='word_1_27' title='bbox 344 428 387 466; x_wconf 87' lang='grc'>4.</span> <span class='ocrx_word' id='word_1_28' title='bbox 429 427 535 479; x_wconf 75' lang='grc' dir='ltr'><em>,Περὶ</em></span> <span class='ocrx_word' id='word_1_29' title='bbox 556 426 605 478; x_wconf 71' lang='grc' dir='ltr'>ἧς</span> <span class='ocrx_word' id='word_1_30' title='bbox 623 425 772 477; x_wconf 79' lang='grc' dir='ltr'><strong>μικρὸν</strong></span> <span class='ocrx_word' id='word_1_31' title='bbox 793 425 1078 477; x_wconf 52' lang='lat' dir='ltr'>{amporam}</span> <span class='ocrx_word' id='word_1_32' title='bbox 1111 426 1220 464; x_wconf 89' lang='lat' dir='ltr'>Conf.</span> <span class='ocrx_word' id='word_1_33' title='bbox 1245 442 1276 465; x_wconf 89' lang='lat' dir='ltr'>c.</span> <span class='ocrx_word' id='word_1_34' title='bbox 1303 431 1374 469; x_wconf 81' lang='lat'>71.</span> <span class='ocrx_word' id='word_1_35' title='bbox 1404 430 1541 467; x_wconf 47' lang='grc' dir='ltr'><strong>Πῶς.</strong></span> 
     </span>
    </p>

    <p class='ocr_par' dir='ltr' id='par_1_4' title="bbox 96 481 1544 633">
     <span class='ocr_line' id='line_1_5' title="bbox 212 481 1544 534; baseline 0 -10"><span class='ocrx_word' id='word_1_36' title='bbox 212 484 318 524; x_wconf 87' lang='grc'><strong>692.</strong></span> <span class='ocrx_word' id='word_1_37' title='bbox 344 485 383 524; x_wconf 85' lang='grc'>8.</span> <span class='ocrx_word' id='word_1_38' title='bbox 428 481 712 534; x_wconf 68' lang='grc' dir='ltr'>Δημαρίτης]</span> <span class='ocrx_word' id='word_1_39' title='bbox 764 483 830 520; x_wconf 65' lang='lat' dir='ltr'>Sic</span> <span class='ocrx_word' id='word_1_40' title='bbox 863 484 1012 520; x_wconf 78' lang='lat' dir='ltr'>dedisse</span> <span class='ocrx_word' id='word_1_41' title='bbox 1046 491 1262 530; x_wconf 72' lang='lat' dir='ltr'>auctorem,</span> <span class='ocrx_word' id='word_1_42' title='bbox 1300 487 1413 533; x_wconf 82' lang='lat' dir='ltr'>probe</span> <span class='ocrx_word' id='word_1_43' title='bbox 1447 489 1544 524; x_wconf 76' lang='lat' dir='ltr'>vidit</span> 
     </span>
     <span class='ocr_line' id='line_1_6' title="bbox 96 537 1540 584; baseline 0.002 -8"><span class='ocrx_word' id='word_1_44' title='bbox 96 537 407 576; x_wconf 85' lang='lat' dir='ltr'>Rhodomannus.</span> <span class='ocrx_word' id='word_1_45' title='bbox 436 539 524 576; x_wconf 87' lang='lat' dir='ltr'>Non</span> <span class='ocrx_word' id='word_1_46' title='bbox 543 541 646 576; x_wconf 89' lang='lat' dir='ltr'>enim</span> <span class='ocrx_word' id='word_1_47' title='bbox 675 540 789 576; x_wconf 88' lang='lat' dir='ltr'>aliter</span> <span class='ocrx_word' id='word_1_48' title='bbox 810 539 968 576; x_wconf 85' lang='lat' dir='ltr'>adsolet.</span> <span class='ocrx_word' id='word_1_49' title='bbox 999 539 1092 576; x_wconf 85' lang='lat' dir='ltr'>Vide</span> <span class='ocrx_word' id='word_1_50' title='bbox 1114 539 1156 577; x_wconf 73' lang='lat'>1..</span> <span class='ocrx_word' id='word_1_51' title='bbox 1177 540 1250 579; x_wconf 85' lang='lat' dir='ltr'>Xl.</span> <span class='ocrx_word' id='word_1_52' title='bbox 1265 543 1338 581; x_wconf 77' lang='lat'>26.</span> <span class='ocrx_word' id='word_1_53' title='bbox 1360 552 1396 579; x_wconf 87' lang='lat' dir='ltr'>et</span> <span class='ocrx_word' id='word_1_54' title='bbox 1418 556 1449 579; x_wconf 92' lang='lat' dir='ltr'>c.</span> <span class='ocrx_word' id='word_1_55' title='bbox 1466 545 1540 584; x_wconf 73' lang='grc'>38.</span> 
     </span>
     <span class='ocr_line' id='line_1_7' title="bbox 99 594 237 633; baseline -0.007 0"><span class='ocrx_word' id='word_1_56' title='bbox 99 594 237 633; x_wconf 70' lang='lat' dir='ltr'>Wzss.</span> 
     </span>
    </p>

    <p class='ocr_par' dir='ltr' id='par_1_5' title="bbox 95 646 1544 925">
     <span class='ocr_line' id='line_1_8' title="bbox 210 646 1544 703; baseline 0.001 -13"><span class='ocrx_word' id='word_1_57' title='bbox 210 652 316 691; x_wconf 86' lang='grc'><strong>692.</strong></span> <span class='ocrx_word' id='word_1_58' title='bbox 349 651 420 690; x_wconf 90' lang='grc'>10.</span> <span class='ocrx_word' id='word_1_59' title='bbox 458 646 555 689; x_wconf 80' lang='grc' dir='ltr'>Ἐπὶ</span> <span class='ocrx_word' id='word_1_60' title='bbox 586 652 661 690; x_wconf 80' lang='grc' dir='ltr'>τοῦ</span> <span class='ocrx_word' id='word_1_61' title='bbox 693 649 1003 703; x_wconf 72' lang='grc' dir='ltr'>Πλημμυρίου]</span> <span class='ocrx_word' id='word_1_62' title='bbox 1045 650 1322 690; x_wconf 78' lang='lat' dir='ltr'>Plemmurium</span> <span class='ocrx_word' id='word_1_63' title='bbox 1356 655 1544 692; x_wconf 79' lang='lat' dir='ltr'>undosum</span> 
     </span>
     <span class='ocr_line' id='line_1_9' title="bbox 97 706 1544 759; baseline 0.003 -15"><span class='ocrx_word' id='word_1_64' title='bbox 97 710 235 744; x_wconf 88' lang='lat' dir='ltr'>summi</span> <span class='ocrx_word' id='word_1_65' title='bbox 264 710 396 756; x_wconf 72' lang='lat' dir='ltr'>poetae</span> <span class='ocrx_word' id='word_1_66' title='bbox 427 708 726 755; x_wconf 81' lang='lat' dir='ltr'>promuntorium</span> <span class='ocrx_word' id='word_1_67' title='bbox 761 715 841 743; x_wconf 87' lang='lat' dir='ltr'>erat</span> <span class='ocrx_word' id='word_1_68' title='bbox 870 715 1002 744; x_wconf 90' lang='lat' dir='ltr'>contra</span> <span class='ocrx_word' id='word_1_69' title='bbox 1027 706 1261 757; x_wconf 75' lang='lat' dir='ltr'>Syracusas,</span> <span class='ocrx_word' id='word_1_70' title='bbox 1291 712 1331 745; x_wconf 87' lang='lat' dir='ltr'>in</span> <span class='ocrx_word' id='word_1_71' title='bbox 1363 724 1544 759; x_wconf 70' lang='lat' dir='ltr'>magnum</span> 
     </span>
     <span class='ocr_line' id='line_1_10' title="bbox 96 764 1542 813; baseline 0.002 -13"><span class='ocrx_word' id='word_1_72' title='bbox 96 770 250 811; x_wconf 89' lang='lat' dir='ltr'>portum</span> <span class='ocrx_word' id='word_1_73' title='bbox 269 775 520 812; x_wconf 82' lang='lat' dir='ltr'>procurrens,</span> <span class='ocrx_word' id='word_1_74' title='bbox 550 770 587 798; x_wconf 87' lang='lat' dir='ltr'>et</span> <span class='ocrx_word' id='word_1_75' title='bbox 615 765 696 799; x_wconf 89' lang='lat' dir='ltr'>eius</span> <span class='ocrx_word' id='word_1_76' title='bbox 716 764 846 799; x_wconf 84' lang='lat' dir='ltr'>fauces</span> <span class='ocrx_word' id='word_1_77' title='bbox 876 771 1076 809; x_wconf 76' lang='lat' dir='ltr'>coartans,</span> <span class='ocrx_word' id='word_1_78' title='bbox 1103 773 1357 813; x_wconf 88' lang='lat' dir='ltr'>opportunum</span> <span class='ocrx_word' id='word_1_79' title='bbox 1385 769 1542 804; x_wconf 86' lang='lat' dir='ltr'>castello</span> 
     </span>
     <span class='ocr_line' id='line_1_11' title="bbox 96 818 1540 870; baseline 0.002 -15"><span class='ocrx_word' id='word_1_80' title='bbox 96 818 344 855; x_wconf 84' lang='lat' dir='ltr'>exstruendo.</span> <span class='ocrx_word' id='word_1_81' title='bbox 390 818 523 855; x_wconf 78' lang='lat' dir='ltr'>Nicias</span> <span class='ocrx_word' id='word_1_82' title='bbox 545 819 584 854; x_wconf 64' lang='lat' dir='ltr'>inl</span> <span class='ocrx_word' id='word_1_83' title='bbox 621 821 761 868; x_wconf 86' lang='lat' dir='ltr'>optime</span> <span class='ocrx_word' id='word_1_84' title='bbox 798 827 1062 868; x_wconf 77' lang='lat' dir='ltr'>perspexerat,</span> <span class='ocrx_word' id='word_1_85' title='bbox 1094 828 1135 856; x_wconf 86' lang='lat' dir='ltr'>ut</span> <span class='ocrx_word' id='word_1_86' title='bbox 1166 832 1213 855; x_wconf 76' lang='lat' dir='ltr'>ex</span> <span class='ocrx_word' id='word_1_87' title='bbox 1242 819 1471 870; x_wconf 70' lang='lat' dir='ltr'>Thucydide</span> <span class='ocrx_word' id='word_1_88' title='bbox 1495 822 1540 861; x_wconf 87' lang='lat' dir='ltr'>L.</span> 
     </span>
     <span class='ocr_line' id='line_1_12' title="bbox 95 873 1482 925; baseline 0.004 -14"><span class='ocrx_word' id='word_1_89' title='bbox 95 873 178 911; x_wconf 80' lang='lat' dir='ltr'>Vll.</span> <span class='ocrx_word' id='word_1_90' title='bbox 199 875 242 914; x_wconf 87' lang='grc'>4.</span> <span class='ocrx_word' id='word_1_91' title='bbox 272 881 309 911; x_wconf 87' lang='lat' dir='ltr'>et</span> <span class='ocrx_word' id='word_1_92' title='bbox 328 873 508 922; x_wconf 27' lang='lat' dir='ltr'>Cluv-erio</span> <span class='ocrx_word' id='word_1_93' title='bbox 529 875 659 922; x_wconf 87' lang='lat' dir='ltr'>Antiq.</span> <span class='ocrx_word' id='word_1_94' title='bbox 679 874 758 912; x_wconf 87' lang='lat' dir='ltr'>Sic.</span> <span class='ocrx_word' id='word_1_95' title='bbox 789 875 830 910; x_wconf 89' lang='lat' dir='ltr'>L.</span> <span class='ocrx_word' id='word_1_96' title='bbox 851 875 879 911; x_wconf 91' lang='lat'>1.</span> <span class='ocrx_word' id='word_1_97' title='bbox 901 887 936 923; x_wconf 89' lang='lat' dir='ltr'>p.</span> <span class='ocrx_word' id='word_1_98' title='bbox 965 877 1065 915; x_wconf 76' lang='lat'>180.</span> <span class='ocrx_word' id='word_1_99' title='bbox 1093 888 1314 925; x_wconf 78' lang='lat' dir='ltr'>cognosces.</span> <span class='ocrx_word' id='word_1_100' title='bbox 1346 877 1482 916; x_wconf 66' lang='lat' dir='ltr'>W&#39;lzss.</span> 
     </span>
    </p>

    <p class='ocr_par' dir='ltr' id='par_1_6' title="bbox 95 926 1545 1376">
     <span class='ocr_line' id='line_1_13' title="bbox 210 926 1542 982; baseline -0.001 -11"><span class='ocrx_word' id='word_1_101' title='bbox 210 931 315 971; x_wconf 84' lang='lat'>692·</span> <span class='ocrx_word' id='word_1_102' title='bbox 341 932 416 970; x_wconf 84' lang='lat'>21.</span> <span class='ocrx_word' id='word_1_103' title='bbox 441 926 663 976; x_wconf 72' lang='grc' dir='ltr'><em>Διονύσιος</em></span> <span class='ocrx_word' id='word_1_104' title='bbox 682 930 757 980; x_wconf 74' lang='grc' dir='ltr'>μὲν</span> <span class='ocrx_word' id='word_1_105' title='bbox 785 930 851 968; x_wconf 82' lang='grc' dir='ltr'>καὶ</span> <span class='ocrx_word' id='word_1_106' title='bbox 874 930 1118 982; x_wconf 75' lang='grc' dir='ltr'><em>Λεπτίνης]</em></span> <span class='ocrx_word' id='word_1_107' title='bbox 1151 931 1357 969; x_wconf 78' lang='lat' dir='ltr'>Mendosus</span> <span class='ocrx_word' id='word_1_108' title='bbox 1376 946 1458 969; x_wconf 82' lang='lat' dir='ltr'>esse</span> <span class='ocrx_word' id='word_1_109' title='bbox 1479 933 1542 970; x_wconf 85' lang='lat' dir='ltr'>hic</span> 
     </span>
     <span class='ocr_line' id='line_1_14' title="bbox 96 986 1542 1038; baseline 0.003 -16"><span class='ocrx_word' id='word_1_110' title='bbox 96 986 204 1023; x_wconf 88' lang='lat' dir='ltr'>locus</span> <span class='ocrx_word' id='word_1_111' title='bbox 225 987 402 1032; x_wconf 85' lang='lat' dir='ltr'>videtur,</span> <span class='ocrx_word' id='word_1_112' title='bbox 431 993 497 1023; x_wconf 89' lang='lat' dir='ltr'>aut</span> <span class='ocrx_word' id='word_1_113' title='bbox 528 987 569 1023; x_wconf 89' lang='lat' dir='ltr'>in</span> <span class='ocrx_word' id='word_1_114' title='bbox 598 1000 642 1023; x_wconf 92' lang='lat' dir='ltr'>eo</span> <span class='ocrx_word' id='word_1_115' title='bbox 671 989 815 1035; x_wconf 87' lang='lat' dir='ltr'>positus</span> <span class='ocrx_word' id='word_1_116' title='bbox 846 999 928 1022; x_wconf 89' lang='lat' dir='ltr'>esse</span> <span class='ocrx_word' id='word_1_117' title='bbox 960 989 1219 1024; x_wconf 81' lang='lat' dir='ltr'>nominativus</span> <span class='ocrx_word' id='word_1_118' title='bbox 1246 989 1443 1025; x_wconf 87' lang='lat' dir='ltr'>absolutus</span> <span class='ocrx_word' id='word_1_119' title='bbox 1473 1002 1542 1038; x_wconf 92' lang='lat' dir='ltr'>pro</span> 
     </span>
     <span class='ocr_line' id='line_1_15' title="bbox 95 1042 1543 1093; baseline 0.001 -15"><span class='ocrx_word' id='word_1_120' title='bbox 95 1045 270 1093; x_wconf 81' lang='lat' dir='ltr'>genitivo</span> <span class='ocrx_word' id='word_1_121' title='bbox 288 1042 485 1088; x_wconf 84' lang='lat' dir='ltr'>absoluto,</span> <span class='ocrx_word' id='word_1_122' title='bbox 510 1050 553 1078; x_wconf 89' lang='lat' dir='ltr'>ut</span> <span class='ocrx_word' id='word_1_123' title='bbox 574 1050 614 1078; x_wconf 87' lang='lat' dir='ltr'>et</span> <span class='ocrx_word' id='word_1_124' title='bbox 633 1043 736 1079; x_wconf 84' lang='lat' dir='ltr'>alibi.</span> <span class='ocrx_word' id='word_1_125' title='bbox 761 1042 914 1079; x_wconf 77' lang='lat' dir='ltr'>STEPH.</span> <span class='ocrx_word' id='word_1_126' title='bbox 950 1043 1058 1079; x_wconf 76' lang='lat' dir='ltr'>Nihil</span> <span class='ocrx_word' id='word_1_127' title='bbox 1085 1044 1328 1081; x_wconf 88' lang='lat' dir='ltr'>mutandum:</span> <span class='ocrx_word' id='word_1_128' title='bbox 1363 1045 1455 1081; x_wconf 89' lang='lat' dir='ltr'>haec</span> <span class='ocrx_word' id='word_1_129' title='bbox 1475 1047 1543 1082; x_wconf 74' lang='lat' dir='ltr'>al·-</span> 
     </span>
     <span class='ocr_line' id='line_1_16' title="bbox 96 1099 1543 1149; baseline 0.002 -14"><span class='ocrx_word' id='word_1_130' title='bbox 96 1100 244 1135; x_wconf 86' lang='lat' dir='ltr'>solutae</span> <span class='ocrx_word' id='word_1_131' title='bbox 263 1105 474 1135; x_wconf 77' lang='lat' dir='ltr'>structurae</span> <span class='ocrx_word' id='word_1_132' title='bbox 493 1099 635 1145; x_wconf 87' lang='lat' dir='ltr'>forma,</span> <span class='ocrx_word' id='word_1_133' title='bbox 663 1111 737 1148; x_wconf 89' lang='lat' dir='ltr'>qua</span> <span class='ocrx_word' id='word_1_134' title='bbox 757 1100 1018 1136; x_wconf 79' lang='lat' dir='ltr'>nominativus</span> <span class='ocrx_word' id='word_1_135' title='bbox 1036 1101 1199 1149; x_wconf 83' lang='lat' dir='ltr'>genitivi</span> <span class='ocrx_word' id='word_1_136' title='bbox 1221 1101 1347 1137; x_wconf 86' lang='lat' dir='ltr'>sedem</span> <span class='ocrx_word' id='word_1_137' title='bbox 1369 1109 1543 1149; x_wconf 82' lang='lat' dir='ltr'>occupat,</span> 
     </span>
     <span class='ocr_line' id='line_1_17' title="bbox 96 1154 1544 1205; baseline 0.002 -14"><span class='ocrx_word' id='word_1_138' title='bbox 96 1154 255 1191; x_wconf 87' lang='lat' dir='ltr'>Graecis</span> <span class='ocrx_word' id='word_1_139' title='bbox 278 1154 416 1203; x_wconf 90' lang='lat' dir='ltr'>oppido</span> <span class='ocrx_word' id='word_1_140' title='bbox 435 1156 638 1191; x_wconf 85' lang='lat' dir='ltr'>familiaris</span> <span class='ocrx_word' id='word_1_141' title='bbox 659 1162 728 1191; x_wconf 86' lang='lat' dir='ltr'>est.</span> <span class='ocrx_word' id='word_1_142' title='bbox 768 1154 954 1202; x_wconf 85' lang='lat' dir='ltr'>Exempla</span> <span class='ocrx_word' id='word_1_143' title='bbox 975 1157 1213 1205; x_wconf 83' lang='lat' dir='ltr'>collegerunt</span> <span class='ocrx_word' id='word_1_144' title='bbox 1238 1159 1314 1193; x_wconf 77' lang='lat' dir='ltr'>viri</span> <span class='ocrx_word' id='word_1_145' title='bbox 1339 1158 1544 1194; x_wconf 82' lang='lat' dir='ltr'>clarissimi</span> 
     </span>
     <span class='ocr_line' id='line_1_18' title="bbox 96 1209 1542 1260; baseline 0.002 -13"><span class='ocrx_word' id='word_1_146' title='bbox 96 1210 148 1247; x_wconf 91' lang='lat' dir='ltr'>Is.</span> <span class='ocrx_word' id='word_1_147' title='bbox 172 1209 418 1247; x_wconf 85' lang='lat' dir='ltr'>Casaubonus</span> <span class='ocrx_word' id='word_1_148' title='bbox 439 1211 486 1247; x_wconf 91' lang='lat' dir='ltr'>ad</span> <span class='ocrx_word' id='word_1_149' title='bbox 502 1210 685 1260; x_wconf 77' lang='lat' dir='ltr'>Polyaen.</span> <span class='ocrx_word' id='word_1_150' title='bbox 709 1210 736 1246; x_wconf 87' lang='lat'>1.</span> <span class='ocrx_word' id='word_1_151' title='bbox 763 1213 831 1250; x_wconf 87' lang='lat'>18.</span> <span class='ocrx_word' id='word_1_152' title='bbox 863 1217 900 1247; x_wconf 81' lang='lat' dir='ltr'>et</span> <span class='ocrx_word' id='word_1_153' title='bbox 920 1209 965 1247; x_wconf 90' lang='lat' dir='ltr'>T.</span> <span class='ocrx_word' id='word_1_154' title='bbox 986 1210 1298 1249; x_wconf 84' lang='lat' dir='ltr'>Hemsterhusius</span> <span class='ocrx_word' id='word_1_155' title='bbox 1322 1215 1362 1249; x_wconf 88' lang='lat' dir='ltr'>in</span> <span class='ocrx_word' id='word_1_156' title='bbox 1384 1213 1542 1250; x_wconf 87' lang='lat' dir='ltr'>Lucian.</span> 
     </span>
     <span class='ocr_line' id='line_1_19' title="bbox 97 1265 1544 1316; baseline 0.003 -13"><span class='ocrx_word' id='word_1_157' title='bbox 97 1265 378 1316; x_wconf 87' lang='lat' dir='ltr'>Contemplant.</span> <span class='ocrx_word' id='word_1_158' title='bbox 400 1279 433 1303; x_wconf 87' lang='lat' dir='ltr'>c.</span> <span class='ocrx_word' id='word_1_159' title='bbox 453 1269 515 1313; x_wconf 76' lang='grc'>2.,</span> <span class='ocrx_word' id='word_1_160' title='bbox 545 1269 747 1316; x_wconf 89' lang='lat' dir='ltr'>pluresque</span> <span class='ocrx_word' id='word_1_161' title='bbox 769 1268 856 1313; x_wconf 80' lang='lat' dir='ltr'>alii,</span> <span class='ocrx_word' id='word_1_162' title='bbox 884 1280 906 1303; x_wconf 90' lang='lat' dir='ltr'>a</span> <span class='ocrx_word' id='word_1_163' title='bbox 926 1268 1036 1303; x_wconf 90' lang='lat' dir='ltr'>nobis</span> <span class='ocrx_word' id='word_1_164' title='bbox 1064 1269 1139 1304; x_wconf 89' lang='lat' dir='ltr'>alio</span> <span class='ocrx_word' id='word_1_165' title='bbox 1161 1269 1245 1304; x_wconf 92' lang='lat' dir='ltr'>loco</span> <span class='ocrx_word' id='word_1_166' title='bbox 1268 1271 1438 1307; x_wconf 85' lang='lat' dir='ltr'>excitati.</span> <span class='ocrx_word' id='word_1_167' title='bbox 1485 1269 1544 1306; x_wconf 84' lang='lat' dir='ltr'>De</span> 
     </span>
     <span class='ocr_line' id='line_1_20' title="bbox 95 1321 1545 1376; baseline 0.003 -17"><span class='ocrx_word' id='word_1_168' title='bbox 95 1322 322 1369; x_wconf 87' lang='lat' dir='ltr'>Pharacida,</span> <span class='ocrx_word' id='word_1_169' title='bbox 349 1324 415 1371; x_wconf 88' lang='lat' dir='ltr'>qui</span> <span class='ocrx_word' id='word_1_170' title='bbox 437 1322 719 1359; x_wconf 87' lang='lat' dir='ltr'>Lacedaemone</span> <span class='ocrx_word' id='word_1_171' title='bbox 741 1321 934 1373; x_wconf 73' lang='lat' dir='ltr'>Dionysio</span> <span class='ocrx_word' id='word_1_172' title='bbox 954 1326 1147 1373; x_wconf 84' lang='lat' dir='ltr'>suppetias</span> <span class='ocrx_word' id='word_1_173' title='bbox 1171 1323 1351 1372; x_wconf 83' lang='lat' dir='ltr'>advenit,</span> <span class='ocrx_word' id='word_1_174' title='bbox 1381 1325 1545 1376; x_wconf 80' lang='lat' dir='ltr'>Polyae-</span> 
     </span>
    </p>
   </div>
   <div class='ocr_carea' id='block_1_3' title="bbox 34 1377 673 1421">
    <p class='ocr_par' dir='ltr' id='par_1_7' title="bbox 34 1377 673 1421">
     <span class='ocr_line' id='line_1_21' title="bbox 34 1377 673 1421; baseline -0.005 -4"><span class='ocrx_word' id='word_1_175' title='bbox 34 1419 36 1421; x_wconf 74' lang='grc'><strong>,</strong></span> <span class='ocrx_word' id='word_1_176' title='bbox 97 1390 172 1416; x_wconf 82' lang='lat' dir='ltr'>nus</span> <span class='ocrx_word' id='word_1_177' title='bbox 208 1377 327 1415; x_wconf 82' lang='lat' dir='ltr'>Sti-at.</span> <span class='ocrx_word' id='word_1_178' title='bbox 363 1378 411 1415; x_wconf 86' lang='lat'>11.</span> <span class='ocrx_word' id='word_1_179' title='bbox 439 1380 508 1418; x_wconf 89' lang='lat' dir='ltr'>ll.</span> <span class='ocrx_word' id='word_1_180' title='bbox 539 1378 673 1415; x_wconf 70' lang='lat' dir='ltr'>Wflss.</span> 
     </span>
    </p>
   </div>
   <div class='ocr_carea' id='block_1_4' title="bbox 93 1430 1546 2831">
    <p class='ocr_par' dir='ltr' id='par_1_8' title="bbox 93 1430 1546 2212">
     <span class='ocr_line' id='line_1_22' title="bbox 208 1430 1546 1488; baseline 0.001 -13"><span class='ocrx_word' id='word_1_181' title='bbox 208 1435 314 1475; x_wconf 88' lang='grc'><strong>692.</strong></span> <span class='ocrx_word' id='word_1_182' title='bbox 338 1435 411 1474; x_wconf 87' lang='grc'>33.</span> <span class='ocrx_word' id='word_1_183' title='bbox 443 1432 531 1480; x_wconf 81' lang='grc' dir='ltr'>Τὰς</span> <span class='ocrx_word' id='word_1_184' title='bbox 551 1429 1150 1486; x_wconf 66' lang='grc' dir='ltr'><em>αἰχμαλώτουςναῦςέιαψᾶμε</em></span> <span class='ocrx_word' id='word_1_185' title='bbox 1155 1438 1232 1482; x_wconf 83' lang='grc' dir='ltr'><strong>νοι]</strong></span> <span class='ocrx_word' id='word_1_186' title='bbox 1259 1434 1400 1473; x_wconf 87' lang='lat' dir='ltr'>Solet</span> <span class='ocrx_word' id='word_1_187' title='bbox 1379 1452 1428 1474; x_wconf 77' lang='lat' dir='ltr'>m</span> <span class='ocrx_word' id='word_1_188' title='bbox 1433 1433 1546 1488; x_wconf 74' lang='grc' dir='ltr'><strong>ιιψα-</strong></span> 
     </span>
     <span class='ocr_line' id='line_1_23' title="bbox 93 1488 1540 1543; baseline 0.003 -16"><span class='ocrx_word' id='word_1_189' title='bbox 93 1502 209 1539; x_wconf 83' lang='grc' dir='ltr'><em>μενοι</em></span> <span class='ocrx_word' id='word_1_190' title='bbox 239 1489 312 1528; x_wconf 86' lang='lat' dir='ltr'>hoc</span> <span class='ocrx_word' id='word_1_191' title='bbox 330 1503 403 1527; x_wconf 90' lang='lat' dir='ltr'>usu</span> <span class='ocrx_word' id='word_1_192' title='bbox 422 1497 556 1527; x_wconf 87' lang='lat' dir='ltr'>terere.</span> <span class='ocrx_word' id='word_1_193' title='bbox 596 1489 724 1539; x_wconf 84' lang='lat' dir='ltr'>Supra</span> <span class='ocrx_word' id='word_1_194' title='bbox 743 1489 784 1526; x_wconf 90' lang='lat' dir='ltr'>L.</span> <span class='ocrx_word' id='word_1_195' title='bbox 807 1490 918 1528; x_wconf 84' lang='lat' dir='ltr'>Xlll</span> <span class='ocrx_word' id='word_1_196' title='bbox 944 1494 1014 1531; x_wconf 87' lang='grc'>19.</span> <span class='ocrx_word' id='word_1_197' title='bbox 1049 1506 1087 1530; x_wconf 89' lang='grc' dir='ltr'><strong>οι</strong></span> <span class='ocrx_word' id='word_1_198' title='bbox 1117 1491 1160 1530; x_wconf 66' lang='lat' dir='ltr'>de*</span> <span class='ocrx_word' id='word_1_199' title='bbox 1190 1488 1465 1543; x_wconf 72' lang='grc' dir='ltr'><strong>Συρακούσιοι</strong></span> <span class='ocrx_word' id='word_1_200' title='bbox 1491 1515 1540 1521; x_wconf 77' lang='lat'>—-</span> 
     </span>
     <span class='ocr_line' id='line_1_24' title="bbox 93 1541 1542 1599; baseline 0.001 -16"><span class='ocrx_word' id='word_1_201' title='bbox 93 1543 170 1591; x_wconf 82' lang='grc' dir='ltr'>τὰς</span> <span class='ocrx_word' id='word_1_202' title='bbox 198 1548 299 1592; x_wconf 78' lang='grc' dir='ltr'><em>ναῦς</em></span> <span class='ocrx_word' id='word_1_203' title='bbox 320 1561 369 1585; x_wconf 86' lang='grc' dir='ltr'>αι</span> <span class='ocrx_word' id='word_1_204' title='bbox 373 1541 579 1596; x_wconf 75' lang='grc' dir='ltr'><strong>αψαιιειοι</strong></span> <span class='ocrx_word' id='word_1_205' title='bbox 611 1542 742 1597; x_wconf 76' lang='grc' dir='ltr'><em>κατή7</em></span> <span class='ocrx_word' id='word_1_206' title='bbox 744 1561 854 1598; x_wconf 90' lang='grc' dir='ltr'><em>α7ον.</em></span> <span class='ocrx_word' id='word_1_207' title='bbox 888 1555 925 1584; x_wconf 87' lang='lat' dir='ltr'>et</span> <span class='ocrx_word' id='word_1_208' title='bbox 953 1547 1022 1584; x_wconf 85' lang='lat' dir='ltr'>hoc</span> <span class='ocrx_word' id='word_1_209' title='bbox 1043 1548 1141 1584; x_wconf 90' lang='lat' dir='ltr'>libro</span> <span class='ocrx_word' id='word_1_210' title='bbox 1166 1561 1199 1586; x_wconf 88' lang='lat' dir='ltr'>c.</span> <span class='ocrx_word' id='word_1_211' title='bbox 1219 1550 1291 1588; x_wconf 87' lang='grc'>60.</span> <span class='ocrx_word' id='word_1_212' title='bbox 1324 1545 1542 1599; x_wconf 73' lang='grc' dir='ltr'><em>ἀνήψαιτο</em></span> 
     </span>
     <span class='ocr_line' id='line_1_25' title="bbox 93 1599 1546 1653; baseline 0.002 -14"><span class='ocrx_word' id='word_1_213' title='bbox 93 1599 171 1647; x_wconf 80' lang='grc' dir='ltr'>τὰς</span> <span class='ocrx_word' id='word_1_214' title='bbox 188 1598 477 1652; x_wconf 67' lang='grc' dir='ltr'><em>αἰχμαὶωτοις</em></span> <span class='ocrx_word' id='word_1_215' title='bbox 497 1604 610 1647; x_wconf 76' lang='grc' dir='ltr'><strong>ναῦς.</strong></span> <span class='ocrx_word' id='word_1_216' title='bbox 647 1602 771 1651; x_wconf 88' lang='lat' dir='ltr'>Atque</span> <span class='ocrx_word' id='word_1_217' title='bbox 791 1605 845 1639; x_wconf 89' lang='lat' dir='ltr'>ita</span> <span class='ocrx_word' id='word_1_218' title='bbox 865 1603 910 1639; x_wconf 85' lang='lat' dir='ltr'>de</span> <span class='ocrx_word' id='word_1_219' title='bbox 938 1604 1124 1650; x_wconf 79' lang='lat' dir='ltr'>navibus,</span> <span class='ocrx_word' id='word_1_220' title='bbox 1155 1615 1249 1651; x_wconf 86' lang='lat' dir='ltr'>quae</span> <span class='ocrx_word' id='word_1_221' title='bbox 1270 1612 1400 1653; x_wconf 87' lang='lat' dir='ltr'>captae</span> <span class='ocrx_word' id='word_1_222' title='bbox 1425 1613 1463 1641; x_wconf 89' lang='lat' dir='ltr'>et</span> <span class='ocrx_word' id='word_1_223' title='bbox 1482 1607 1546 1642; x_wconf 88' lang='lat' dir='ltr'>fu-</span> 
     </span>
     <span class='ocr_line' id='line_1_26' title="bbox 94 1657 1545 1707; baseline 0.003 -13"><span class='ocrx_word' id='word_1_224' title='bbox 94 1658 209 1695; x_wconf 85' lang='lat' dir='ltr'>nibus</span> <span class='ocrx_word' id='word_1_225' title='bbox 237 1671 286 1694; x_wconf 85' lang='lat' dir='ltr'>ex</span> <span class='ocrx_word' id='word_1_226' title='bbox 307 1659 394 1695; x_wconf 85' lang='lat' dir='ltr'>aliis</span> <span class='ocrx_word' id='word_1_227' title='bbox 421 1665 531 1707; x_wconf 85' lang='lat' dir='ltr'>aptae</span> <span class='ocrx_word' id='word_1_228' title='bbox 562 1657 778 1695; x_wconf 88' lang='lat' dir='ltr'>trahuntur.</span> <span class='ocrx_word' id='word_1_229' title='bbox 819 1659 906 1695; x_wconf 80' lang='lat' dir='ltr'>Alia</span> <span class='ocrx_word' id='word_1_230' title='bbox 935 1666 1102 1707; x_wconf 89' lang='lat' dir='ltr'>potestas</span> <span class='ocrx_word' id='word_1_231' title='bbox 1132 1667 1192 1696; x_wconf 89' lang='lat' dir='ltr'>est</span> <span class='ocrx_word' id='word_1_232' title='bbox 1211 1661 1253 1696; x_wconf 90' lang='lat' dir='ltr'>in</span> <span class='ocrx_word' id='word_1_233' title='bbox 1282 1659 1340 1696; x_wconf 85' lang='lat' dir='ltr'>his</span> <span class='ocrx_word' id='word_1_234' title='bbox 1369 1660 1545 1698; x_wconf 85' lang='lat' dir='ltr'>Philonis</span> 
     </span>
     <span class='ocr_line' id='line_1_27' title="bbox 94 1712 1545 1765; baseline 0.004 -15"><span class='ocrx_word' id='word_1_235' title='bbox 94 1712 179 1752; x_wconf 83' lang='lat' dir='ltr'>lud.</span> <span class='ocrx_word' id='word_1_236' title='bbox 201 1713 247 1750; x_wconf 91' lang='lat' dir='ltr'>de</span> <span class='ocrx_word' id='word_1_237' title='bbox 270 1714 359 1765; x_wconf 87' lang='lat' dir='ltr'>Leg.</span> <span class='ocrx_word' id='word_1_238' title='bbox 388 1714 436 1750; x_wconf 89' lang='lat' dir='ltr'>ad</span> <span class='ocrx_word' id='word_1_239' title='bbox 457 1712 535 1751; x_wconf 89' lang='lat' dir='ltr'>Cai.</span> <span class='ocrx_word' id='word_1_240' title='bbox 557 1726 592 1762; x_wconf 92' lang='lat' dir='ltr'>p.</span> <span class='ocrx_word' id='word_1_241' title='bbox 616 1716 749 1754; x_wconf 87' lang='lat'>1012.</span> <span class='ocrx_word' id='word_1_242' title='bbox 768 1713 812 1753; x_wconf 89' lang='lat' dir='ltr'>C.</span> <span class='ocrx_word' id='word_1_243' title='bbox 851 1714 1029 1752; x_wconf 86' lang='lat' dir='ltr'>Tiberius</span> <span class='ocrx_word' id='word_1_244' title='bbox 1058 1714 1152 1765; x_wconf 75' lang='grc' dir='ltr'>τρία</span> <span class='ocrx_word' id='word_1_245' title='bbox 1181 1713 1284 1764; x_wconf 78' lang='grc' dir='ltr'><em>πρὸς</em></span> <span class='ocrx_word' id='word_1_246' title='bbox 1312 1721 1398 1762; x_wconf 79' lang='grc' dir='ltr'><em>τοῖς</em></span> <span class='ocrx_word' id='word_1_247' title='bbox 1419 1716 1545 1756; x_wconf 62' lang='grc' dir='ltr'><em>εἴκοσι</em></span> 
     </span>
     <span class='ocr_line' id='line_1_28' title="bbox 96 1766 1542 1822; baseline 0.001 -14"><span class='ocrx_word' id='word_1_248' title='bbox 96 1766 166 1821; x_wconf 71' lang='grc' dir='ltr'>ἴτη</span> <span class='ocrx_word' id='word_1_249' title='bbox 187 1772 262 1822; x_wconf 77' lang='grc' dir='ltr'>γῆς</span> <span class='ocrx_word' id='word_1_250' title='bbox 292 1769 361 1809; x_wconf 82' lang='grc' dir='ltr'>καὶ</span> <span class='ocrx_word' id='word_1_251' title='bbox 393 1767 507 1808; x_wconf 54' lang='lat' dir='ltr'>&amp;ais</span> <span class='ocrx_word' id='word_1_252' title='bbox 471 1784 610 1821; x_wconf 76' lang='grc' dir='ltr'><em>αττης</em></span> <span class='ocrx_word' id='word_1_253' title='bbox 635 1766 905 1820; x_wconf 80' lang='grc' dir='ltr'><em>ἀναψάμενος</em></span> <span class='ocrx_word' id='word_1_254' title='bbox 935 1768 981 1810; x_wconf 83' lang='grc' dir='ltr'>τὸ</span> <span class='ocrx_word' id='word_1_255' title='bbox 1015 1768 1178 1822; x_wconf 77' lang='grc' dir='ltr'><strong>κράτος.</strong></span> <span class='ocrx_word' id='word_1_256' title='bbox 1215 1772 1318 1808; x_wconf 89' lang='lat' dir='ltr'>etde</span> <span class='ocrx_word' id='word_1_257' title='bbox 1340 1771 1428 1809; x_wconf 87' lang='lat' dir='ltr'>Rer.</span> <span class='ocrx_word' id='word_1_258' title='bbox 1450 1772 1542 1813; x_wconf 84' lang='lat' dir='ltr'>Div</span> 
     </span>
     <span class='ocr_line' id='line_1_29' title="bbox 94 1823 1544 1893; baseline 0.004 -31"><span class='ocrx_word' id='word_1_259' title='bbox 94 1825 237 1863; x_wconf 90' lang='lat' dir='ltr'>Hered.</span> <span class='ocrx_word' id='word_1_260' title='bbox 268 1839 303 1876; x_wconf 88' lang='lat' dir='ltr'>p.</span> <span class='ocrx_word' id='word_1_261' title='bbox 324 1827 432 1891; x_wconf 81' lang='grc'><strong>482.</strong></span> <span class='ocrx_word' id='word_1_262' title='bbox 452 1824 493 1862; x_wconf 90' lang='lat' dir='ltr'>C.</span> <span class='ocrx_word' id='word_1_263' title='bbox 523 1840 554 1864; x_wconf 84' lang='grc' dir='ltr'><strong>ει</strong></span> <span class='ocrx_word' id='word_1_264' title='bbox 582 1829 656 1864; x_wconf 84' lang='grc' dir='ltr'>τοῦ</span> <span class='ocrx_word' id='word_1_265' title='bbox 687 1824 842 1872; x_wconf 80' lang='grc' dir='ltr'><em>παντὸς</em></span> <span class='ocrx_word' id='word_1_266' title='bbox 874 1823 1142 1893; x_wconf 53' lang='grc' dir='ltr'><em>ἀνθρώπωνΑ</em></span> <span class='ocrx_word' id='word_1_267' title='bbox 1130 1825 1270 1878; x_wconf 70' lang='grc' dir='ltr'><em>γεἰους</em></span> <span class='ocrx_word' id='word_1_268' title='bbox 1292 1827 1435 1877; x_wconf 52' lang='lat' dir='ltr'>estaol).</span> <span class='ocrx_word' id='word_1_269' title='bbox 1440 1844 1544 1876; x_wconf 76' lang='grc' dir='ltr'><em>εισε,</em></span> 
     </span>
     <span class='ocr_line' id='line_1_30' title="bbox 95 1858 1543 1937; baseline 0.001 -16"><span class='ocrx_word' id='word_1_270' title='bbox 95 1879 143 1921; x_wconf 82' lang='grc' dir='ltr'>τὸ</span> <span class='ocrx_word' id='word_1_271' title='bbox 176 1885 253 1933; x_wconf 82' lang='grc' dir='ltr'>τῆς</span> <span class='ocrx_word' id='word_1_272' title='bbox 291 1885 366 1934; x_wconf 77' lang='grc' dir='ltr'>γῆς</span> <span class='ocrx_word' id='word_1_273' title='bbox 396 1876 502 1932; x_wconf 81' lang='grc' dir='ltr'><em>ὁμοῦ</em></span> <span class='ocrx_word' id='word_1_274' title='bbox 535 1881 602 1920; x_wconf 85' lang='grc' dir='ltr'>καὶ</span> <span class='ocrx_word' id='word_1_275' title='bbox 632 1878 849 1934; x_wconf 71' lang='grc' dir='ltr'>θαὶάττης</span> <span class='ocrx_word' id='word_1_276' title='bbox 877 1858 1147 1932; x_wconf 77' lang='grc' dir='ltr'><em>ἀναψάμενος</em></span> <span class='ocrx_word' id='word_1_277' title='bbox 1183 1881 1337 1922; x_wconf 79' lang='grc' dir='ltr'><strong>ἀκοιιτὶ</strong></span> <span class='ocrx_word' id='word_1_278' title='bbox 1381 1882 1543 1937; x_wconf 68' lang='grc' dir='ltr'><strong>κράτος.</strong></span> 
     </span>
     <span class='ocr_line' id='line_1_31' title="bbox 94 1937 1544 2003; baseline 0.002 -29"><span class='ocrx_word' id='word_1_279' title='bbox 94 1937 307 1988; x_wconf 84' lang='lat' dir='ltr'>Imperium</span> <span class='ocrx_word' id='word_1_280' title='bbox 320 1938 549 1984; x_wconf 76' lang='lat' dir='ltr'>indicatur,</span> <span class='ocrx_word' id='word_1_281' title='bbox 578 1949 652 1986; x_wconf 89' lang='lat' dir='ltr'>quo</span> <span class='ocrx_word' id='word_1_282' title='bbox 679 1951 806 1975; x_wconf 88' lang='lat' dir='ltr'>rerum</span> <span class='ocrx_word' id='word_1_283' title='bbox 836 1951 982 1975; x_wconf 89' lang='lat' dir='ltr'>summa</span> <span class='ocrx_word' id='word_1_284' title='bbox 1008 1951 1061 2003; x_wconf 75' lang='lat' dir='ltr'>exc</span> <span class='ocrx_word' id='word_1_285' title='bbox 1084 1940 1210 1988; x_wconf 88' lang='lat' dir='ltr'>aliquo</span> <span class='ocrx_word' id='word_1_286' title='bbox 1240 1940 1392 1988; x_wconf 86' lang='lat' dir='ltr'>pendet.</span> <span class='ocrx_word' id='word_1_287' title='bbox 1433 1940 1544 1978; x_wconf 89' lang='lat' dir='ltr'>Unde</span> 
     </span>
     <span class='ocr_line' id='line_1_32' title="bbox 94 1990 1545 2046; baseline 0.001 -13"><span class='ocrx_word' id='word_1_288' title='bbox 94 1991 327 2045; x_wconf 79' lang='grc' dir='ltr'><em>ἀνημμένος</em></span> <span class='ocrx_word' id='word_1_289' title='bbox 345 1992 422 2046; x_wconf 74' lang='grc' dir='ltr'>τὴν</span> <span class='ocrx_word' id='word_1_290' title='bbox 451 1991 582 2044; x_wconf 68' lang='grc' dir='ltr'><em>ἀρχὴν</em></span> <span class='ocrx_word' id='word_1_291' title='bbox 610 2001 649 2030; x_wconf 84' lang='lat' dir='ltr'>et</span> <span class='ocrx_word' id='word_1_292' title='bbox 677 1991 838 2044; x_wconf 79' lang='grc' dir='ltr'><strong>ἀνηιιιι·</strong></span> <span class='ocrx_word' id='word_1_293' title='bbox 834 1993 911 2040; x_wconf 86' lang='grc' dir='ltr'>ἰος</span> <span class='ocrx_word' id='word_1_294' title='bbox 932 1992 1007 2045; x_wconf 64' lang='grc' dir='ltr'>τὴν</span> <span class='ocrx_word' id='word_1_295' title='bbox 1040 1990 1282 2045; x_wconf 72' lang='grc' dir='ltr'><strong>η7ειιοιιάι,</strong></span> <span class='ocrx_word' id='word_1_296' title='bbox 1315 1998 1377 2032; x_wconf 90' lang='lat' dir='ltr'>cui</span> <span class='ocrx_word' id='word_1_297' title='bbox 1399 2010 1545 2034; x_wconf 88' lang='lat' dir='ltr'>summa</span> 
     </span>
     <span class='ocr_line' id='line_1_33' title="bbox 94 2050 1544 2100; baseline 0.001 -12"><span class='ocrx_word' id='word_1_298' title='bbox 94 2051 248 2100; x_wconf 88' lang='lat' dir='ltr'>imperii</span> <span class='ocrx_word' id='word_1_299' title='bbox 274 2050 453 2088; x_wconf 84' lang='lat' dir='ltr'>mandata</span> <span class='ocrx_word' id='word_1_300' title='bbox 477 2058 554 2096; x_wconf 79' lang='lat' dir='ltr'>est,</span> <span class='ocrx_word' id='word_1_301' title='bbox 581 2050 682 2099; x_wconf 85' lang='lat' dir='ltr'>apud</span> <span class='ocrx_word' id='word_1_302' title='bbox 715 2051 876 2087; x_wconf 88' lang='lat' dir='ltr'>eundem</span> <span class='ocrx_word' id='word_1_303' title='bbox 902 2052 1135 2100; x_wconf 86' lang='lat' dir='ltr'>saepissime.</span> <span class='ocrx_word' id='word_1_304' title='bbox 1187 2050 1282 2087; x_wconf 90' lang='lat' dir='ltr'>Vide</span> <span class='ocrx_word' id='word_1_305' title='bbox 1312 2051 1468 2089; x_wconf 90' lang='lat' dir='ltr'>Librum</span> <span class='ocrx_word' id='word_1_306' title='bbox 1498 2053 1544 2090; x_wconf 90' lang='lat' dir='ltr'>de</span> 
     </span>
     <span class='ocr_line' id='line_1_34' title="bbox 94 2104 1542 2157; baseline 0.001 -14"><span class='ocrx_word' id='word_1_307' title='bbox 94 2105 244 2155; x_wconf 88' lang='lat' dir='ltr'>Ioseph.</span> <span class='ocrx_word' id='word_1_308' title='bbox 276 2119 312 2155; x_wconf 89' lang='lat' dir='ltr'>p.</span> <span class='ocrx_word' id='word_1_309' title='bbox 339 2107 444 2146; x_wconf 87' lang='grc'>530</span> <span class='ocrx_word' id='word_1_310' title='bbox 469 2105 515 2142; x_wconf 92' lang='grc' dir='ltr'><strong>Ε</strong></span> <span class='ocrx_word' id='word_1_311' title='bbox 552 2105 644 2156; x_wconf 88' lang='lat' dir='ltr'>Leg</span> <span class='ocrx_word' id='word_1_312' title='bbox 675 2104 754 2144; x_wconf 90' lang='lat' dir='ltr'>Cai.</span> <span class='ocrx_word' id='word_1_313' title='bbox 785 2119 822 2156; x_wconf 90' lang='lat' dir='ltr'>p.</span> <span class='ocrx_word' id='word_1_314' title='bbox 852 2108 988 2146; x_wconf 88' lang='lat'>1019.</span> <span class='ocrx_word' id='word_1_315' title='bbox 1017 2105 1066 2143; x_wconf 86' lang='lat' dir='ltr'>D.</span> <span class='ocrx_word' id='word_1_316' title='bbox 1099 2113 1136 2144; x_wconf 88' lang='lat' dir='ltr'>et</span> <span class='ocrx_word' id='word_1_317' title='bbox 1164 2109 1207 2144; x_wconf 89' lang='lat' dir='ltr'>in</span> <span class='ocrx_word' id='word_1_318' title='bbox 1235 2106 1542 2157; x_wconf 84' lang='lat' dir='ltr'>Euseb.‘Praep.</span> 
     </span>
     <span class='ocr_line' id='line_1_35' title="bbox 95 2160 945 2212; baseline -0.002 -12"><span class='ocrx_word' id='word_1_319' title='bbox 95 2162 524 2212; x_wconf 59' lang='lat' dir='ltr'>Evang.1..v.11[.14</span> <span class='ocrx_word' id='word_1_320' title='bbox 546 2174 582 2210; x_wconf 87' lang='lat' dir='ltr'>p</span> <span class='ocrx_word' id='word_1_321' title='bbox 606 2163 710 2202; x_wconf 88' lang='grc'>386</span> <span class='ocrx_word' id='word_1_322' title='bbox 738 2160 778 2198; x_wconf 91' lang='lat' dir='ltr'>C.</span> <span class='ocrx_word' id='word_1_323' title='bbox 808 2163 945 2199; x_wconf 77' lang='lat' dir='ltr'>WEss.</span> 
     </span>
    </p>

    <p class='ocr_par' dir='ltr' id='par_1_9' title="bbox 213 2215 1541 2270">
     <span class='ocr_line' id='line_1_36' title="bbox 213 2215 1541 2270; baseline 0 -13"><span class='ocrx_word' id='word_1_324' title='bbox 213 2219 319 2258; x_wconf 91' lang='grc'><strong>692.</strong></span> <span class='ocrx_word' id='word_1_325' title='bbox 342 2219 417 2258; x_wconf 90' lang='grc'><strong>41.</strong></span> <span class='ocrx_word' id='word_1_326' title='bbox 439 2218 573 2256; x_wconf 82' lang='grc' dir='ltr'><em>Ἰ-Ισαν</em></span> <span class='ocrx_word' id='word_1_327' title='bbox 593 2215 922 2270; x_wconf 54' lang='grc' dir='ltr'><strong>αγιοπλισιιέιοι]</strong></span> <span class='ocrx_word' id='word_1_328' title='bbox 952 2217 1063 2255; x_wconf 85' lang='lat' dir='ltr'>conf</span> <span class='ocrx_word' id='word_1_329' title='bbox 1081 2220 1255 2266; x_wconf 84' lang='lat' dir='ltr'>superius</span> <span class='ocrx_word' id='word_1_330' title='bbox 1277 2220 1541 2259; x_wconf 71' lang='lat' dir='ltr'>c.10.Wnss.</span> 
     </span>
    </p>

    <p class='ocr_par' dir='ltr' id='par_1_10' title="bbox 94 2272 1545 2827">
     <span class='ocr_line' id='line_1_37' title="bbox 210 2272 1545 2326; baseline -0.001 -12"><span class='ocrx_word' id='word_1_331' title='bbox 210 2275 317 2315; x_wconf 87' lang='grc'><strong>693.</strong></span> <span class='ocrx_word' id='word_1_332' title='bbox 341 2275 413 2315; x_wconf 87' lang='grc'>58</span> <span class='ocrx_word' id='word_1_333' title='bbox 451 2273 718 2326; x_wconf 72' lang='grc' dir='ltr'><em>Ληᾳθέντας</em></span> <span class='ocrx_word' id='word_1_334' title='bbox 739 2272 817 2326; x_wconf 81' lang='grc' dir='ltr'><em>7ὰρ</em></span> <span class='ocrx_word' id='word_1_335' title='bbox 837 2273 934 2326; x_wconf 90' lang='lat' dir='ltr'>etc.]</span> <span class='ocrx_word' id='word_1_336' title='bbox 976 2274 1146 2311; x_wconf 87' lang='lat' dir='ltr'>Omnino</span> <span class='ocrx_word' id='word_1_337' title='bbox 1174 2287 1329 2312; x_wconf 82' lang='lat' dir='ltr'>necesse</span> <span class='ocrx_word' id='word_1_338' title='bbox 1361 2284 1419 2313; x_wconf 89' lang='lat' dir='ltr'>est</span> <span class='ocrx_word' id='word_1_339' title='bbox 1450 2280 1545 2313; x_wconf 84' lang='lat' dir='ltr'>scri-</span> 
     </span>
     <span class='ocr_line' id='line_1_38' title="bbox 97 2328 1545 2383; baseline 0.002 -16"><span class='ocrx_word' id='word_1_340' title='bbox 97 2329 189 2367; x_wconf 85' lang='lat' dir='ltr'>bere</span> <span class='ocrx_word' id='word_1_341' title='bbox 217 2328 467 2383; x_wconf 75' lang='grc' dir='ltr'>λειφθέντας</span> <span class='ocrx_word' id='word_1_342' title='bbox 494 2343 560 2378; x_wconf 89' lang='lat' dir='ltr'>per</span> <span class='ocrx_word' id='word_1_343' title='bbox 589 2345 642 2377; x_wconf 78' lang='grc' dir='ltr'><strong>ει,</strong></span> <span class='ocrx_word' id='word_1_344' title='bbox 679 2330 719 2366; x_wconf 89' lang='lat' dir='ltr'>id</span> <span class='ocrx_word' id='word_1_345' title='bbox 749 2338 807 2366; x_wconf 89' lang='lat' dir='ltr'>est</span> <span class='ocrx_word' id='word_1_346' title='bbox 834 2329 1102 2381; x_wconf 71' lang='grc' dir='ltr'><em>νικηθέντας,</em></span> <span class='ocrx_word' id='word_1_347' title='bbox 1133 2333 1270 2368; x_wconf 78' lang='lat' dir='ltr'>victos.</span> <span class='ocrx_word' id='word_1_348' title='bbox 1317 2330 1384 2368; x_wconf 82' lang='lat' dir='ltr'>Sic</span> <span class='ocrx_word' id='word_1_349' title='bbox 1415 2340 1545 2370; x_wconf 81' lang='lat' dir='ltr'>autem</span> 
     </span>
     <span class='ocr_line' id='line_1_39' title="bbox 97 2385 1541 2440; baseline 0 -16"><span class='ocrx_word' id='word_1_350' title='bbox 97 2398 209 2434; x_wconf 85' lang='lat' dir='ltr'>saepe</span> <span class='ocrx_word' id='word_1_351' title='bbox 240 2394 398 2435; x_wconf 86' lang='lat' dir='ltr'>usurpat</span> <span class='ocrx_word' id='word_1_352' title='bbox 425 2385 641 2424; x_wconf 69' lang='grc' dir='ltr'><em>λείπεσθαι</em></span> <span class='ocrx_word' id='word_1_353' title='bbox 675 2392 713 2422; x_wconf 88' lang='lat' dir='ltr'>et</span> <span class='ocrx_word' id='word_1_354' title='bbox 747 2388 827 2423; x_wconf 88' lang='lat' dir='ltr'>eius</span> <span class='ocrx_word' id='word_1_355' title='bbox 849 2389 1090 2436; x_wconf 87' lang='lat' dir='ltr'>participium</span> <span class='ocrx_word' id='word_1_356' title='bbox 1116 2388 1310 2440; x_wconf 74' lang='grc' dir='ltr'><strong>λειφθείς.</strong></span> <span class='ocrx_word' id='word_1_357' title='bbox 1338 2395 1381 2424; x_wconf 86' lang='lat' dir='ltr'>ut</span> <span class='ocrx_word' id='word_1_358' title='bbox 1408 2402 1441 2437; x_wconf 89' lang='lat' dir='ltr'>p.</span> <span class='ocrx_word' id='word_1_359' title='bbox 1467 2389 1541 2428; x_wconf 85' lang='grc'>61.</span> 
     </span>
     <span class='ocr_line' id='line_1_40' title="bbox 95 2437 1544 2510; baseline 0.001 -30"><span class='ocrx_word' id='word_1_360' title='bbox 95 2438 440 2510; x_wconf 77' lang='grc' dir='ltr'><em>παραταξάμενος</em></span> <span class='ocrx_word' id='word_1_361' title='bbox 458 2438 594 2488; x_wconf 41' lang='grc' dir='ltr'><strong>ἄξιοὶ]</strong></span> <span class='ocrx_word' id='word_1_362' title='bbox 562 2456 656 2495; x_wconf 74' lang='grc' dir='ltr'><em>,ο7ω</em></span> <span class='ocrx_word' id='word_1_363' title='bbox 678 2437 846 2493; x_wconf 76' lang='grc' dir='ltr'>δυνάμει</span> <span class='ocrx_word' id='word_1_364' title='bbox 872 2442 939 2481; x_wconf 82' lang='grc' dir='ltr'>καὶ</span> <span class='ocrx_word' id='word_1_365' title='bbox 959 2442 1157 2494; x_wconf 73' lang='grc' dir='ltr'><em>λειφθεὶς,</em></span> <span class='ocrx_word' id='word_1_366' title='bbox 1174 2445 1257 2481; x_wconf 83' lang='grc' dir='ltr'>τῶν</span> <span class='ocrx_word' id='word_1_367' title='bbox 1277 2457 1319 2481; x_wconf 83' lang='grc' dir='ltr'>τε</span> <span class='ocrx_word' id='word_1_368' title='bbox 1343 2457 1544 2508; x_wconf 72' lang='grc' dir='ltr'><strong>στρατιω-</strong></span> 
     </span>
     <span class='ocr_line' id='line_1_41' title="bbox 96 2495 1543 2547; baseline -0.001 -9"><span class='ocrx_word' id='word_1_369' title='bbox 96 2500 182 2538; x_wconf 84' lang='grc' dir='ltr'>τῶν</span> <span class='ocrx_word' id='word_1_370' title='bbox 202 2495 301 2544; x_wconf 73' lang='grc' dir='ltr'><em>τοὺς</em></span> <span class='ocrx_word' id='word_1_371' title='bbox 326 2498 542 2547; x_wconf 85' lang='grc' dir='ltr'><em>πλείστους</em></span> <span class='ocrx_word' id='word_1_372' title='bbox 571 2495 770 2547; x_wconf 73' lang='grc' dir='ltr'><em>ἀπέβαλε,</em></span> <span class='ocrx_word' id='word_1_373' title='bbox 797 2497 865 2536; x_wconf 86' lang='grc' dir='ltr'>καὶ</span> <span class='ocrx_word' id='word_1_374' title='bbox 885 2495 1010 2544; x_wconf 79' lang='grc' dir='ltr'><em>αὐτὸς</em></span> <span class='ocrx_word' id='word_1_375' title='bbox 1031 2496 1136 2547; x_wconf 82' lang='grc' dir='ltr'><em>μετὰ</em></span> <span class='ocrx_word' id='word_1_376' title='bbox 1165 2497 1317 2538; x_wconf 75' lang='grc' dir='ltr'><em>τέκνων</em></span> <span class='ocrx_word' id='word_1_377' title='bbox 1342 2495 1445 2537; x_wconf 71' lang='grc' dir='ltr'><em>ἔπτὰ</em></span> <span class='ocrx_word' id='word_1_378' title='bbox 1474 2499 1543 2537; x_wconf 81' lang='grc' dir='ltr'>καὶ</span> 
     </span>
     <span class='ocr_line' id='line_1_42' title="bbox 95 2549 1542 2608; baseline -0.001 -16"><span class='ocrx_word' id='word_1_379' title='bbox 95 2550 286 2608; x_wconf 72' lang='grc' dir='ltr'><em>γυναικὸς</em></span> <span class='ocrx_word' id='word_1_380' title='bbox 310 2549 569 2605; x_wconf 77' lang='grc' dir='ltr'><em>αἰχμάλωτος</em></span> <span class='ocrx_word' id='word_1_381' title='bbox 598 2552 777 2606; x_wconf 72' lang='grc' dir='ltr'><em>ληφθεὶς</em></span> <span class='ocrx_word' id='word_1_382' title='bbox 805 2551 1118 2605; x_wconf 74' lang='grc' dir='ltr'><strong>ἀνεσταυρώθη.</strong></span> <span class='ocrx_word' id='word_1_383' title='bbox 1159 2553 1249 2591; x_wconf 89' lang='lat' dir='ltr'>Non</span> <span class='ocrx_word' id='word_1_384' title='bbox 1279 2556 1394 2591; x_wconf 88' lang='lat' dir='ltr'>semel</span> <span class='ocrx_word' id='word_1_385' title='bbox 1414 2561 1542 2592; x_wconf 87' lang='lat' dir='ltr'>autem</span> 
     </span>
     <span class='ocr_line' id='line_1_43' title="bbox 96 2605 1543 2663; baseline -0.001 -14"><span class='ocrx_word' id='word_1_386' title='bbox 96 2609 277 2663; x_wconf 75' lang='grc' dir='ltr'><em>ληφθεὶς</em></span> <span class='ocrx_word' id='word_1_387' title='bbox 295 2623 364 2660; x_wconf 90' lang='lat' dir='ltr'>pro</span> <span class='ocrx_word' id='word_1_388' title='bbox 391 2609 576 2661; x_wconf 70' lang='grc' dir='ltr'><em>λειφθεὶς</em></span> <span class='ocrx_word' id='word_1_389' title='bbox 603 2605 785 2647; x_wconf 83' lang='lat' dir='ltr'>mendose</span> <span class='ocrx_word' id='word_1_390' title='bbox 805 2611 848 2647; x_wconf 88' lang='lat' dir='ltr'>in</span> <span class='ocrx_word' id='word_1_391' title='bbox 879 2611 1158 2660; x_wconf 82' lang='lat' dir='ltr'>exemplaribus</span> <span class='ocrx_word' id='word_1_392' title='bbox 1186 2613 1332 2647; x_wconf 85' lang='lat' dir='ltr'>nostris</span> <span class='ocrx_word' id='word_1_393' title='bbox 1358 2614 1543 2660; x_wconf 84' lang='lat' dir='ltr'>scriptum</span> 
     </span>
     <span class='ocr_line' id='line_1_44' title="bbox 94 2663 1540 2718; baseline -0.001 -14"><span class='ocrx_word' id='word_1_394' title='bbox 94 2668 183 2705; x_wconf 87' lang='lat' dir='ltr'>fuit.</span> <span class='ocrx_word' id='word_1_395' title='bbox 214 2664 370 2703; x_wconf 76' lang='lat' dir='ltr'>STEPH.</span> <span class='ocrx_word' id='word_1_396' title='bbox 391 2674 429 2703; x_wconf 91' lang='lat' dir='ltr'>et</span> <span class='ocrx_word' id='word_1_397' title='bbox 446 2664 582 2702; x_wconf 79' lang='lat' dir='ltr'>Ruon.</span> <span class='ocrx_word' id='word_1_398' title='bbox 609 2663 882 2718; x_wconf 73' lang='grc' dir='ltr'><em>Λειφθέντας</em></span> <span class='ocrx_word' id='word_1_399' title='bbox 903 2663 980 2718; x_wconf 75' lang='grc' dir='ltr'>γὰρ</span> <span class='ocrx_word' id='word_1_400' title='bbox 1003 2665 1303 2717; x_wconf 72' lang='grc' dir='ltr'><em>Καρχηδονίων</em></span> <span class='ocrx_word' id='word_1_401' title='bbox 1324 2664 1424 2718; x_wconf 88' lang='lat' dir='ltr'>etc.]</span> <span class='ocrx_word' id='word_1_402' title='bbox 1463 2665 1540 2703; x_wconf 87' lang='lat' dir='ltr'>Re-</span> 
     </span>
     <span class='ocr_line' id='line_1_45' title="bbox 97 2721 1539 2788; baseline -0.001 -28"><span class='ocrx_word' id='word_1_403' title='bbox 97 2723 235 2770; x_wconf 88' lang='lat' dir='ltr'>scripsi</span> <span class='ocrx_word' id='word_1_404' title='bbox 253 2721 302 2759; x_wconf 85' lang='lat' dir='ltr'>ad</span> <span class='ocrx_word' id='word_1_405' title='bbox 321 2721 422 2760; x_wconf 87' lang='lat' dir='ltr'>hunc</span> <span class='ocrx_word' id='word_1_406' title='bbox 439 2721 613 2759; x_wconf 89' lang='lat' dir='ltr'>modum·</span> <span class='ocrx_word' id='word_1_407' title='bbox 639 2723 828 2769; x_wconf 88' lang='lat' dir='ltr'>posterius</span> <span class='ocrx_word' id='word_1_408' title='bbox 846 2735 894 2759; x_wconf 86' lang='lat' dir='ltr'>ex</span> <span class='ocrx_word' id='word_1_409' title='bbox 914 2721 1031 2760; x_wconf 89' lang='lat' dir='ltr'>Codd.</span> <span class='ocrx_word' id='word_1_410' title='bbox 1052 2724 1210 2788; x_wconf 87' lang='lat' dir='ltr'>priscis,</span> <span class='ocrx_word' id='word_1_411' title='bbox 1240 2724 1346 2770; x_wconf 84' lang='lat' dir='ltr'>prius</span> <span class='ocrx_word' id='word_1_412' title='bbox 1367 2734 1416 2758; x_wconf 84' lang='lat' dir='ltr'>ex</span> <span class='ocrx_word' id='word_1_413' title='bbox 1435 2736 1500 2759; x_wconf 83' lang='lat' dir='ltr'>cer</span> <span class='ocrx_word' id='word_1_414' title='bbox 1503 2730 1539 2760; x_wconf 90' lang='lat' dir='ltr'>ta</span> 
     </span>
     <span class='ocr_line' id='line_1_46' title="bbox 96 2779 1541 2831; baseline -0.002 -15"><span class='ocrx_word' id='word_1_415' title='bbox 96 2781 270 2817; x_wconf 86' lang='lat' dir='ltr'>virorum</span> <span class='ocrx_word' id='word_1_416' title='bbox 298 2780 572 2831; x_wconf 73' lang='lat' dir='ltr'>praestantium</span> <span class='ocrx_word' id='word_1_417' title='bbox 595 2779 826 2815; x_wconf 87' lang='lat' dir='ltr'>coniectura.</span> <span class='ocrx_word' id='word_1_418' title='bbox 866 2779 969 2822; x_wconf 82' lang='lat' dir='ltr'>Quid</span> <span class='ocrx_word' id='word_1_419' title='bbox 1001 2780 1103 2815; x_wconf 90' lang='lat' dir='ltr'>enim</span> <span class='ocrx_word' id='word_1_420' title='bbox 1129 2779 1369 2827; x_wconf 83' lang='lat' dir='ltr'>frequentius</span> <span class='ocrx_word' id='word_1_421' title='bbox 1389 2780 1541 2827; x_wconf 86' lang='lat' dir='ltr'>scriptis</span> 
     </span>
    </p>
   </div>
   <div class='ocr_carea' id='block_1_5' title="bbox 97 2832 1537 2928">
    <p class='ocr_par' dir='ltr' id='par_1_11' title="bbox 97 2832 1537 2928">
     <span class='ocr_line' id='line_1_47' title="bbox 97 2832 1537 2928; baseline -0.001 -57"><span class='ocrx_word' id='word_1_422' title='bbox 97 2836 141 2872; x_wconf 90' lang='lat' dir='ltr'>in</span> <span class='ocrx_word' id='word_1_423' title='bbox 156 2833 313 2928; x_wconf 55' lang='grc' dir='ltr'>ξοὴοᾶίιε</span> <span class='ocrx_word' id='word_1_424' title='bbox 333 2833 469 2872; x_wconf 88' lang='lat' dir='ltr'>horum</span> <span class='ocrx_word' id='word_1_425' title='bbox 487 2833 763 2872; x_wconf 83' lang='lat' dir='ltr'>vocabulorum</span> <span class='ocrx_word' id='word_1_426' title='bbox 784 2833 1088 2882; x_wconf 77' lang='lat' dir='ltr'>permutatione²</span> <span class='ocrx_word' id='word_1_427' title='bbox 1117 2832 1537 2928; x_wconf 41' lang='lat' dir='ltr'>Vid.41‹.1)ot.L.X1.68.</span> 
     </span>
     <span class='ocr_line' id='line_1_48' title="bbox 193 2900 240 2926; baseline 0 0"><span class='ocrx_word' id='word_1_428' title='bbox 193 2900 240 2926; x_wconf 83' lang='grc' dir='ltr'><strong>οι,</strong></span> 
     </span>
    </p>
   </div>
  </div>
 </body>
</html>
