1828 3253
424 194 485 234 IN
515 194 624 233 LIB.
665 194 695 232 Ι.
732 193 861 232 CAP.
891 195 965 236 24.
994 194 1067 234 25.
1401 192 1459 232 41

139 313 214 354 29.
245 311 315 352 54.
345 303 714 361 Μυθολογοῦντων
744 303 938 359 τὴνἿιῢ]
974 305 1169 346 Lubenter
1194 307 1353 359 legerim
1380 318 1467 344 cum

28 368 195 407 Eusebio
211 362 504 419 μυθολ.αὐτὴν
524 360 624 404 εἶναι
641 361 714 404 Ἰὼ
733 361 809 415 τὴν
830 362 885 410 εἷς
904 371 977 403 etc.
1009 362 1162 403 STEPH.
1202 363 1348 401 Sensus
1367 364 1467 399 citra

29 427 147 464 ullam
164 424 411 462 mutationem
429 423 564 471 planus
584 427 655 468 est,
677 422 710 458 si
729 419 802 456 hoc
820 420 931 456 modo
950 419 1110 457 reddas:
1141 419 1244 458 Dum
1266 419 1401 459 Ionem
1424 420 1466 456 in

19 482 201 529 formam
211 479 319 516 bovis
332 490 560 515 conversam
572 489 654 515 esse
655 476 916 524 fabulantur.
944 479 1127 521 Quamvis
1137 476 1393 513 Eusebianam
1405 473 1469 512 hic

32 539 308 576 correctionem
326 547 413 572 cum
430 533 480 571 H.
500 532 695 583 Stephano
715 533 850 570 lubens
869 544 1017 581 sequar.
1075 533 1164 570 Non
1186 534 1349 570 multum
1374 544 1468 569 vero

30 597 192 632 interest
220 594 303 629 sive
329 592 680 642 μεταποιηθεῖσαν
699 591 741 626 in
769 591 854 626 loco
878 602 946 627 suo
966 595 1209 640 permaneat,
1242 590 1323 625 sive
1344 601 1469 638 μετα-

31 649 333 704 μορφωθεῖσαν
359 659 429 697 pro
453 648 521 684 illo
550 659 724 695 reponas.
756 644 890 683 RHOD.
949 643 1039 698 Τὴν
1062 643 1150 695 Ἰὼ,
1187 642 1263 696 τὴν
1285 642 1342 689 εἷς
1369 641 1472 694 βοὸς

31 701 189 757 τύπον]
217 702 302 741 Hoc
329 704 495 754 placuit,
521 705 594 740 etsi
611 701 872 740 Eusebianum
891 703 1020 751 paullo
1038 704 1182 750 lenius,
1205 706 1360 751 propter
1379 698 1472 736 Mss.

33 763 312 799 auctoritatem.
367 761 473 804 Quae
494 771 588 797 vero
606 758 789 809 Aegyptii
818 759 863 795 de
895 759 987 796 Ione
1011 758 1238 806 adfirmant,
1269 770 1291 794 a
1310 758 1473 794 veritate

33 817 135 855 haud
154 816 381 863 abhorrere,
410 822 449 852 et
467 815 580 862 istri,
609 817 675 863 qui
695 815 740 852 de
773 815 946 853 Coloniis
968 815 1252 867 Aegyptiorum
1283 824 1475 849 commen-

33 881 138 912 tatus
157 879 229 920 est,
254 874 474 910 testimonio
493 872 594 922 apud
613 871 796 908 clement.
814 871 923 910 Alex.
946 871 974 909 Ι.
994 870 1138 911 Strom.
1172 884 1208 921 p.
1227 871 1331 910 382.
1357 868 1474 905 adfir-

34 932 132 969 mari
150 942 261 980 posse
278 928 470 967 videntur.
514 927 684 965 'Graecis
701 927 747 964 de
774 930 856 965 eius
877 930 1027 980 origine
1047 927 1147 965 nihil
1163 926 1309 976 liquido
1330 926 1476 961 consti-

35 989 106 1034 tit,
137 993 181 1023 ut
199 985 350 1023 abunde
367 984 544 1034 Apollod.
563 984 611 1021 11.
630 983 813 1022 Biblioth.
838 986 876 1025 1.
899 985 939 1023 3.
962 984 1128 1021 indicat:
1157 991 1195 1020 et
1217 983 1328 1020 bovis
1347 988 1477 1018 tamen

36 1044 161 1094 figura
179 1044 407 1079 instructam
425 1043 467 1078 in
491 1040 709 1092 Aegyptum
726 1041 981 1088 deduxerunt,
1009 1040 1128 1078 isidis*
1142 1041 1246 1076 cultu
1266 1044 1305 1075 et
1322 1039 1477 1075 nomine

39 1097 319 1144 venerandam,
346 1097 532 1134 Herodot.
553 1097 601 1134 ll.
621 1098 696 1138 41.
726 1096 905 1147 Aeschyl.
927 1096 1119 1134 Prometh.
1140 1097 1244 1137 815.
1268 1096 1373 1136 852.
1400 1093 1479 1131 Lu-

40 1158 139 1194 cian.
159 1153 206 1191 D.
227 1153 275 1191 D.
295 1152 363 1191 Ill.
382 1166 417 1203 p.
439 1156 544 1195 208.
571 1153 682 1201 Alia,
712 1153 778 1191 secl
796 1165 891 1204 quae
911 1152 1012 1191 haud
1029 1153 1180 1204 proba,
1201 1149 1478 1190 Ath.Kircher.

42 1211 183 1260 Oedip.
203 1208 250 1248 T.
273 1209 302 1247 Ι.
321 1223 357 1260 p.
378 1211 451 1249 92.
479 1210 615 1250 WVEss.
813 1206 816 1209 ’

152 1266 228 1307 29.
250 1266 322 1306 57.
357 1263 408 1305 Οἱ
428 1264 473 1304 δὲ
492 1262 757 1321 Δήμητραν]
790 1265 878 1316 Ipsa
898 1266 945 1303 de
965 1279 1025 1314 se,
1059 1266 1125 1304 Me
1135 1265 1393 1317 primigenii,
1419 1265 1480 1301 in-

42 1325 149 1372 quit,
175 1322 355 1372 Phryges
370 1321 661 1360 Pessinuntiam
680 1324 888 1360 nominant
910 1322 1037 1360 Deum
1065 1329 1256 1369 matrem;
1279 1321 1370 1359 hinc
1398 1320 1482 1357 Au·-

30 1378 272 1418 -toehthones
290 1378 419 1415 Attici
438 1379 669 1431 Cecropiam
687 1379 909 1416 Minervam
920 1390 935 1426 ,·
953 1381 1063 1417 illine
1074 1380 1324 1430 fluctuantes
1345 1377 1486 1429 Cyprii

29 1435 240 1487 -Paphiam
285 1436 498 1482 Venerem3
557 1435 696 1473 Cretes
732 1436 963 1486 sagittiferi
999 1435 1242 1486 Dictynnam
1280 1433 1483 1479 Dianam‚·

48 1492 176 1530 Siculi
217 1493 427 1542 trilingues
464 1491 648 1542 Stygiam
693 1491 998 1543 Proserpinam3
1050 1493 1248 1531 Eleusinii
1286 1497 1483 1530 vetustam

43 1548 173 1587 Deam
203 1548 412 1586 Cererem:
458 1548 647 1588 Iunonem
666 1550 760 1596 alii,
798 1548 1006 1587 Bellonam
1032 1551 1128 1596 alii,
1174 1548 1370 1586 Hecatem
1403 1546 1485 1593 isti,

48 1605 332 1644 Rhamnusiam
351 1605 413 1642 illi
421 1615 434 1652 ‚⁶
462 1612 503 1642 et
521 1609 590 1656 qui
605 1608 806 1643 nascentis
823 1607 889 1644 dei
918 1605 1024 1643 Solis
1051 1605 1328 1643 inchoantibus
1355 1605 1487 1642 radiis

47 1662 305 1699 illustrantur
333 1660 567 1714 Aethiopes,
601 1662 788 1712 Araque,
814 1664 1035 1714 prise-aque
1075 1664 1259 1715 doctrina
1287 1660 1487 1713 pollentes

50 1717 259 1769 Aegyptii,
296 1719 520 1755 cerimoniis
557 1731 618 1756 me
642 1720 826 1770 propriis
839 1719 1113 1770 percolentes,
1150 1719 1357 1772 appellant
1390 1729 1486 1756 vero

33 1776 203 1815 -nomine
233 1775 415 1823 reginam
443 1773 590 1813 Isidem
613 1777 656 1811 in
677 1773 829 1824 Apuleii
847 1774 919 1812 XI.
939 1774 1189 1827 Metamorph.
1210 1789 1245 1826 p.
1264 1775 1372 1814 259.
1401 1775 1488 1823 qui-

50 1830 122 1868 bus
144 1831 218 1866 etsi
237 1830 310 1867 sibi
329 1843 460 1867 rerum
483 1831 582 1868 haec
600 1836 751 1867 natura
761 1843 938 1882 parens,
966 1834 1026 1869 uti
1044 1828 1293 1878 censebatur,
1318 1829 1489 1867 Dearum

49 1898 169 1937 paene
187 1888 356 1923 omnium
373 1888 529 1924 nomina
547 1894 586 1923 et
603 1893 832 1936 potestatem
860 1888 1050 1935 vindicet,
1080 1889 1242 1937 amplius
1268 1894 1397 1924 tamen
1424 1899 1490 1923 co-

51 1954 218 1994 gnomen
236 1948 295 1979 est
313 1940 468 1979 lSIDIS
487 1941 844 1983 MYRIONYMAE
867 1946 909 1981 in
928 1943 1118 1981 Thesauri
1131 1943 1288 1992 Grut.p.
1307 1951 1488 1981 Lxxxm.

56 2001 97 2040 7.
125 1998 212 2036 Vid.
231 2011 345 2049 supra
361 2011 393 2036 c.
419 2001 488 2040 11.
510 2006 548 2037 et
568 2000 639 2040 14.
659 2006 697 2037 et
717 1999 896 2038 Gerh.10.
919 1999 1099 2038 Vossium
1115 1999 1164 2038 Il.
1184 1999 1404 2038 Idololat.c.
1419 1999 1490 2040 56.

54 2055 190 2093 WEss.

168 2110 244 2150 29.
270 2110 342 2151 59.
375 2108 427 2150 Οἳ
457 2107 533 2162 μὲν
561 2107 777 2165 Σάραπιν]
818 2112 944 2151 Osiris
983 2112 1086 2151 idem
1119 2114 1186 2162 qui
1216 2111 1308 2160 Sol,
1336 2114 1492 2166 eiusque

55 2166 150 2206 adeo
181 2172 351 2216 potestas
378 2170 496 2205 variis
523 2170 741 2206 nominibus
766 2170 1016 2207 multifariam
1038 2182 1061 2208 a
1081 2168 1292 2220 Theologis
1311 2170 1403 2206 olim
1427 2168 1494 2205 de-

57 2226 217 2274 signatav
234 2227 310 2270 est,
341 2235 414 2272 quo
447 2223 493 2261 de
521 2225 624 2262 idem
643 2225 804 2263 Vossius
824 2228 866 2264 in
885 2226 1188 2264 elaboratissimo
1209 2239 1321 2275 opere
1341 2224 1391 2264 ΙΙ.
1422 2225 1494 2265 10.

57 2278 178 2317 Recte
195 2291 287 2331 ergo
307 2278 520 2318 Martianus
539 2279 690 2331 Capella
706 2281 754 2320 ΙΙ.
774 2295 810 2332 p.
830 2283 905 2322 43.
941 2282 1049 2322 Hine
1069 2282 1261 2321 Phoebum
1280 2281 1500 2335 perhibent

51 2336 286 2389 prodentem
306 2337 460 2374 occulta
469 2336 616 2383 futuri
625 2366 636 2385 ‚
668 2339 739 2376 Vel
759 2341 853 2390 quia
881 2340 1062 2377 dissolvis
1089 2346 1284 2377 nocturna
1309 2339 1497 2385 admissa,

63 2399 107 2431 et
126 2391 285 2430 Isaeum
309 2392 363 2430 Te
384 2391 567 2444 Serapim
587 2394 722 2441 Nilus,
750 2395 942 2447 Memphis
961 2403 1180 2434 veneratur
1202 2395 1361 2434 Osirim.
1399 2394 1498 2432 Dis-

64 2461 162 2486 sona
191 2460 312 2486 saera
349 2449 565 2498 Mithram,
608 2449 818 2503 Ditemque
844 2451 1064 2503 ferumque
1105 2451 1350 2506 Typhonem,-
1398 2451 1499 2501 Atys

38 2529 41 2534 ,
55 2503 228 2556 pulcher
255 2506 368 2553 item,
405 2509 521 2544 curvi
551 2513 592 2544 et
608 2520 716 2559 puer
741 2509 866 2546 almus
895 2510 1044 2546 aratri.
1087 2509 1248 2546 Ammon
1279 2516 1320 2546 et
1346 2509 1501 2545 arentis

38 2579 41 2582 ·
67 2559 230 2610 Libyes,
254 2574 304 2598 ac
321 2561 485 2612 Byblius
507 2563 628 2601 Adon.
666 2564 733 2601 Sia
753 2567 869 2601 vario
893 2571 1058 2602 cunctus
1080 2572 1116 2603 te
1138 2567 1290 2603 nomine
1309 2570 1504 2602 convocat

41 2641 45 2645 -
70 2615 187 2654 orbis.
221 2615 452 2656 Praesertim
476 2632 563 2656 cum
581 2619 717 2670 Apollo
739 2623 841 2670 ipse,
868 2622 979 2659 modo
999 2629 1126 2658 tamen
1147 2628 1251 2658 certa
1272 2621 1380 2667 fides,
1407 2633 1501 2657 con-

69 2673 215 2719 sultus,
250 2676 334 2720 quis
365 2682 486 2722 esset,
522 2677 783 2724 responderit,
806 2674 972 2724 Ἵ-Ιλιος,
992 2669 1138 2729 fsspog,
1161 2675 1344 2730 ’Όσιρις,
1362 2674 1502 2722 ’Ἀναξν

39 2746 43 2749 ·
67 2723 297 2775 Διόνυσος,
319 2726 553 2779 Ἀπόλλων,
573 2727 709 2785 ςῼρῶν
738 2732 806 2772 καὶ
835 2736 988 2787 καιρῶν
1017 2733 1191 2789 ταμίης,
1224 2732 1324 2787 apud
1359 2733 1502 2772 Euseb.

40 2809 42 2811 -
70 2781 137 2821 111.
157 2783 201 2823 P.
221 2783 266 2821 Ε.
291 2786 361 2825 15.
392 2786 524 2825 Wssss.

182 2841 256 2880 29-
279 2841 350 2882 63·
379 2839 615 2885 Πλούτωνα
636 2840 972 2900 ὀνομαζόμενον]
1002 2845 1154 2896 Sequor
1182 2848 1351 2896 scriptos
1409 2846 1508 2882 libro
