1828 3253
447 176 513 217 IN
551 174 661 216 LIB.
689 176 720 215 1.
760 175 889 215 CAP.
923 176 995 216 53.
1027 175 1098 217 54.
1434 177 1493 218 89

174 295 247 336 63
268 295 342 334 72.
382 289 467 333 Καὶ
502 292 578 343 τῆς
606 284 876 343 ἕρκοιμῆσεως
904 285 1002 340 etc.]
1050 287 1313 328 Tritissimum
1343 288 1415 327 hoc
1449 289 1496 328 de

62 354 242 398 somniis,
268 362 362 401 quae
391 355 457 386 aut
484 348 695 384 medicinae
718 359 877 394 caussa,
916 353 982 383 aut
1004 352 1045 383 ut
1064 345 1110 383 de
1128 348 1273 412 <futuris
1291 347 1498 385 edoceren-

63 416 138 456 tur,
164 410 207 446 in
230 408 378 456 templis
396 405 657 453 captabantur.
682 397 1019 456 Ἶ<Ῑγκοιμιᾶτιθιιιε
999 417 1073 441 vm
1058 400 1101 454 ἐρ
1121 398 1278 441 ἑαυτῶν
1299 403 1366 442 καὶ
1394 398 1464 442 ’ἷπί
1453 402 1496 456 ἐρ

62 467 146 504 τῶν
176 461 312 503 ἄλλων
335 474 444 511 saepe
475 460 615 498 Strabo
630 458 734 497 XIV.
746 473 781 510 p.
792 460 897 500 96]-
908 459 952 496 A.
979 457 1086 496 XVI.
1097 471 1133 507 p.
1154 460 1287 499 1101.
1301 458 1343 496 Β.
1372 459 1447 497 XV
1450 460 1498 498 ΙΙ.

63 534 99 570 Ρ.
126 521 260 561 1152.
280 516 321 556 C.
343 517 444 555 unde
462 521 654 569 μαντεῖον
673 513 1001 568 ἕγκοιμωιιένων,
1033 515 1134 563 quod
1153 516 1211 552 illi
1228 522 1310 552 iure
1330 519 1501 554 restituit

62 578 112 614 Is.
141 575 300 614 Casaub.
326 573 398 611 XI.
425 586 461 623 p.
493 574 596 614 775.
651 570 791 610 Rarius
819 579 877 608 est
905 571 978 608 hoc
1009 571 1191 609 Aristidis
1222 570 1270 609 Τ.
1304 571 1332 608 Ι.
1365 584 1401 620 p.
1427 575 1499 613 71.

62 629 196 700 πύκτῃ
224 629 302 670 τινὶ
332 631 415 670 τῶν
447 627 518 683 ἐφ
546 625 665 681 ἡμῶν
694 627 736 681 ἔγ
728 624 984 668 καθεύδοντι
1012 632 1216 681 ποοειπεΐν
1244 624 1398 679 λέγεται.
1426 626 1500 669 τὸν

62 685 177 729 θεόν.
213 687 300 724 Vid.
322 686 516 724 Plutarch.
538 685 585 723 Τ
609 685 657 723 ΙΙ.
676 699 711 736 Ρ.
739 686 840 726 109.
864 683 904 721 C.
928 692 966 721 et
987 697 1089 735 supr.
1114 697 1148 724 c.
1171 685 1245 725 25.
1273 684 1407 723 WVEss.

175 757 247 797 63
269 755 342 796 74.
373 749 534 795 Διότιε
516 769 536 794 ο
559 750 695 805 πατὴρ
719 748 856 803 δόξαι]
898 751 1111 802 Inpeditior
1129 753 1257 802 paullo
1283 750 1377 789 haec
1400 759 1504 790 stru-

62 819 171 850 ctura
189 811 366 858 videtur,
395 812 532 848 similis
553 817 681 847 tamen
700 809 934 860 Polybianae
952 808 1000 848 II.
1025 811 1098 850 68
1128 804 1230 846 &cort
1252 805 1298 847 τὸ
1320 806 1395 859 μὲν
1411 824 1504 860 μει-

64 865 206 936 ράκιον
224 862 423 920 ἡγεμόνος
444 864 561 920 ἐόγον
581 864 632 918 ἀ)
624 867 746 905 αθοῦ
766 861 934 918 ποιήσαι
963 860 1301 917 συνθεασόμενον
1319 862 1394 905 τὸν
1413 881 1507 905 και-

65 921 152 979 ρόν.
186 923 297 962 Conf.
315 924 420 961 infra
439 937 471 960 c.
497 923 569 964 65.
596 923 647 960 W
650 932 730 959 Ess.

178 993 252 1033 63.
273 993 345 1032 78.
381 988 492 1037 Τοὺς
524 984 819 1042 σιῃνηῖικιώτας
847 984 1064 1042 αθροῖσαι]
1097 988 1185 1027 Non
1218 989 1356 1027 damno
1379 1003 1508 1044 συνη-

66 1044 283 1096 7ικιώτας,
310 1049 556 1097 quantumvis
581 1048 706 1084 rarius
734 1046 868 1083 obvios
908 1049 1023 1095 inque
1049 1047 1321 1096 copiosissimis
1352 1048 1508 1098 linguae

67 1103 277 1142 Thesauris
296 1106 543 1154 praeteritos3
579 1109 728 1153 praeter
748 1105 850 1140 enim
878 1103 1083 1141 Philoxeni
1107 1102 1233 1140 Gloss.
1256 1099 1510 1155 Συννλικιώ-

67 1175 165 1229 της
184 1161 386 1212 aequalzs,
427 1159 637 1208 Alciphron
675 1158 704 1195 Ι.
732 1158 854 1209 Epist.
880 1161 951 1199 12.
989 1156 1156 1211 ἔναρχος
1194 1157 1238 1198 δὲ
1274 1159 1508 1214 Παμφίλου

66 1213 171 1269 μξτὰ
190 1219 273 1256 τῶν
296 1217 598 1268 συνηλικιωτῶν
617 1213 853 1267 μισθουμει
856 1230 904 1254 ου
924 1212 971 1255 τὸ
994 1213 1244 1268 σκαφεῖκὸιοι
1264 1214 1314 1253 W
1317 1225 1398 1253 Ess.

182 1285 255 1326 63.
281 1285 354 1325 80.
383 1282 457 1329 Εἷς
483 1279 559 1334 τὴν
578 1284 662 1322 τῶν
682 1278 789 1322 ὅλων
809 1280 1011 1330 ἐπίθεσιν]
1041 1281 1145 1320 Usus
1167 1289 1226 1319 est
1242 1296 1338 1321 voce
1357 1287 1512 1333 propria

68 1341 110 1378 in
135 1354 280 1378 summa
307 1353 349 1378 re
378 1347 416 1376 et
443 1340 627 1389 imperio,
665 1338 765 1388 quod
784 1336 858 1390 τὴν
881 1341 964 1378 τῶν
984 1336 1091 1379 ὅλων
1111 1338 1356 1379 δυναστείαν
1383 1343 1512 1391 paullo

69 1404 160 1435 ante
179 1398 290 1435 dixit.
347 1397 473 1440 Quare
504 1402 542 1432 et
568 1393 756 1441 κίνδυνος
782 1395 873 1445 περὶ
901 1397 985 1435 τῶν
1014 1392 1122 1435 ὅλων
1154 1402 1212 1432 est
1237 1398 1447 1446 periculum
1467 1398 1514 1435 de

71 1467 218 1492 summa
245 1466 288 1491 re
317 1452 491 1503 Appiano
519 1449 693 1489 Mithrid.
728 1464 764 1500 Ρ.
793 1453 898 1492 326.
935 1459 974 1489 et
1005 1452 1103 1489 illud
1137 1452 1245 1490 adire
1271 1451 1514 1494 κινδυνεύειν

71 1510 162 1564 περὶ
191 1524 276 1550 των
315 1504 423 1549 ὅλων
449 1508 522 1547 inf.
570 1507 681 1545 XIII.
712 1510 752 1549 7.
787 1515 825 1545 et
862 1507 1126 1562 ὁιακοιθῆιαι
1155 1508 1245 1563 περὶ
1288 1512 1372 1549 τῶν
1407 1508 1516 1551 ὅλων

73 1566 243 1604 eiusdem
265 1566 356 1603 libri
374 1578 454 1615 cap.
479 1566 549 1605 10.
586 1576 654 1612 Ριο
684 1577 757 1614 quo
782 1565 962 1613 deinceps
996 1579 1028 1602 c.
1057 1567 1160 1607 111-
1189 1564 1404 1620 κρίνεσθαι
1419 1567 1516 1636 περὶ

72 1624 157 1662 τῶν
177 1619 297 1662 ὅλων.
353 1621 538 1671 Polybius
570 1622 698 1670 paullo
719 1622 870 1669 plenius
896 1621 987 1676 περὶ
1014 1624 1098 1662 τῶν
1129 1618 1238 1663 ὅλων
1263 1620 1515 1678 πραῃμάτων

75 1677 107 1718 Ι.
134 1680 205 1720 12.
235 1678 302 1716 ubi
321 1677 371 1715 Is.
388 1675 600 1714 Casaubon.
623 1677 758 1715 VVEss.

189 1746 263 1787 63.
293 1746 368 1785 91.
404 1741 580 1790 Πάντας
611 1741 656 1783 δὲ
686 1748 778 1791 ταῖς
809 1739 987 1795 ὁμιλίαις
1006 1745 1096 1796 ete]
1145 1745 1278 1785 Latius
1308 1755 1411 1799 patet
1446 1761 1519 1787 nec

75 1803 158 1840 sola
176 1803 357 1850 alloquia,
383 1801 450 1838 sed
468 1807 506 1838 et
525 1814 635 1838 usum
652 1803 899 1849 intimamque
926 1802 1227 1841 familiaritatem
1245 1807 1520 1853 conplectitur:

77 1871 152 1907 qua
186 1871 271 1896 cum
300 1857 523 1906 Philippus,
556 1856 768 1894 Alexandri
789 1864 917 1905 pater,
958 1857 1194 1897 Graecorum
1211 1863 1353 1898 multos
1373 1875 1396 1899 a
1414 1869 1521 1900 recto

76 1917 229 1953 tramite
252 1921 494 1952 transversos
514 1920 666 1964 ageret,
694 1918 786 1960 ταῖς
805 1919 1005 1968 πονηραῖς
1030 1910 1209 1966 ὁμιλίαις
1243 1916 1449 1971 ὁιέᾳθειοε
1469 1916 1523 1958 τὰ

77 1969 167 2023 ἤθη
195 1973 279 2011 τῶν
309 1965 567 2023 ἀνθρωπων,
605 1969 747 2008 Noster
777 1972 852 2017 ait,
892 1971 1046 2018 verbm,
1083 1970 1132 2009 ad
1160 1973 1289 2010 nobile
1318 1973 1523 2013 Menandri

79 2028 224 2065 dietum
250 2027 522 2074 conformatis,
548 2025 658 2064 XVI.
678 2027 749 2067 56.
807 1998 926 2065 PIura
953 2026 1169 2066 casaubon.
1189 2032 1232 2067 in
1264 2028 1524 2082 Theophrasti

79 2083 252 2122 Charact.
275 2084 317 2123 3.
337 2094 373 2132 Ρ.
401 2084 504 2123 112.
528 2082 662 2121 VVESS.

194 2151 268 2192 64.
286 2151 362 2191 96.
391 2147 466 2198 ιῈξ
488 2148 556 2190 καὶ
585 2145 807 2204 τριάκοντα
828 2148 930 2205 μέρη
959 2148 1124 2203 διελών]
1155 2151 1324 2191 Thebais
1343 2162 1380 2192 et
1397 2153 1525 2204 Delta,

82 2209 283 2259 singulae·
272 2220 316 2244 ιιι
344 2206 484 2255 denas,
523 2219 693 2257 quaeque
719 2209 823 2244 inter
841 2215 1039 2258 utramque
1072 2216 1182 2247 erant
1199 2213 1345 2259 posita,
1388 2215 1430 2250 in
1448 2222 1526 2250 XVI

84 2265 341 2314 praefecturas
359 2271 470 2300 erant
491 2263 700 2313 descripta:
735 2271 847 2313 atque
876 2263 970 2302 hacc
993 2268 1261 2316 antiquissima
1281 2267 1448 2319 Aegypti
1468 2270 1527 2308 di-

85 2322 210 2366 visio,
237 2318 419 2357 Straboni
444 2319 570 2356 XVII.
591 2332 627 2369 p.
650 2320 783 2360 1135.
804 2319 852 2357 D.
880 2333 960 2358 non
981 2325 1198 2371 praeterita.
1255 2323 1387 2361 Scrior
1409 2333 1527 2373 aetas,

87 2382 132 2412 ut
155 2375 221 2422 fit,
248 2377 367 2413 multa
395 2377 583 2424 mutavit,
624 2377 796 2426 pluribus
824 2376 983 2424 Nomis.,
1021 2391 1044 2414 a
1063 2379 1191 2416 Plinio
1209 2380 1256 2417 V.
1276 2382 1317 2420 9.
1339 2388 1376 2417 et
1398 2381 1527 2419 Ptole-

89 2444 196 2468 maeo
217 2430 278 2468 IV.
308 2431 523 2482 Geograph.
548 2433 586 2472 5.
627 2434 849 2480 recensitis,
890 2446 938 2470 ex
956 2447 1092 2485 regum
1111 2436 1270 2473 arbitrio
1293 2441 1526 2478 constitutis,

89 2486 236 2525 Nomus
257 2490 338 2536 ipse
367 2489 645 2536 praefecturam
670 2490 836 2536 indicat,
872 2503 938 2527 seu
956 2491 1088 2528 urbem
1111 2494 1251 2541 primae
1269 2493 1469 2544 dignit-itis
1491 2502 1528 2532 et

91 2545 225 2581 vicina
245 2545 304 2580 illi
335 2544 473 2592 oppida
500 2558 585 2582 cum
604 2545 833 2583 adiacente
824 2558 917 2596 agro
949 2559 993 2583 ac
1012 2550 1142 2598 pagis,
1172 2548 1337 2587 Eusebio
1360 2552 1399 2587 in
1422 2550 1474 2586 E
1460 2554 1526 2588 sai.

93 2597 208 2637 XIX.
229 2600 269 2638 3.
305 2606 342 2636 et
369 2599 740 2650 Epiphan.Haeres.
769 2600 992 2648 XX1V.1.‚
1028 2605 1207 2641 testibus:
1250 2609 1314 2654 qui
1346 2620 1438 2644 vero
1469 2609 1529 2644 illi

95 2661 270 2705 praeerat
299 2653 534 2709 νομάοχης,
577 2660 691 2696 etiam
722 2658 790 2694 sub
820 2657 1025 2705 Βοηιειιιίε,
1054 2660 1152 2709 apud
1174 2660 1354 2699 Strabon.
1376 2675 1425 2698 ex
1445 2676 1528 2699 cer-

96 2713 247 2748 tissima
266 2710 374 2747 Paul.
392 2712 580 2760 Leopardi
601 2722 638 2751 ct
658 2714 705 2750 Is.
723 2712 882 2751 casaub.
902 2716 1056 2752 emend
1049 2720 1165 2754 tione
1185 2716 1258 2754 XV
1263 2718 1309 2754 ΙΙ.
1329 2731 1365 2768 Ρ.
1381 2720 1399 2758 1
1416 2721 1429 2758 l
1440 2720 1529 2766 1.,9

100 2774 185 2804 erat
202 2774 242 2805 et
263 2767 469 2805 dicebatur.
498 2767 607 2806 Conf.
636 2771 778 2807 infrac.
801 2771 873 2810 73.
929 2771 1070 2808 Nescio
1089 2779 1215 2809 autem
1241 2787 1290 2810 an
1307 2787 1529 2812 accessurus

107 2825 162 2860 sis
191 2822 404 2874 Artapano‚
444 2823 545 2863 Mosi
581 2826 877 2876 descriptionem
911 2826 1010 2864 hanc
1045 2830 1087 2866 in
1115 2839 1251 2866 xxxv!
1290 2842 1424 2868 nomos
1461 2833 1532 2870 tri-
