1828 3253
259 54 353 96 428
718 45 1241 86 ANNOTATIONES

261 164 329 202 Sic
348 164 483 214 placet·
506 159 600 199 Infr
623 173 654 197 c
671 161 743 201 39.
769 158 811 201 ἓν
833 154 898 207 αις
916 157 1162 213 (κυνηγίαις)
1181 161 1259 200 πολ
1263 156 1315 199 λὰ
1335 161 1419 201 τῶν
1438 156 1600 212 θηρίων
1615 174 1703 210 χει-

262 234 417 285 ρουιιετ
418 233 466 258 οι
494 224 532 254 et
550 217 591 254 L.
613 217 676 255 IV.
701 218 772 258 83-
802 212 882 256 ὑπὸ
912 219 995 255 τῶν
1023 215 1090 255 καὶ
1113 214 1189 256 vll).
1193 218 1245 255 λα
1264 214 1538 269 χειρουμένων
1567 218 1700 255 κυνῶν

261 270 488 338 διεφθάρη.
532 272 728 322 Saepeque
757 274 864 310 alias.
905 273 1162 320 venatorum,
1197 284 1308 322 quem
1333 275 1525 323 respexit,
1559 285 1702 309 morem

262 332 545 369 ἰΠυεῐτιιιίιιιιιε
564 329 606 365 L.
626 329 691 368 lv.
714 331 788 369 22.
816 329 866 366 W
873 340 954 365 Ess.

375 387 479 426 352.
503 385 573 425 84.
602 382 831 435 Κεδρώσαι
825 399 898 431 τες
921 382 996 431 τὰς
1014 380 1197 437 κεφαλὰς
1219 390 1289 420 etc.
1303 380 1322 436 ]
1367 382 1473 420 Haec
1492 381 1702 420 Posidonio

261 442 397 489 debet,
437 455 456 478 e
488 453 561 489 quo
584 440 725 478 Strabo
746 441 808 478 lv.
831 453 866 490 Ρ
894 441 996 480 303.
1029 438 1104 487 τὰς
1133 439 1177 479 δὲ
1204 442 1287 479 τῶν
1315 436 1491 486 ἐνδόξων
1519 436 1703 506 κεφαλὰς

259 499 522 566 κεδροῦντες,
552 495 804 536 ἐπεδείκνυον
831 502 917 543 τοῖς
947 495 1095 543 ξένοις,
1126 496 1193 535 καὶ
1222 493 1317 534 οὐδὲ
1343 510 1445 548 προς
1463 490 1701 534 ἰσοστάσιον

255 569 415 608 χρυσον
437 551 697 604 ἀπολυτροῦν
716 551 830 604 ῃξιοι
835 565 866 591 ν’
887 555 952 601 qui
969 553 1120 602 quidem
1133 552 1286 589 honesti
1300 565 1375 589 viri
1385 552 1542 588 functus
1553 558 1611 587 est
1621 550 1702 588 offi-

260 612 378 657 cium,
400 623 485 647 eum
496 610 672 656 laudans,
695 612 803 646 cuius
821 610 967 646 auxilio
988 610 1212 675 profecerat.
1227 607 1421 645 Diodorus
1433 621 1476 644 ea
1494 609 1536 644 in
1555 606 1704 645 haeresi

258 668 348 714 fuit,
367 678 441 715 qua
460 668 534 702 iam
549 667 645 702 olim
654 667 795 715 plures,
819 668 933 702 etiam
953 666 1144 714 principes
1168 667 1209 701 in
1231 664 1290 701 his
1309 648 1445 710 literis,
1472 665 1587 700 licere
1608 665 1703 700 alio-

259 735 346 762 rum
360 724 454 760 bene
470 722 583 758 dictis
601 724 745 770 inpune
765 734 831 770 pro
844 722 923 757 suis
933 723 1003 767 uti,
1022 721 1122 770 quod
1134 720 1308 768 equidem
1328 733 1405 756 non
1426 720 1552 756 laudo.
1582 718 1704 756 Usum

260 779 412 817 cedrini
432 779 508 814 olei
526 781 566 814 in
589 777 814 814 condiendis
835 777 1057 825 corporibus
1075 777 1329 814 indicavimus
1349 774 1390 811 L.
1412 775 1441 812 l.
1466 777 1539 815 91.
1566 775 1700 816 WVESsu

376 835 481 875 353.
502 834 575 872 90.
606 829 833 885 Βάρβαρόν
852 847 943 871 τινα
961 834 1166 884 μεγαλοψ.
1187 827 1522 882 ἐπιδεικνύμενοι]
1555 830 1703 868 Secun-

259 890 349 928 dum
378 897 569 937 receptam
609 890 751 937 passim
781 889 944 926 formam
972 889 1155 938 loquendi
1185 886 1388 924 dicendum
1418 886 1481 923 hic
1509 888 1586 924 fuit
1614 886 1702 926 ἐπι-

263 944 561 996 δ”ιεικιιμέιουῇ
592 957 669 981 non
691 941 965 999 ἑπιδιικιιμει
969 960 1016 984 οι
1044 944 1198 981 STEPH.

373 1003 478 1041 353.
504 1002 578 1040 91.
616 998 676 1039 Οὐ
696 998 772 1052 γὰρ
792 997 836 1039 τὸ
860 998 917 1052 ιιὴ
940 1003 1088 1040 πωλεῖν
1108 997 1160 1040 τὰ
1183 994 1377 1050 σύσσημα
1391 995 1487 1051 etc.]
1517 998 1638 1036 Illust.
1649 997 1700 1037 H.

260 1056 420 1096 Grotius
449 1057 521 1094 hoc
542 1056 672 1093 laudat
693 1063 730 1093 et
750 1058 918 1093 illustrat
946 1056 988 1094 L.
1011 1057 1057 1093 ll.
1077 1056 1105 1093 I.
1128 1056 1169 1092 Β.
1204 1063 1241 1092 et
1263 1056 1305 1093 Ρ.
1335 1069 1366 1092 c.
1392 1056 1463 1095 19.
1486 1056 1526 1094 3.
1561 1055 1697 1094 ΙΨΕΞΒ.

376 1114 483 1154 353·
507 1114 580 1153 94.
616 1113 778 1151 Χιτῶσι
806 1111 881 1164 μὲν
909 1109 1125 1165 βαπτους]
1175 1112 1235 1148 Ad
1260 1126 1441 1163 χριινται
1461 1112 1600 1148 referri
1621 1124 1700 1149 non

257 1176 384 1222 potest
399 1171 592 1220 χιτῶνας,
622 1169 688 1205 sed
701 1171 861 1219 χιτῶσι,
902 1172 1001 1206 sicut
1024 1176 1062 1206 et
1082 1169 1182 1206 dixit
1202 1167 1352 1219 ἐσθῆσι
1372 1174 1410 1204 et
1429 1165 1574 1204 dicet'
1552 1168 1701 1214 αναξυ-

257 1226 355 1280 ρίσι.
395 1225 490 1262 Cum
513 1227 660 1276 χιτῶσι
689 1232 815 1262 autem
840 1226 1045 1276 legendum
1063 1225 1166 1264 foret
1191 1227 1369 1275 βαπτοῖς
1390 1230 1428 1260 et
1459 1221 1701 1274 διηνθἋισμὲ-

255 1296 354 1328 νοις.
394 1282 472 1319 Sed
495 1295 567 1319 nec
596 1279 640 1320 δὲ
667 1280 827 1318 habetur
854 1281 916 1318 hio
939 1284 996 1320 τῶ
1019 1281 1094 1332 μὲν
1114 1281 1318 1318 redditum.
1348 1279 1449 1327 quod
1478 1286 1607 1316 tamen
1629 1293 1701 1316 no-

255 1352 350 1377 vum
371 1351 450 1374 non
471 1338 590 1375 fuerit
617 1338 653 1373 ei
678 1338 744 1386 qui
770 1336 842 1374 hoc
868 1340 1049 1376 volumen
1079 1339 1279 1375 evolverit.
1312 1335 1466 1372 STEPH.
1504 1336 1702 1382 Χιτιῦνας

254 1393 333 1446 μὲν
351 1391 567 1445 βαπτούς]
610 1392 812 1430 Mutilatus
834 1400 872 1430 et
894 1400 1093 1443 corruptus
1114 1393 1176 1430 hic
1196 1395 1304 1429 locus
1326 1392 1486 1428 duarum
1505 1391 1700 1428 additione

255 1452 480 1489 vocularum
501 1456 539 1486 ct
557 1452 670 1487 unius
691 1452 903 1487 mutatione
923 1450 1181 1500 redintegrari
1199 1454 1336 1497 potest,
1357 1450 1389 1484 si
1411 1454 1498 1497 post
1513 1445 1702 1497 βαπτους

256 1503 416 1557 ἴχοντες
455 1512 492 1542 et
513 1512 599 1555 post
622 1519 704 1559 γριι
716 1519 818 1556 μασι
843 1505 910 1555 δὲ,
940 1506 1042 1554 quod
1063 1506 1138 1556 μὲν
1159 1504 1388 1555 praecedens
1412 1506 1577 1557 omnino..
1569 1502 1699 1555 'flagi-

257 1569 339 1612 tat,
370 1566 540 1608 inseras,
568 1568 606 1598 et
625 1560 862 1614 αναξυρίσιν
884 1565 925 1599 in
945 1560 1195 1614 ἀναξυριδας
1212 1567 1346 1597 mutes.
1374 1559 1513 1599 RHOD

372 1619 477 1658 353.
500 1619 572 1658 96.
593 1615 702 1663 Ὰς
685 1623 825 1656 ἐκεῖνοι
844 1614 1004 1671 βράκας
1027 1613 1420 1671 προοαγορευουσιν]
1447 1615 1528 1652 Nec
1551 1614 1698 1654 Diodo-

253 1686 313 1723 ro,
340 1675 480 1711 nedum
500 1673 709 1723 Hesyehio,
742 1674 844 1711 idem
863 1676 1091 1712 vocabulum
1113 1673 1235 1712 Gallis
1255 1673 1540 1719 transcribenti,
1561 1673 1700 1709 adsen-

255 1732 354 1768 titur
372 1731 420 1769 [s.
441 1729 688 1767 casaubonus
709 1730 757 1767 ad
768 1729 947 1767 buetonii
959 1731 1122 1781 August.
1144 1743 1176 1767 c.
1192 1731 1285 1776 823
1312 1729 1481 1766 Graecae
1497 1730 1597 1765 enim
1618 1731 1696 1765 ori-

255 1788 360 1838 ginis
380 1787 529 1834 videri,
558 1793 596 1822 et
618 1786 774 1824 Aeolica
796 1787 960 1824 dialecto
984 1800 1032 1824 ex
1053 1783 1158 1839 ῥάκη
1176 1787 1402 1831 formatum,
1430 1796 1503 1832 quo
1524 1784 1698 1821 Phocae-

255 1856 366 1881 enses
397 1843 601 1880 Persarum
630 1840 901 1895 ἀναξυρίδας,
940 1851 978 1880 et
998 1842 1257 1880 Massilienses
1280 1841 1478 1878 Gallorum
1497 1841 1698 1877 femoralia

252 1902 512 1946 nominarint3
552 1901 660 1935 cuius
681 1901 830 1947 opinio,
877 1902 950 1936 etsi
968 1900 1186 1936 reconditae
1207 1898 1434 1934 eruditionis
1454 1898 1589 1944 plena,
1626 1910 1694 1934 ve-

252 1969 354 2003 reor,
385 1962 428 1994 ut
450 1957 599 2004 placere
618 1956 757 2005 possit:
792 1968 880 1992 nam
909 1968 1030 2004 neque
1057 1952 1110 1993 τὰ
1140 1950 1244 2006 ῥάκη
1276 1954 1368 1990 satis
1390 1955 1585 2000 explicant
1601 1952 1695 1989 Per-

250 2025 382 2049 sarum
410 2009 680 2064 ἀναξυρίδας,
717 2023 839 2059 neque
863 2014 970 2048 vocis
994 2013 1035 2047 in
1057 2013 1178 2048 veteri
1200 2009 1397 2046 Gallorum
1426 2016 1464 2045 et
1483 2008 1696 2045 Germano-
1717 2050 1720 2052 ¹

251 2079 338 2105 rum
359 2080 532 2104 sermone
553 2069 721 2117 vestigia
740 2068 837 2117 apud
860 2066 917 2106 Cl.
940 2067 1081 2104 Astruc
1102 2067 1144 2103 L.
1170 2066 1235 2102 Ill.
1259 2065 1360 2102 Hist.
1386 2064 1473 2102 Nat.
1497 2065 1693 2115 Langued.

253 2137 287 2160 c.
306 2125 346 2162 3.
370 2130 408 2159 et
427 2123 496 2160 Ph.
520 2122 671 2161 Cluver.
695 2122 737 2162 L.
764 2123 792 2160 l.
820 2123 910 2162 Ger.
933 2123 1061 2171 Antiq.
1083 2135 1117 2171 p.
1142 2124 1244 2162 140.
1268 2124 1479 2171 patiuntur,
1508 2128 1551 2158 ut
1574 2122 1711 2158 Grae-'

252 2193 383 2216 corum
409 2194 429 2216 e
448 2180 618 2215 fontibus
640 2192 835 2216 emanasse
853 2182 1001 2216 censeri
1020 2186 1143 2229 queat.
1179 2179 1311 2215 Wssss.

369 2235 470 2272 Ilid.
494 2231 846 2287 Ἐπιπορποῦνται
871 2235 914 2274 δὲ
936 2232 1085 2287 σάγους
1107 2231 1349 2287 ῥαβδωτοὺς
1369 2234 1458 2284 etc.]
1485 2233 1598 2280 Quae
1611 2233 1695 2271 Pli-

253 2292 344 2330 nias
368 2291 412 2329 L.
442 2290 565 2328 VIII.
587 2292 661 2331 48.
696 2293 735 2328 in
764 2292 874 2341 sagis
899 2292 1105 2329 Gallorum
1134 2297 1253 2328 vocat
1270 2293 1461 2337 scutulas,
1492 2303 1560 2327 eas
1580 2292 1694 2328 πλιν-

254 2348 332 2386 θιά
355 2346 581 2392 Diodorus,
611 2348 657 2384 de
679 2349 814 2385 iisdem
844 2351 955 2398 sagis
976 2348 1146 2399 loquens.
1177 2347 1249 2384 Ait
1267 2348 1366 2383 enim
1392 2347 1530 2384 Gallos
1547 2348 1692 2396 sagula

254 2401 453 2457 ῥαβδωτὰ
490 2409 652 2453 gestare
690 2403 896 2450 πλινθίοις
929 2401 1181 2443 πολυανθέσι
1216 2402 1283 2441 καὶ
1313 2408 1480 2448 πυκνοῖς
1513 2402 1691 2452 διειλημ-

253 2459 381 2510 μένα,
411 2459 484 2496 hoc
507 2466 586 2505 est,
616 2461 781 2510 quadris
800 2467 841 2496 et
869 2459 1035 2497 maculis
1061 2460 1289 2510 quibusdam
1309 2460 1520 2496 reticulate
1551 2460 1691 2496 distin-

254 2523 333 2553 cta.
373 2515 486 2552 Nihil
513 2517 612 2552 enim
641 2516 754 2553 aliud
780 2518 990 2566 intelligit,
1023 2529 1139 2566 quam
1159 2528 1260 2565 qaas
1279 2515 1392 2552 hodie
1418 2516 1529 2552 Galli
1547 2521 1692 2552 vocant

253 2572 480 2621 lausangas,
518 2572 635 2621 quasi
660 2572 894 2622 laurangiaS‚
921 2585 946 2609 a
965 2572 1102 2609 lauria
1117 2571 1252 2618 folio,
1283 2573 1387 2622 quod
1403 2571 1523 2608 habet
1539 2570 1691 2608 rhombi

243 2628 439 2676 figuram.
497 2626 691 2678 Explicat
717 2634 758 2665 et
776 2627 950 2675 Plinius,
980 2630 1049 2679 qai
1069 2629 1248 2665 maculas
1277 2635 1316 2664 et
1329 2627 1522 2680 plagulas
1549 2628 1588 2663 in
1622 2639 1688 2662 re·-

252 2684 354 2721 tibas
375 2690 495 2721 vocat
512 2685 692 2720 scutulas.
751 2683 853 2722 Item
875 2684 1023 2732 Livius»,
1053 2686 1122 2735 qai
1141 2686 1180 2722 in
1190 2684 1330 2731 fanda
1351 2684 1538 2720 scutulam
1555 2688 1687 2729 vocat,
