1828 3253
282 238 377 278 788
758 229 1277 272 ANNOTATonES

296 346 366 388 ὁὲν
391 341 528 386 αὐτῶν
546 342 712 384 δὲΐσθαι
731 349 1023 395 praetexentes,
1058 347 1173 384 sicuti
1189 344 1410 397 Xenophon
1431 348 1636 386 memoriae
1659 361 1748 399 pro-

299 405 409 443 didit.
464 401 605 439 Wuss.

415 459 524 499 713,
556 457 631 497 34.
665 455 1001 508 Καταλαβέσθαι
1028 454 1105 511 τὴν
1130 454 1299 512 χώοαι]
1349 459 1449 502 Quid
1478 467 1536 497 est
1563 461 1637 499 hoc
1664 462 1750 497 loco

300 517 432 556 κατα7
438 512 620 564 αβέσθαι
642 510 722 564 τὴν
749 509 935 564 zebeam*
960 527 1039 552 non
1070 515 1229 567 affulget
1259 517 1327 552 lux
1354 528 1404 552 ex
1436 515 1630 554 historicis
1662 517 1751 554 huic

300 576 400 611 loco.
440 571 468 607 i·
472 578 554 607 orte
576 582 654 607 non
676 572 775 607 male
799 573 883 618 quis
905 573 1007 622 leget
1026 569 1101 623 τὴν
1121 570 1145 609 (ἶ.
1150 586 1266 624 mar„
1297 571 1337 608 id
1366 578 1437 618 est,
1465 571 1754 610 Corinthiorum

297 623 559 677 Ἀκρυπολίι
570 654 582 673 ‚
620 639 715 676 quae
749 627 1053 664 Acrocorinthus
1082 628 1291 666 dicebatur.
1346 626 1463 665 Fmte
1483 630 1570 677 quis
1595 631 1756 667 meliora

302 685 468 722 docebit.
528 683 660 719 PALM.

420 740 524 780 713.
552 741 627 778 40.
667 736 941 785 Ἐξᾰπιπτεν
923 755 966 778 εκ
983 742 1058 790 τῆς
1079 736 1257 792 πόλεως]
1303 741 1387 785 Qua
1407 754 1455 777 ex
1475 739 1596 779 urbe?
1634 739 1757 779 Fuere

306 798 408 835 enim
427 798 556 845 plures
576 808 643 843 per
663 794 942 834 Macedoniam.
998 795 1152 833 Mallem
1182 795 1224 834 ἐκ
1256 799 1331 848 τῆς
1349 797 1562 848 βασιλείας
1583 800 1759 846 scripsis-

307 861 380 893 set.
441 854 647 902 Amyntam
676 854 798 888 altero
822 854 935 903 regni
954 865 1056 889 anno
1078 830 1339 890 dominatione
1362 866 1406 889 e:
1395 853 1572 900 cidisse,
1601 854 1760 903 docetur

309 918 348 947 et
367 913 408 947 in
431 909 607 959 Syncelli
631 907 923 958 Chronooraph.
947 922 981 958 p.
993 911 1100 949 262.
1130 906 1246 948 Met}
1282 906 1329 947 ὃ]
1351 907 1583 974 (Aeropum)
1610 906 1760 960 Ἀιιυν-

310 981 424 1012 τας(
409 963 499 1011 ἔτος
521 960 565 1002 ’ἓν
582 959 873 1013 βασιλευσας
854 962 933 1004 υπὸ
957 961 1259 1004 Mazzddev
1242 965 1302 1011 εξς
1287 961 1460 1017 ἐβλήθη.
1519 964 1635 1002 Cuius
1658 969 1762 1003 exsi-

309 1024 357 1060 lii
378 1023 489 1070 culpa
509 1021 708 1057 confertur
734 1021 790 1057 ibi
818 1024 861 1058 in
881 1021 1134 1069 Macedonas,
1169 1034 1240 1058 nec
1263 1022 1437 1069 additur,
1464 1024 1550 1070 quis
1569 1023 1628 1059 illi
1643 1021 1762 1059 suffe-

309 1085 395 1116 ctus
410 1079 540 1115 fuerit.
578 1076 799 1114 Eusebius*
787 1090 830 1114 111
851 1077 994 1115 Chron.
1019 1085 1057 1114 et
1075 1078 1337 1128 Hieronymus
1355 1079 1544 1128 Amyntac
1563 1084 1650 1127 post
1671 1091 1763 1116 exa-

312 1141 396 1173 ctos
417 1144 460 1170 vl
488 1135 601 1184 regni
627 1146 749 1171 annos
774 1147 1036 1172 successorem
1054 1134 1148 1171 dant
1163 1134 1354 1185 Argeum,
1388 1136 1523 1184 illique
1548 1141 1636 1183 post
1653 1134 1764 1171 bien·-

309 1192 420 1228 nium
441 1197 588 1228 remoto
612 1190 853 1228 substituunt
870 1191 1079 1242 Amyntam
1095 1190 1229 1228 hunc
1219 1204 1368 1240 ipsum⁷
1396 1203 1475 1227 non
1494 1203 1764 1241 usquequaque

309 1246 477 1285 Diodori
496 1248 762 1284 consentanei.
818 1248 957 1298 Liquet
975 1255 1104 1284 tamen
1123 1249 1244 1294 satis,
1275 1247 1321 1284 de
1340 1247 1468 1297 Argeo
1488 1248 1606 1284 illos·
1595 1260 1638 1284 in
1657 1247 1765 1285 Afri-

312 1317 410 1341 cano
444 1315 514 1341 suo
546 1303 694 1352 aliquid
712 1307 913 1353 reperisse.
969 1303 1099 1342 Habet
1119 1303 1262 1341 Noster
1280 1303 1324 1342 L.
1339 1303 1449 1342 Xxl.
1476 1297 1519 1343 3.
1542 1301 1765 1356 ²Apycstw,

311 1361 360 1398 ab
383 1359 685 1397 Atheniensibus
701 1361 744 1396 in
759 1360 1024 1398 Macedoniam
1041 1363 1277 1406 restitutum,
1306 1360 1373 1409 qui
1391 1360 1543 1409 quidem
1565 1372 1644 1396 non
1664 1362 1762 1397 mul-

310 1424 351 1454 to
389 1417 565 1453 diversus
593 1417 641 1453 ab
671 1415 745 1452 hoc
774 1418 895 1454 fuisse
927 1417 1095 1454 videtur.
1149 1416 1287 1453 Verius
1324 1423 1454 1452 tamen
1481 1412 1663 1467 ’.Αργέος
1697 1423 1765 1453 aut

307 1470 514 1524 ’,Αργαΐος
543 1472 817 1520 adpellabimr,
857 1476 891 1509 si
920 1473 1013 1510 boni
1042 1475 1241 1509 commatis
1271 1474 1323 1508 sit
1345 1485 1484 1508 numus
1507 1472 1676 1520 Goltzii,
1714 1475 1764 1509 ti-

307 1531 401 1566 tulis
431 1527 752 1568 BAEIAEQE
775 1529 1040 1567 APFEIOY
1062 1532 1299 1577 inscriptuS,
1343 1540 1419 1576 quo
1449 1527 1496 1564 de
1517 1527 1694 1578 Scaliger
1714 1529 1763 1565 ad

307 1583 621 1623 EusebiiChron.
641 1597 746 1621 num.
764 1583 1027 1621 MDCXXIV.
1066 1583 1245 1622 Ceterum
1264 1597 1357 1621 mox
1374 1590 1463 1632 post
1475 1579 1677 1634 Ἀμύντου
1698 1592 1766 1621 aut

309 1642 418 1678 deest
445 1643 664 1691 genitivuS,
701 1643 766 1689 qui
796 1643 981 1691 iungatur
1001 1643 1091 1678 voci
1111 1643 1209 1691 τῆς,
1247 1648 1315 1678 aut
1335 1640 1578 1678 scribendum
1594 1647 1653 1678 est
1673 1643 1762 1690 τοῦ,

310 1697 413 1747 quod
432 1699 562 1734 verius
587 1709 746 1733 censeo:
776 1711 848 1734 nee
869 1700 944 1735 alia
967 1696 1017 1733 H.
1043 1697 1232 1747 Stephani
1251 1699 1392 1745 opinio.
1449 1697 1590 1735 Wrss.
1691 1732 1694 1736 .

427 1754 534 1793 713.
561 1753 637 1792 40.
676 1748 867 1805 Σάτυρος
895 1749 916 1793 ὃ
952 1750 1206 1807 Σπαρτάκου
1232 1752 1308 1804 μὲν
1335 1749 1454 1803 υἱὸς]
1506 1752 1595 1790 Vid.
1614 1752 1762 1792 LXII.

309 1809 384 1849 36.
420 1809 599 1846 Meminit
617 1809 731 1846 huius
752 1809 889 1860 Satyri
906 1809 1046 1860 Lysias
1067 1810 1136 1847 Or.
1159 1823 1229 1858 pro
1248 1808 1429 1847 Mantith.
1448 1823 1530 1859 cap
1546 1812 1591 1849 2.
1636 1809 1764 1847 Habet

305 1872 346 1902 et
362 1861 476 1904 Σατί·
470 1880 554 1916 nov
568 1867 715 1917 masma
736 1863 891 1917 ἀνδρὸς
907 1868 992 1906 τῶν
1007 1865 1219 1919 ἐπιφανῶς
1238 1865 1435 1905 dvvaozee
1434 1881 1490 1905 οι
1494 1881 1574 1905 των
1596 1864 1638 1905 ἒν
1648 1866 1764 1906 Βοσ-

305 1917 424 1976 πόσῳ
446 1920 587 1958 Strabo
616 1922 657 1959 L.
668 1921 742 1959 XI.
765 1936 804 1972 p.
821 1924 926 1963 756.
939 1949 951 1969 ‚
987 1923 1089 1972 quod
1106 1936 1158 1959 an
1179 1922 1294 1960 huius
1314 1924 1400 1969 sit,
1415 1935 1465 1959 an
1486 1922 1620 1972 Satyri
1637 1924 1757 1969 illius,

307 1978 354 2014 de
373 1991 448 2027 quo
470 1977 512 2013 L.
524 1977 669 2015 ΧΧ.2
641 1981 716 2018 ..2.
725 2007 737 2026 ‚
766 1992 846 2016 non
864 1985 1007 2016 temere
1027 1979 1295 2017 adfirmavero.
1350 1950 1462 2016 A’lius
1481 1986 1585 2015 certe
1604 1979 1762 2017 videtur

304 2029 515 2084 Satyrus
494 2050 517 2073 ο
541 2030 767 2087 Βοσπόρου
788 2031 1010 2088 τύραννος,
1034 2038 1144 2072 cuius
1163 2049 1226 2072 res
1243 2041 1373 2086 gestas
1393 2041 1432 2072 et
1448 2043 1609 2072 mortem
1630 2037 1761 2086 signat

304 2090 491 2141 Polyaen.
522 2089 643 2127 Strat.
673 2090 718 2130 L.
739 2091 840 2128 VIII.
868 2092 964 2138 55.⁹
993 2094 1053 2129 illi
1074 2094 1175 2128 enim
1198 2094 1384 2129 successit
1402 2092 1505 2127 filius
1526 2091 1757 2142 Gorgippus.

305 2146 546 2197 Gorgippum
566 2155 693 2184 autem
712 2147 967 2185 Demostheni
994 2149 1190 2197 aequalem
1206 2147 1381 2197 perhibet
1402 2146 1621 2185 Dinarchus
1649 2148 1757 2186 Orat.

302 2205 347 2240 in
368 2201 569 2241 Demosth.
599 2215 634 2252 p.
657 2204 734 2243 95.
747 2231 759 2251 9
787 2204 988 2252 viderique
1008 2205 1104 2242 adeo
1124 2211 1254 2253 posset
1274 2203 1409 2255 Satyri
1427 2206 1508 2240 eius
1529 2204 1655 2252 filius,
1690 2207 1756 2254 qui

302 2257 478 2296 Berisadi
500 2259 701 2307 successit,
729 2261 771 2297 ni
795 2273 838 2297 ea
857 2261 1068 2308 obstarent,
1096 2274 1192 2310 quae
1211 2267 1346 2298 auctor
1369 2260 1415 2297 de
1439 2259 1582 2310 Satyro
1607 2274 1651 2297 eo
1674 2274 1754 2298 me-

300 2318 446 2353 moriae
476 2316 649 2353 tradidit.
705 2315 855 2366 Opinor
881 2319 924 2354 in
950 2324 1056 2366 parte
1084 2319 1213 2367 aliqua
1236 2316 1352 2354 Ponti
1377 2330 1561 2367 regnasse
1588 2324 1627 2354 et
1645 2316 1753 2354 Beri-

300 2371 385 2408 sadi
416 2383 654 2419 aequaevum
681 2373 816 2410 fuisse.
872 2372 984 2411 Conf.
1013 2373 1174 2410 [socrat.
1205 2372 1399 2421 Trapezit.
1431 2387 1466 2422 p.
1489 2374 1593 2412 529.
1633 2373 1752 2411 Prae-

296 2428 408 2465 teriit
424 2427 669 2479 Gorgippum
690 2431 733 2466 in
753 2430 934 2468 Historia
951 2429 1047 2480 Reg.
1061 2429 1179 2467 Ponti
1198 2429 1440 2467 doctissimus
1459 2428 1502 2465 P.
1515 2429 1564 2466 E.
1584 2428 1752 2467 Souciet.

297 2481 495 2521 Conmode
528 2491 725 2532 praeterea
751 2487 940 2523 articulus
969 2493 1059 2524 ante
1088 2481 1340 2540 Σπαρτάκου
1372 2498 1530 2534 vocem,
1568 2493 1614 2523 ut
1643 2485 1751 2524 Rho-

296 2539 402 2580 dom.
423 2543 599 2588 monuit,
627 2542 760 2579 abesse
780 2545 936 2591 poterit.
993 2543 1136 2582 Wssss.

409 2598 515 2636 713
543 2597 617 2636 52.
668 2595 765 2644 Υἱὸς
790 2594 994 2652 Λεύκων]
1029 2597 1253 2636 Celebratur
1276 2597 1389 2635 huius
1414 2611 1554 2636 nomen
1582 2600 1746 2636 vetustis

293 2650 531 2690 Graecorum
549 2656 823 2691 monumentis.
877 2655 909 2692 V
913 2656 965 2692 id.
986 2654 1154 2692 Aeneam
1176 2654 1285 2692 Tact.
1306 2668 1386 2703 cap.
1404 2655 1443 2693 5.
1471 2653 1611 2693 Athen.
1622 2655 1664 2692 L.
1675 2655 1740 2694 vi.

289 2720 328 2757 p-
351 2710 459 2749 257.
489 2708 539 2747 D.
578 2708 763 2760 Polyaen.
786 2710 829 2749 L.
837 2711 885 2752 V.
907 2712 983 2752 44.
1018 2718 1056 2749 et
1081 2710 1208 2748 L.V1.
1233 2713 1274 2750 9.
1314 2710 1567 2748 Athenienses
1588 2724 1675 2750 eum
1694 2713 1743 2749 li-

288 2765 476 2816 berosque
506 2767 664 2803 civitate
695 2766 910 2816 donarunt,
941 2767 1201 2806 Demosthene
1223 2773 1321 2804 teste
1342 2770 1382 2805 in
1405 2766 1558 2815 Leptin.
1582 2781 1618 2816 p.
1631 2759 1741 2808 282

286 2820 367 2858 Sed
386 2820 480 2859 haec
505 2835 713 2872 occupasse
729 2824 844 2863 video
862 2822 942 2863 Cel.
961 2824 1040 2867 Iac
1059 2823 1237 2863 Perizon
1259 2823 1309 2863 ad
1325 2823 1473 2863 Aelian.
1487 2823 1532 2861 V.
1559 2823 1663 2862 Hist.
1693 2825 1733 2861 L.

284 2876 348 2914 VI.
374 2879 470 2928 13.,
500 2890 613 2929 quem
629 2879 707 2920 adi.
762 2880 898 2921 Wrss.
