1828 3253
290 187 382 227 778
719 179 1241 220 ANNOTATIONES

285 297 405 335 Brevi
423 295 517 333 haec
539 307 714 332 sermone
733 292 950 339 Diodorus,
977 294 1154 331 uberiore
1174 292 1394 342 Xenophon
1415 292 1503 332 Rer.
1527 294 1663 335 Graec.
1687 296 1730 333 L.

286 353 355 391 111.
378 366 412 402 p.
435 353 539 392 387.
562 358 600 388 et
620 352 696 388 Vit.
716 350 859 402 Agesil.
884 362 919 398 p.
943 350 995 389 51
1009 351 1061 397 5..
1084 364 1104 386 e
1123 362 1198 398 quo
1218 358 1412 399 praeterea
1433 353 1602 399 adparet,
1622 353 1731 401 plura

285 412 329 447 in
350 409 451 445 hunc
471 421 614 445 annum
635 408 757 445 fuisse
778 407 982 453 conducta,
1011 418 1106 456 quae
1126 408 1166 443 in
1188 408 1317 455 plures
1338 408 1492 444 fuerant
1511 409 1731 457 dispescen-

288 466 349 504 da.
375 465 424 502 W
429 475 510 501 uss.

402 521 507 561 703.
531 521 604 559 73.
637 516 697 558 Τὸ
719 517 959 570 Καΰστριον
980 516 1146 569 πεδίον]
1179 517 1273 555 Post
1295 531 1414 566 pauca
1434 516 1481 558 τὸ
1503 517 1729 569 Καΰστρου

285 576 439 616 πεδίον.
476 576 680 613 Strabonis
708 572 1001 626 Καϋστριανόν
1029 574 1193 621 πεδίον,
1227 575 1266 612 id
1289 576 1540 612 describentis
1561 575 1603 612 L.
1622 576 1729 612 ΧΙΙΙ.

284 645 322 683 p.
347 635 454 673 929.
468 660 479 679 ,
504 631 699 669 Eustathii
720 628 959 683 Καΰστριον
985 630 1124 671 πεδίον
1157 638 1195 669 et
1215 629 1494 685 Καϋστρηνὸν
1516 635 1558 669 in
1578 631 1731 682 Diony-

285 692 336 728 sii
356 689 504 739 Perieg.
527 703 565 726 v.
592 689 697 729 857.
728 688 869 724 WEss.

399 746 503 786 703.
527 746 599 785 79.
640 741 762 795 Πρὸς
788 741 1002 796 Νεφερέα]
1029 742 1116 780 Hoc
1134 746 1309 793 praetuli.
1335 743 1568 798 Νεφερίτης
1588 744 1729 781 dicitur

282 804 326 841 in
357 801 515 839 Eusebii
545 799 737 838 Chronico
767 814 801 850 p.
823 801 897 839 45.
931 799 1105 836 lustinus
1136 801 1189 836 ita
1213 799 1253 836 L.
1276 800 1338 836 Vl.
1361 802 1400 839 3.
1435 800 1515 838 His
1542 803 1728 850 cognitis,

282 859 593 897 Lacedaemonii
619 864 661 894 et
685 858 764 907 ipsi
791 870 816 893 a
847 869 941 906 rege
971 856 1145 907 Aegypti
1174 856 1327 895 HERC
1338 856 1550 895 YNIONE
1570 858 1728 895 aurilia

281 916 441 953 navalis
466 915 649 964 belliper
669 913 824 962 legatos
839 919 1009 964 petunt:
1048 926 1073 950 a
1095 925 1169 962 quo
1195 919 1348 950 centum
1369 915 1552 950 trrhemes
1577 921 1617 950 et
1632 926 1726 949 sex-

281 979 398 1010 centa
422 971 548 1008 millia
570 969 1004 1016 modioru7nf1mnenti
1024 971 1169 1006 missa.-
1197 975 1399 1018 corruptus
1417 971 1458 1006 in
1477 970 1582 1019 regis
1603 971 1728 1005 nomi-

280 1041 343 1074 ne,
374 1028 489 1064 sicuti
509 1026 774 1063 discordantes
793 1033 965 1063 veterum
984 1024 1104 1064 Codd.
1129 1027 1342 1073 scripturae
1366 1025 1584 1071 declarant,
1612 1028 1726 1074 inque

279 1086 417 1122 ceteris
446 1097 468 1120 a
499 1081 672 1120 Diodoro
705 1082 919 1119 discedens.
957 1081 1113 1132 Legisse
1138 1080 1292 1118 videtur
1319 1084 1359 1118 in
1381 1084 1589 1130 scriptore,
1616 1093 1728 1129 quem

279 1142 484 1188 expressit,
503 1135 701 1190 ἑξήκοντα
723 1137 838 1177 σίτου
859 1134 1077 1189 μυριάδας,
1095 1149 1163 1185 pro
1183 1138 1318 1187 quibus
1339 1140 1418 1186 ipse
1438 1145 1627 1175 sexcenta
1647 1150 1729 1173 mo-

280 1198 435 1236 diorum
467 1197 608 1233 millia.
655 1193 794 1232 Solent
820 1201 948 1231 tamen
980 1194 1120 1231 Graeci
1153 1207 1196 1230 ea
1226 1196 1267 1230 in
1295 1194 1460 1230 formula
1487 1195 1727 1244 frequentius

276 1252 504 1304 μεδιίιινους
541 1252 781 1303 intelligere,
827 1257 870 1288 ut
903 1249 1152 1288 Demosthen.
1178 1249 1245 1287 Or.
1284 1251 1326 1286 in
1364 1249 1515 1299 Leptin.
1551 1264 1588 1301 p.
1620 1250 1727 1290 283.

275 1309 413 1348 wssss.

392 1364 497 1405 703.
533 1364 605 1404 83.
653 1358 803 1415 Φάραξ
835 1360 880 1401 δὲ
903 1384 950 1390 -
972 1357 1208 1414 ναύαρχος]
1248 1361 1320 1398 Est
1350 1362 1451 1410 apud
1475 1361 1728 1412 Xenophont.

275 1421 431 1460 Hellen.
456 1420 521 1457 ΙΙΙ.
544 1434 579 1469 p.
602 1420 659 1459 38
674 1422 706 1459 Ι.
726 1426 763 1456 et
784 1418 924 1456 Athen.
944 1417 1036 1457 XH.
1068 1431 1104 1466 p.
1129 1419 1232 1458 536.
1253 1417 1309 1464 C.,
1340 1417 1506 1455 hominis
1526 1421 1656 1455 luxum
1687 1425 1726 1454 et

275 1480 495 1527 voluptates
526 1489 576 1514 ex
607 1474 856 1527 Theopompo
887 1481 1098 1514 notantem.
1143 1473 1202 1511 De
1234 1474 1430 1512 Sasandis
1462 1473 1595 1512 Cariae
1624 1474 1726 1512 nihil

275 1538 382 1573 novi.
415 1533 550 1569 Wssss.

392 1590 497 1631 703.
535 1588 608 1628 94.
637 1581 787 1625 εΡόδιοι
819 1584 865 1625 δὲ
893 1582 1139 1636 ἐκβαλόντες
1165 1582 1240 1624 τὸν
1267 1587 1351 1624 τῶν
1376 1584 1726 1637 Πελοποννησίων

276 1643 376 1697 etc.]
419 1644 555 1683 Conon
584 1642 747 1680 Rhodiis
780 1644 993 1691 persuasit,
1027 1650 1071 1680 ut
1102 1641 1150 1679 ad
1179 1645 1309 1693 magni
1327 1645 1430 1693 regis
1454 1649 1493 1679 et
1513 1642 1728 1679 Athenien-

274 1705 374 1740 sium
408 1715 447 1738 se
475 1703 696 1739 societatem
728 1706 998 1751 aggregarent.
1046 1698 1171 1736 Docet
1200 1699 1411 1737 Pausanias
1442 1699 1485 1736 L.
1517 1698 1581 1736 Vl.
1614 1700 1654 1739 7.
1684 1711 1721 1748 p.

272 1760 381 1800 470
411 1757 550 1796 Wnss

389 1815 495 1856 703.
516 1813 591 1853 99
623 1806 945 1865 Τεθαρρηκότες
966 1808 1247 1860 προσεπλεον]
1277 1810 1384 1848 Alias
1403 1807 1726 1877 τεθαρρηκότως

272 1878 498 1922 praeoptare
517 1870 639 1915 solet,
662 1870 785 1906 veluti
803 1881 888 1904 cum
909 1867 952 1906 L.
975 1867 1100 1904 XVll.
1124 1868 1195 1907 19.
1218 1863 1541 1920 τεθαρρηκότως
1560 1866 1723 1918 ἐδέχον-

270 1943 319 1968 το
349 1926 425 1979 τὴν
455 1939 659 1993 επιφοραν
690 1926 775 1965 τῶν
804 1921 910 1962 καθ’
948 1919 999 1962 αὖ
1000 1920 1101 1991 τοιίις
1131 1922 1400 1976 τεταῃμνκμειωι
1437 1931 1476 1960 et
1498 1937 1530 1960 c.
1555 1925 1628 1964 76.
1658 1938 1723 1963 τε-

271 1978 554 2037 θαρρηκότως
571 1996 648 2032 την
672 2002 721 2009 --
746 2002 795 2008 —
818 1975 1012 2033 ἔφοδονε
992 1977 1207 2029 υπέμενον.
1254 1980 1395 2016 Verum
1415 1979 1551 2016 hocin
1579 1993 1722 2030 genera

273 2042 347 2077 sibi
369 2040 588 2089 indulgent,
617 2044 745 2087 atque,
773 2043 816 2075 ut
834 2036 954 2083 lubet,
976 2039 1190 2073 orationem
1210 2038 1363 2074 variant
1383 2036 1535 2075 Graeci.
1565 2036 1653 2075 Vid.
1671 2037 1721 2074 ad

271 2096 316 2135 L.
336 2097 381 2135 V.
403 2098 479 2135 21.
512 2094 653 2131 WEss

391 2151 592 2194 704.13.
626 2151 714 2200 Τῆς
734 2163 848 2201 παρα
867 2144 941 2187 τὸν
961 2145 1146 2186 Σιτυλον
1163 2145 1403 2199 παρωρίας]
1442 2147 1617 2185 Praestat
1637 2165 1720 2187 πα-

271 2207 458 2262 ρωρεί.ας
490 2207 531 2243 ln
552 2219 594 2243 re
613 2212 723 2257 gesta
742 2206 844 2242 forte
869 2203 1156 2254 Theopompum
1178 2211 1331 2240 secutus
1351 2210 1430 2241 est:
1469 2217 1558 2243 nam
1581 2204 1719 2243 Xeno-

270 2264 376 2316 phon
393 2266 519 2314 paullo
539 2263 653 2299 aliter
675 2261 765 2298 Rer.
784 2261 920 2298 Graec
941 2260 983 2297 L.
1004 2259 1070 2296 Ill.
1094 2273 1130 2309 p.
1151 2260 1257 2300 390.
1286 2260 1420 2297 Wssss.

386 2321 587 2362 704.16.
615 2315 822 2371 Ἐφθειρε
842 2312 938 2363 τούς
958 2331 1000 2355 τε
1022 2312 1206 2367 κηπους]
1244 2315 1446 2354 Conmisso
1474 2318 1639 2367 praelio,
1669 2318 1717 2356 de

270 2389 348 2426 quo
368 2389 482 2423 mox,
520 2381 702 2424 partaque
732 2376 894 2412 victoria
922 2372 1125 2424 Agesilaus
1155 2369 1283 2418 afflig
1310 2365 1406 2424 ῗῃεν
1435 2387 1499 2411 επι
1533 2370 1716 2426 Σάρδεις.

269 2431 391 2474 κακεΐ
405 2430 493 2483 ἅμα
510 2430 586 2482 μὲν
608 2445 715 2469 εκαιε
735 2445 802 2468 και
832 2425 1000 2482 επόρθει
1021 2425 1072 2467 τὰ
1093 2428 1183 2478 περι
1212 2443 1258 2467 το
1285 2443 1413 2475 αστυ,
1453 2426 1541 2480 ἅμα
1573 2430 1618 2469 δὲ
1648 2430 1718 2469 καὶ

269 2505 319 2530 κγ
308 2484 458 2545 J'vatd
480 2503 517 2528 τι
537 2482 685 2538 ἔδηλου
710 2493 781 2523 etc.
811 2486 910 2536 apud
934 2484 1112 2534 Xenoph.
1133 2484 1277 2535 Agesil.
1299 2499 1335 2534 p.
1357 2486 1461 2525 519.
1492 2486 1627 2523 WEss

387 2545 494 2586 704.
528 2545 603 2583 20.
638 2542 724 2582 Καὶ
761 2539 1023 2594 Θυβαριιῦν]
1052 2541 1138 2578 Vox
1162 2549 1351 2590 corrupta.
1382 2542 1483 2593 Lege
1509 2539 1714 2594 Θυμβρά-

271 2617 356 2654 ρων
393 2614 442 2638 ex
472 2600 672 2650 Stephano
705 2605 743 2635 et
769 2597 1028 2648 Xenophonte
1056 2597 1207 2634 L.V11.
1237 2596 1449 2647 Cyropaed
1489 2598 1550 2650 (Ι.
1577 2598 1640 2637 Vl.
1675 2613 1710 2648 p.

275 2655 400 2709 126.)
437 2657 569 2693 PALM.
605 2654 708 2693 Citat
729 2654 948 2704 Stephanus
981 2649 1217 2704 Θύμβραρα
1239 2667 1287 2690 ex
1305 2654 1588 2703 Xenophonte,
1617 2667 1712 2703 quae

268 2715 370 2764 apud
392 2727 479 2751 eum
490 2725 690 2763 nusquam.
715 2710 842 2748 Habet
858 2708 908 2750 τὰ
932 2706 1137 2763 Θῑβαρρα
1156 2722 1233 2747 non
1249 2712 1362 2761 longe
1381 2724 1403 2747 a
1417 2711 1575 2748 Pactolo
1589 2725 1713 2758 amne,

269 2772 444 2809 variante
472 2777 600 2807 tamen
630 2770 831 2817 scriptura.
879 2767 1073 2817 Oppidum
1095 2778 1174 2803 non
1202 2767 1309 2803 aliud
1330 2766 1482 2804 videtur
1503 2774 1615 2816 atque
1637 2767 1709 2805 hoc

266 2827 406 2876 ipsum,
425 2826 540 2876 idque
561 2824 731 2863 dudum
721 2837 763 2862 111
781 2822 981 2861 Thesauro
1000 2836 1070 2861 suo
1092 2822 1264 2860 ortelius
1285 2824 1575 2861 conmonefecit.
1607 2825 1710 2868 Qua-
