1828 3253
493 75 555 112 IN
584 74 695 114 LIB.
726 75 781 112 II.
820 74 946 112 CAP.
978 78 1052 116 47.
1080 78 1153 118 48.
1467 82 1558 122 215

107 187 346 237 Asphaltitae
378 187 518 224 iisdem
546 188 673 225 verbis
699 188 840 235 repetit
858 185 900 223 L.
923 185 1038 225 XIX.
1063 190 1164 235 98.;
1212 191 1316 227 tude
1341 204 1386 227 eo
1407 191 1456 230 H.
1480 191 1553 229 Re-

105 245 263 282 landum
287 244 316 280 I.
343 244 550 281 Palaestin.
575 257 607 280 c.
635 245 709 284 38.
741 244 816 282 adi.
846 243 981 280 W'Ess.

220 302 321 340 160.
344 301 416 341 83.
461 297 520 339 Τὰ
551 299 628 348 μὲν
657 302 790 351 μῆκος
814 299 992 338 σταὸίἰον
1015 293 1070 345 ὥς
1091 301 1396 352 πεντακοσίων]
1449 305 1548 341 Iose-

102 357 199 405 phus
220 356 281 393 lv.
303 355 344 393 Β.
368 356 393 392 Ι.
408 359 447 396 8.
469 356 511 394 4.
542 355 607 392 dat
630 357 688 393 illi
711 356 989 405 longitudinem
1013 356 1108 392 stad.
1141 367 1298 394 1.)1.xxx
1320 367 1357 395 et
1376 362 1548 398 latitudi-

102 426 189 450 nem
210 423 270 459 C1.,
291 424 400 460 quem
422 425 492 462 ego
514 412 747 459 sequendum
767 412 946 449 arbitror.
990 410 1112 449 Porro
1133 413 1180 449 ad
1202 418 1428 452 sententiam
1449 416 1545 453 nihil

100 470 289 514 intererit,
319 468 401 504 sive.
423 475 464 505 tu
492 480 582 504 mox
603 464 896 517 ἐμβαλλόντων
928 480 993 504 seu
1025 465 1310 517 ἐκβαλλόντων
1334 476 1544 519 receperis:

99 532 301 572 utrumque
321 523 366 559 de
387 523 538 570 fluviis,
568 526 607 560 in
627 537 730 560 mare
752 531 819 561 aut
844 525 968 560 lacum
990 536 1071 559 sese
1091 526 1375 572 evolventibus,
1396 536 1541 565 rectum

100 588 170 628 est,
198 588 240 617 ut
262 581 435 628 superius
457 593 488 616 c.
516 580 597 626 13„
620 580 685 617 ubi
706 580 837 617 eadem
861 582 900 616 in
913 577 1030 616 Codd.
1055 583 1233 617 varietas.
1292 581 1448 619 Fluvios
1472 598 1537 621 au-

97 644 174 674 tem
201 649 383 686 magnos,
426 638 491 684 qui
531 637 570 671 in
594 637 716 673 lacum
750 636 939 681 influunt,
971 643 1082 684 atque
1106 649 1127 673 a
1156 637 1305 674 Galeno
1328 638 1390 675 lv.
1420 639 1539 690 Simp.

98 693 199 730 Med.
221 691 368 730 lacult.
403 704 437 740 p.
462 692 532 731 53.
564 692 838 743 designantur,
867 692 1067 729 Iordanem
1088 700 1203 740 atque
1229 693 1425 732 Arnonem
1445 710 1540 743 esse,

96 761 420 798 supervacaneum
445 756 515 793 est,
544 755 587 784 ut
613 757 824 785 moueatur.
856 748 906 784 W
912 759 994 784 Ess.

210 805 311 844 160-
324 804 398 843 91.
426 801 513 856 Ἐφ’
539 802 595 843 ὡν
619 802 666 855 ὸν)
692 801 887 855 συνήθως
902 801 992 855 etc.]
1036 803 1146 841 Haud
1169 808 1250 842 scio
1273 813 1401 844 utrum
1423 820 1536 856 prae—

93 862 233 908 positio
257 860 317 896 hic
337 860 546 905 redundet,
588 873 637 897 an
662 874 753 898 vero
777 863 875 907 alia,
909 868 950 897 ut
982 858 1051 913 ἀφ)
1088 863 1149 898 vel
1185 860 1228 908 ἐξ
1272 864 1451 900 substitui
1472 866 1535 901 de-

0 925 6 962 l
94 917 192 953 beat.
221 915 356 954 Rflon.
394 913 479 966 Ἐφ’
515 931 546 954 ω
578 913 627 967 δὴ
663 912 859 968 συνήθως
885 914 978 968 etc.]
1016 916 1151 953 Posset
1178 919 1260 954 sine
1291 921 1371 956 ulla
1390 922 1536 958 iactura

91 974 325 1022 praepositio
346 971 436 1009 hinc
460 957 672 1019 eliminari3
722 986 793 1009 nec
814 975 926 1010 eiicio
946 980 1094 1019 tamen,
1124 976 1214 1022 quia
1235 975 1313 1022 ipse
1337 977 1529 1013 mordicus

93 1043 177 1066 eam
207 1036 312 1064 tenet
342 1027 383 1064 L.
405 1027 519 1066 XIX.
545 1030 636 1074 98„
665 1029 730 1065 sed
765 1026 826 1081 ἐφ’
853 1020 885 1084 ᾧ
907 1029 1099 1075 scribens,
1133 1030 1255 1078 quod,
1286 1044 1458 1069 caussam
1478 1035 1533 1071 rei

90 1087 278 1130 innuens,
321 1087 376 1121 uti
398 1084 557 1121 Photius
578 1084 698 1132 Epist.
727 1086 780 1124 15
786 1087 829 1125 2.
852 1085 1041 1131 ostendit,
1069 1087 1201 1135 probo.
1264 1086 1448 1135 Iosephus
1467 1089 1530 1125 11.

87 1139 130 1177 B.
152 1140 181 1177 1.
207 1143 244 1180 8.
266 1141 308 1178 4.
338 1141 536 1176 bituminis
555 1142 686 1191 glebas
711 1156 781 1187 το,
822 1156 862 1179 τε
892 1143 1031 1192 σχῆιια
1054 1141 1120 1179 καὶ
1152 1139 1196 1180 τὸ
1227 1141 1303 1194 μέ)
1306 1146 1405 1189 estne
1428 1141 1530 1183 ταύ-

87 1211 174 1248 ροις
203 1191 424 1248 ἀκεφάλοις
454 1196 747 1248 παραπλησίας
775 1197 1000 1244 perhibens,
1041 1197 1132 1234 hacc
1163 1202 1316 1249 egregie
1346 1202 1526 1247 illustrat,

56 1290 59 1291 γ
86 1254 332 1300 vicissimque
352 1252 451 1288 haud
471 1254 556 1289 leve
574 1255 830 1302 patrocinium
849 1255 992 1301 reperit
1012 1262 1145 1290 contra
1169 1257 1250 1291 eius
1272 1263 1444 1302 conatus,
1462 1261 1527 1305 qui

83 1307 286 1360 ταυρειόις
315 1304 556 1360 ἀκεφάλοις,
582 1309 756 1359 pellibus
785 1312 979 1355 taurina,
1012 1312 1144 1361 capite
1168 1315 1388 1359 truncatis,
1436 1327 1525 1350 suae

85 1367 253 1402 orationi
274 1367 366 1401 satis
389 1366 659 1413 intempestive
677 1366 888 1416 ingerebat.
913 1366 1047 1405 1171385.

199 1422 300 1461 160.
321 1422 364 1460 2.
391 1418 578 1460 Ἐπειδὰν
599 1419 867 1473 ἀναφυσῆσαι
892 1421 1055 1475 σι’,ιιβῇ]
1083 1419 1452 1475 Ἀναφυσηθῆναι,
1482 1432 1524 1460 ut

82 1475 198 1513 XIX.
220 1478 294 1517 98.
316 1477 470 1514 videtur
491 1478 746 1514 commodius:
796 1480 941 1526 alioqui
967 1491 1015 1516 ex
1044 1479 1304 1527 superioribus
1327 1492 1523 1516 arcessen-

84 1532 174 1569 dum
203 1534 276 1569 erit
303 1532 448 1583 Mamm
476 1534 726 1581 vocabulum,
766 1547 815 1571 ne
845 1531 1112 1588 ἀναφυσῆσαι
1142 1536 1271 1572 fulcro
1296 1536 1524 1574 destitutum

83 1596 248 1625 corruat.
283 1588 418 1625 Wess.

196 1646 298 1685 160
322 1645 364 1684 4.
385 1642 545 1696 Hya-91]
570 1641 613 1682 δ’
641 1642 725 1683 ἔστι
743 1642 1063 1699 φοινικόφυτος]
1089 1646 1183 1683 Hoc
1205 1649 1456 1695 amplector,
1446 1651 1521 1696 ipsi

78 1698 250 1738 Diodoro
270 1699 386 1738 XIX.
409 1702 483 1742 98.
507 1702 728 1751 probatum,
764 1705 1004 1751 positumque
1024 1703 1071 1740 ad
1091 1705 1305 1752 exemplum
1325 1703 1520 1741 Homerici

79 1753 119 1794 ὀ.
109 1754 221 1808 ἀθη
242 1753 526 1809 κουροτρόφος
547 1757 634 1807 Ody
638 1771 688 1794 ss.
706 1757 734 1796 I.
757 1761 831 1798 27.
888 1759 1041 1796 Palmas
1061 1766 1184 1796 autem
1207 1761 1412 1796 laetissime
1433 1772 1521 1807 pro-

77 1815 211 1849 venire
238 1825 354 1862 prope
384 1812 674 1850 Hierichuntem
706 1821 840 1852 testem
868 1815 1048 1852 habemus
1077 1814 1225 1864 Ioseph.
1257 1815 1319 1852 IV.
1350 1815 1392 1852 Β.
1420 1816 1448 1851 1.
1477 1820 1516 1856 S.

80 1869 143 1915 3.,
179 1881 300 1917 neque
327 1870 414 1906 aliis
445 1869 576 1905 deesse
606 1869 769 1907 Arabiae
801 1873 917 1918 locis,
949 1872 991 1908 in
1015 1873 1139 1907 lacum
1162 1885 1295 1908 versus
1319 1874 1517 1920 porrectis,

77 1923 331 1973 Theophrast.
355 1925 403 1962 II.
425 1925 474 1964 H.
500 1926 626 1964 Plant.
652 1929 692 1966 8.
724 1935 762 1962 et
783 1927 926 1964 Auctor
947 1935 1142 1978 gestorum
1170 1926 1211 1964 S.
1234 1925 1420 1975 Stephani
1445 1927 1517 1965 Sa-

75 1980 200 2018 baitae
221 1995 254 2019 c.
269 1984 289 2022 l
304 1983 341 2021 I.
364 1989 404 2018 et
420 1983 503 2028 ult.‚
529 1993 626 2030 quae
648 1981 771 2019 T.III.
797 1983 880 2020 Act.
903 1983 1033 2020 Sanct.
1048 1983 1168 2025 Mens2
1189 1983 1259 2020 lul.
1280 1985 1325 2021 ab
1339 1984 1515 2021 Antwcr-

76 2038 272 2086 piensibus
291 2039 437 2075 inserta
454 2045 543 2074 sunt
565 2037 736 2085 [esuitis‚
770 2040 1098 2076 condocefaciunt.
1124 2040 1173 2076 11
1179 2050 1259 2076 ESS.

192 2095 295 2134 160·
325 2096 366 2134 7.
389 2091 456 2132 Ἐν
478 2092 630 2132 afflant
651 2095 726 2132 τινὶ
749 2094 796 2134 τὸ
827 2097 902 2134 καὶ
908 2093 1080 2146 oz'mevwl
1109 2092 1182 2134 ¹301).
1188 2100 1349 2145 σαιιοι]
1395 2095 1514 2133 Intel-

75 2149 164 2200 ligit
192 2147 358 2189 αὐλῶνα
388 2152 463 2200 τῆς
477 2145 645 2200 Ιιςζιιχοῦ
653 2165 766 2197 ντος,
798 2164 910 2200 quam
933 2153 1073 2189 vallem
1095 2126 1197 2188 hand
1220 2154 1317 2189 male
1336 2156 1515 2201 expinxit

76 2203 210 2242 lustin.
228 2205 417 2242 ΧΧΧ1Ι.
429 2207 468 2244 3.
503 2206 599 2242 Erat
618 2207 665 2242 ad
689 2220 771 2243 eam
791 2208 969 2257 oppidum
992 2207 1163 2257 Engudi,
1184 2209 1284 2245 unde
1306 2210 1513 2246 balsamum

77 2259 345 2314 Engadenum.
387 2262 523 2298 Galen.
545 2262 573 2298 1.
599 2262 644 2298 de
667 2262 837 2300 Antidot.
856 2278 889 2312 p.
914 2266 1020 2304 427.
1046 2263 1111 2302 dm.
1134 2264 1177 2302 de*
1196 2262 1267 2303 τὸν
1288 2261 1437 2311 τόπον,
1470 2265 1511 2304 ἐι

76 2315 109 2354 ὡ
130 2319 345 2367 γεννᾶται
334 2319 524 2357 πλεῖστον
545 2318 611 2356 καὶ
633 2315 850 2358 καΛλιστον
872 2318 1234 2386 (opobalsamum)‘
1222 2319 1358 2373 ἕτερον
1379 2318 1512 2370 ὅιομα

77 2358 296 2424 ὀξύτερον
283 2372 398 2424 ἔχον,
438 2372 484 2413 τὸ
503 2372 568 2412 '13¹
547 2374 671 2426 Μ’γαὸφ
681 2372 750 2413 νὸι
769 2390 846 2427 γαρ
868 2372 1130 2426 ὀνοιιάζεται,
1161 2381 1342 2427 κρεῖττον
1363 2375 1408 2415 ὸν
1429 2380 1511 2415 τῶν

78 2428 120 2466 ἐν
141 2426 280 2475 ἄλλοις
294 2444 461 2481 χωριοις
479 2433 553 2481 τῆς
572 2431 671 2469 Ilm.
675 2445 887 2482 αιστιννς
878 2430 1109 2484 ἰιομένιυν-
1141 2431 1207 2469 Sic
1229 2445 1272 2469 ea
1293 2434 1396 2483 lege:
1423 2446 1511 2469 nam

76 2481 123 2523 τὸ
148 2483 210 2522 Σι
200 2483 390 2536 ἀδινὸν,
415 2486 515 2536 quod
538 2487 627 2523 libri
645 2487 873 2533 ostendunt,
901 2489 1013 2524 nauci
1033 2495 1090 2524 est
1109 2495 1146 2525 et
1164 2501 1323 2536 pravum
1330 2464 1510 2525 ε,νοοεὼιι-

76 2543 167 2577 lum.
224 2540 267 2578 ld
289 2541 406 2588 benc,
430 2542 530 2591 quod
552 2550 589 2578 et
607 2544 695 2579 aliis
716 2543 742 2579 l'
746 2545 983 2580 aluestinae'
973 2557 1012 2580 ιη
1032 2545 1127 2580 Iocis
1147 2547 1257 2595 gigni
1277 2545 1402 2581 addit:
1434 2547 1510 2581 cir-

77 2610 123 2633 ca
152 2598 253 2633 enim
282 2595 535 2647 Scythopolin
563 2605 687 2635 aetate
717 2599 897 2636 Aristidis
921 2599 969 2636 T.
993 2599 1055 2636 III.
1080 2612 1114 2648 p.
1141 2603 1196 2640 59
1207 2602 1243 2639 5.
1274 2601 1511 2637 nascebatur.

76 2652 154 2689 lam
176 2652 370 2690 Diodorus
388 2654 489 2703 quod
509 2655 730 2705 subiungit,
758 2667 944 2703 nusquam
964 2655 1002 2692 id
1023 2657 1115 2693 alibi
1133 2664 1321 2694 terrarum
1339 2658 1513 2705 reperiri,

77 2710 117 2746 id
142 2722 234 2747 vero
255 2716 298 2747 ut
321 2711 496 2748 omnibus
517 2712 800 2760 persuadeatur,
826 2712 1033 2748 difficulter
1052 2714 1208 2752 tenebit.
1241 2712 1399 2750 Videtur
1413 2714 1513 2749 enim

4 2710 25 2725 l
