1828 3253
285 174 380 216 710
748 171 1275 214 ANNOTATIONES

395 286 501 327 628.
525 284 598 325 32.
643 283 729 325 Καὶ
760 281 834 326 τὸν
858 283 1063 325 Φιλοκλέα
1093 282 1381 340 τρεψάμενος]
1422 285 1529 326 Haeo
1567 295 1606 326 et
1639 301 1735 339 quae

283 334 574 391 consequuntur
609 343 773 380 multum
809 342 954 380 distant
982 356 1003 380 a
1023 342 1282 394 Xenophonte
1313 343 1465 381 Hellen.
1486 344 1533 381 11.
1564 357 1599 394 p.
1629 347 1735 386 356.

285 402 325 436 et
345 397 823 449 Plut.1.ysand.p.438.
856 398 901 436 ld
922 399 1109 447 demiror,
1134 402 1280 438 nullam
1299 399 1361 436 hic
1380 401 1611 449 proditionis
1631 415 1739 439 men-

284 458 430 493 tionem
451 457 581 502 iniici,
610 468 683 505 qua
708 454 866 505 Tydeus
896 462 935 491 et
955 455 1182 494 Adimantus
1200 459 1359 494 classem
1384 457 1575 507 Lysandri
1599 460 1639 495 in
1671 470 1741 506 po-

287 518 464 549 testatem
481 511 687 549 tradidisse
708 511 971 561 perhibentur.
1003 512 1100 551 Vide
1117 512 1349 552 Pausaniam
1366 513 1410 552 L.
1428 512 1480 550 X.
1503 515 1544 553 9.
1578 526 1613 563 p.
1635 516 1743 555 820.

287 567 424 606 Wssss.

286 630 290 638 ‘
403 625 509 664 628.
522 623 595 664 4.5
615 619 1412 692 ἷΙἸιῖτεπεζῖ]διαγωνίζεσθαιδυνάμενοι]
1425 624 1617 663 Sicsolet:
1637 627 1746 676 paul-

289 681 329 719 lo
349 687 439 718 ante
459 677 564 731 μετὰ
585 683 667 719 τήν
688 677 899 720 εἰωθότων
922 680 1018 736 πεζῗ]
1037 677 1261 732 μάχεσθαι.
1281 682 1332 721 Et
1350 682 1393 722 L.
1406 682 1477 719 XI.
1495 683 1566 723 19.
1583 685 1746 736 φοβον·-

290 734 426 789 μένων
446 739 529 776 τῶν
536 732 605 774 ‘Ei
609 733 744 787 ληνων
766 737 863 791 uagi}
884 737 976 790 (hay
979 738 1071 779 cumi.
1058 740 1210 787 ‚ae'ctffaa
1227 745 1308 776 tum
1326 739 1496 777 eiusdem
1515 740 1603 776 libri
1624 753 1656 776 c.
1673 741 1745 780 76.

289 792 362 833 ’καὶ
381 793 440 831 Ν
436 793 581 831 4YM
580 793 696 831 AX]
700 794 739 831 -1ι
758 793 834 845 μὲν
855 793 1045 859 ἐιίκησαν
1067 792 1165 841 τοὺς
1188 790 1473 843 ἀποστάντας,
1500 796 1684 835 ΠΕΖΗι
1708 792 1745 835 δ’

293 847 370 889 Οὐκ
390 847 533 899 ἴσχυον
554 847 739 898 ἐκβαλεῖν
760 853 835 902 τῆς
856 845 1027 896 πόλεως.
1059 851 1193 888 Wuss.
1267 870 1269 872 ·

411 908 519 947 628.
548 906 623 945 49.
671 907 767 945 Τῶν
785 905 861 958 μὲν
894 900 967 945 οὖν
989 903 1168 974 τριῆαων
1199 904 1248 946 δέ
1230 922 1297 946 κα
1328 902 1460 958 μόνον
1488 905 1746 959 διεξέπεσον]

292 961 396 1000 Octo
425 964 602 1011 triremes
630 970 781 1012 praeter
806 963 1021 1013 publicam,
1048 966 1110 1002 cui
1139 959 1331 1018 Παράλω
1363 976 1530 1011 nomen,
1557 965 1749 1002 victorum

294 1029 456 1066 manuS,
492 1031 541 1058 ne
574 1026 824 1067 caperentur,
875 1022 1063 1058 evitasse
1071 1019 1307 1069 ·Xenophon
1338 1018 1428 1057 Rer.
1461 1020 1597 1057 Graec.
1629 1020 1676 1057 ll.
1711 1032 1747 1069 p.

297 1076 406 1115 356.
432 1081 471 1112 et
499 1074 730 1115 Plutarchus
752 1076 921 1126 Lysand.
950 1090 985 1128 p.
1006 1077 1114 1118 439.
1145 1076 1411 1114 testificantur.
1449 1075 1544 1114 Cum
1563 1075 1751 1125 Diodoro,

294 1143 347 1170 ne
371 1131 417 1169 de
434 1131 520 1168 labe
541 1134 710 1183 cogites,
740 1135 846 1182 paria
865 1134 1013 1170 faciunt
1032 1132 1169 1183 Lysias
1185 1131 1391 1186 Ἀπολογ.
1413 1132 1632 1187 Λωροὸοκ.
1656 1146 1689 1171 c.
1708 1134 1751 1174 4.

299 1194 339 1227 et
360 1187 522 1226 Pausan.
544 1187 586 1226 L.
610 1188 677 1226 111.
704 1191 774 1232 ll.
806 1202 841 1239 p.
863 1191 972 1230 232.
999 1189 1136 1229 Wrzss.

413 1247 520 1285 628.
556 1246 628 1286 56.
656 1245 742 1284 Καὶ
768 1244 972 1286 Φιλοκλέα
992 1242 1206 1298 ζωγρήσας
1228 1266 1277 1275 -·
1299 1240 1528 1299 ἀπέσφαξε]
1557 1244 1648 1283 Νοιι
1667 1258 1754 1284 eum

296 1306 469 1348 tantum,
497 1302 565 1338 sed
586 1308 624 1339 et
643 1301 935 1341 Atheniensium
955 1304 1195 1351 captivorum
1213 1302 1262 1340 ad
1281 1303 1356 1338 tria
1377 1304 1460 1339 sive
1480 1306 1645 1350 quatuor
1666 1304 1755 1340 mil-

295 1358 373 1401 lia:
403 1357 593 1395 dissident
619 1361 721 1395 enim
751 1361 793 1397 in
827 1371 988 1397 numero
1015 1359 1182 1399 Pausan.
1213 1359 1257 1397 L.
1280 1357 1353 1396 [X.
1375 1359 1447 1398 32.
1479 1365 1518 1396 et
1543 1359 1644 1396 Plut.
1674 1358 1754 1410 Ly-

300 1413 409 1452 sand.
433 1415 601 1464 11.440.
634 1415 773 1454 wass

415 1472 521 1511 629.
552 1473 624 1511 69-
655 1469 817 1512 Ὄντων
846 1469 892 1511 δὲ
921 1473 1006 1511 τῶν
1029 1466 1259 1525 χοημὰτων
1289 1467 1332 1510 ἓν
1363 1467 1576 1520 σακκίοις]
1605 1468 1756 1521 Sequor

298 1524 509 1574 Venetum,
544 1528 590 1565 ab
623 1530 791 1566 auctoris
826 1528 1074 1566 assuetudine
1106 1541 1186 1565 non
1216 1526 1480 1565 recedentem:
1519 1539 1590 1564 nec
1615 1527 1755 1565 damno

297 1588 428 1621 tamen
450 1583 624 1622 districte
654 1587 865 1635 vulgatum.
902 1583 1001 1622 Nam
1023 1591 1062 1621 et
1089 1583 1310 1623 Athenaeus
1329 1582 1539 1634 Gylippum
1570 1583 1755 1621 describit

296 1635 621 1693 τοσςιισὰιιενον
642 1638 685 1679 ἐκ
723 1642 799 1681 τοῦ
836 1639 1114 1708 Λυσανδριόυ
1143 1636 1372 1693 χρήματος.
1413 1640 1481 1677 ubi
1509 1638 1757 1678 casaubonus

295 1707 412 1734 'usum
441 1695 543 1735 hune
571 1699 863 1736 insolentiorem
898 1699 1007 1735 vocis
1031 1692 1251 1750 χρήματος
1280 1697 1443 1734 miratur
1471 1696 1647 1745 quidem,
1685 1709 1757 1734 nee

296 1759 447 1799 mutat,
474 1753 574 1802 quod
597 1756 637 1791 in
671 1767 715 1792 eo
736 1754 881 1792 tuendo
909 1754 1219 1793 constantissime
1249 1754 1384 1801 scripti
1401 1765 1533 1820 omnes
1561 1755 1758 1791 consenti-

295 1815 399 1847 rent.
433 1808 486 1846 Et
507 1808 550 1849 S.
577 1810 701 1847 Lucas
723 1811 768 1850 A.
791 1809 837 1847 A.
868 1824 902 1849 c.
918 1809 982 1848 lv.
1010 1811 1085 1851 37.
1118 1810 1164 1847 de
1181 1809 1381 1857 Barnaba,
1405 1804 1665 1861 ὑπάρχοντος
1683 1807 1758 1848 αὗ-

298 1878 358 1918 τῳ
387 1862 538 1918 simoi,
566 1862 764 1919 πωὶήσας
793 1864 931 1920 ἤνεγκε
962 1864 1009 1906 τὸ
1037 1868 1194 1919 χρῆμα.
1242 1865 1389 1912 Quibus
1412 1867 1508 1904 locis
1536 1863 1583 1906 τὸ
1611 1868 1758 1935 χοῆμα

294 1922 512 1960 clarissime
533 1926 736 1971 pecuniam
756 1930 878 1970 notat,
905 1935 1000 1973 quae
1018 1925 1157 1961 ceteris
1173 1923 1395 1973 plerumque
1418 1935 1567 1973 semper
1587 1919 1639 1962 τὰ
1652 1918 1758 1974 χρή-

298 1992 440 2045 flata,
469 1983 640 2029 exceptis
672 1988 801 2019 tamen
822 1980 1001 2019 Ionibus:
1032 1991 1195 2029 namque
1216 1978 1257 2017 hi
1276 1981 1423 2032 χρῆμα
1450 1991 1519 2029 pro
1540 1979 1687 2017 divitiis
1718 1984 1758 2015 et

300 2037 465 2085 pecunia
491 2048 570 2074 non
594 2036 940 2084 mlspernabantur,
959 2037 1019 2074 uti
1036 2037 1179 2074 Pollux
1200 2034 1242 2073 L.
1263 2034 1339 2075 IX.
1367 2036 1439 2076 87.
1464 2041 1577 2083 atque
1598 2034 1646 2072 ad
1671 2048 1758 2073 eum

298 2089 608 2142 Iungermannus
628 2093 852 2131 docuerunt.
882 2092 1022 2131 Wnss.
1052 2091 1253 2130 Dixerat
1242 2104 1324 2140 lpse
1334 2090 1550 2138 Diodorus,
1583 2093 1618 2128 si
1637 2092 1758 2142 ipsius

298 2149 432 2187 verbis
459 2149 582 2188 utitur
610 2156 745 2188 auctor
765 2149 1047 2218 E'xcerptorum
1075 2149 1199 2187 Vatic.
1230 2160 1265 2198 p.
1287 2148 1347 2188 ed.
1374 2146 1464 2185 Mai.
1487 2148 1561 2188 69.
1614 2163 1652 2187 οι
1680 2146 1757 2199 μὲν

298 2201 378 2258 γὰρ
400 2201 766 2258 ὀλίγουχοηματος
778 2203 1021 2257 ἀθροίζουσι
1038 2219 1137 2251 τους
1150 2200 1253 2258 υπέρ
1273 2201 1411 2244 αὐτῶν
1433 2199 1667 2244 κινδυνευοι
1659 2218 1756 2250 τας.

301 2258 437 2309 Itaque
457 2260 520 2298 hic
542 2265 657 2302 etiam
676 2262 814 2300 Veneti
832 2262 977 2300 codicis
1001 2264 1192 2312 scriptura
1210 2261 1443 2308 correctori,
1469 2273 1582 2310 quem
1607 2263 1640 2299 is
1658 2261 1758 2299 liber

300 2328 383 2359 non
403 2317 730 2358 modestissimum
756 2332 893 2370 passus
917 2325 997 2366 est,
1023 2318 1277 2370 relinquenda
1294 2317 1461 2357 videtur.

419 2375 526 2415 629.
558 2378 631 2416 72.
677 2374 743 2414 Τὰ
768 2374 844 2427 μὲν
863 2375 1014 2416 σακκία
1029 2371 1286 2443 παρέλυσεν]
1326 2373 1557 2413 Plutarchus
1573 2372 1619 2410 de
1635 2372 1758 2412 Educ.

301 2427 430 2468 Liber
455 2444 490 2481 p.
514 2433 583 2472 10.
603 2431 646 2471 Β
681 2427 931 2479 Γυληῑπεοςς
913 2448 933 2472 ο
952 2426 1292 2499 Λακεδαιμόνιος
1310 2427 1362 2470 τὰ
1383 2429 1533 2469 σακκία
1554 2432 1637 2470 τῶν
1654 2444 1758 2483 χρη-

300 2482 448 2539 μάτων
477 2488 803 2528 ΠΑΡΑΛΥΣ
800 2488 874 2527 ΑΣ
898 2485 1034 2542 φυγὰς
1059 2483 1261 2540 mmm-3⁷7
1288 2489 1362 2540 τῆς
1390 2482 1611 2555 Σπάρτης.
1635 2485 1758 2524 Fraus

301 2544 420 2582 verbo
442 2546 557 2591 inest,
585 2557 660 2594 qua
676 2548 777 2583 sacci
793 2546 928 2584 furtim
944 2547 1179 2595 aperiuntur.
1214 2541 1304 2590 Τὰς
1323 2540 1463 2598 ῥαφὰς
1482 2545 1566 2582 τῶν
1589 2540 1758 2596 ἀγγείων

302 2594 496 2639 κάτωθεν
522 2597 734 2648 ἀναλύσας
753 2604 921 2651 explicat
946 2605 1027 2651 ipse
1044 2602 1085 2639 in
1107 2600 1274 2651 Lysand.
1293 2614 1329 2650 p.
1349 2600 1456 2640 442.
1475 2597 1518 2639 B.
1524 2600 1619 2646 ,ubi
1636 2601 1759 2650 plura.

302 2654 424 2694 Furto
440 2664 568 2695 autem
589 2658 779 2708 Gylippus
798 2672 847 2696 ex
862 2660 1025 2697 sacculis
1046 2657 1231 2695 subduxit
1253 2669 1332 2695 non
1355 2667 1445 2702 ccc,
1475 2655 1540 2693 sed
1567 2666 1661 2693 xxx
1700 2663 1758 2693 ta-

304 2714 432 2760 lenta,
461 2715 540 2752 nisi
558 2728 665 2752 error
681 2717 735 2752 sit
758 2715 857 2764 apud
874 2715 1037 2753 eundem
1059 2716 1100 2752 in
1117 2713 1204 2754 Nic.
1231 2725 1267 2763 p.
1286 2713 1389 2754 542.
1407 2712 1452 2750 A.
1491 2712 1589 2750 Mihi
1605 2712 1757 2761 quidem

302 2780 373 2805 ccc
395 2771 539 2808 talenta
554 2784 673 2821 paene
690 2774 809 2809 nimia
828 2772 1027 2810 videntur:
1058 2771 1207 2808 sublata
1224 2771 1326 2806 enim
1339 2771 1485 2806 furtum
1502 2770 1646 2815 statim,
1672 2781 1756 2805 sac—

303 2827 401 2863 culis
423 2826 643 2875 diminutis,
672 2830 965 2866 manifestatum
982 2834 1103 2866 erant.
1137 2826 1247 2865 Nihil
1267 2834 1395 2864 tamen
1417 2826 1590 2863 decerno.
1620 2824 1754 2863 XVESS.
