1828 3253
280 190 374 233 750
750 187 1265 229 ANNOTATIONES

274 307 497 354 imperasse.
536 300 627 340 Vid.
659 314 774 353 supra
805 302 847 339 L.
869 301 978 340 XIII.
1001 303 1076 342 49.
1107 301 1264 341 Rectius
1292 317 1383 355 ergo
1402 310 1622 343 mutantur:
1654 300 1728 355 qua

277 369 406 399 tamen
426 363 465 397 in
482 373 523 396 re.
545 359 760 396 inmodicus
781 366 839 395 est
857 358 932 397 Th.
956 359 1164 409 Lydiatus,
1204 358 1328 399 εἴκοσι
1357 363 1506 410 viginti
1531 363 1726 413 refingens

278 419 327 455 ad
341 417 473 454 Μαι-ιιι.
487 416 615 452 Oxon.
639 428 675 463 p.
694 419 747 462 8.,
772 415 952 464 deceptus
974 415 1073 452 haud
1098 416 1210 452 dubie
1230 429 1252 452 a
1272 416 1387 453 Pario
1409 417 1610 464 Marmore,
1624 419 1726 467 quod

279 473 458 511 Archelai
481 474 583 521 regis
604 474 716 508 initia
734 473 792 507 illi
811 484 911 507 anno
941 473 1088 522 illigat,
1120 484 1193 519 quo
1215 472 1442 522 Astyphilus
1465 473 1627 510 Athenis
1650 475 1726 510 Ar-

280 530 379 567 chon
398 530 485 574 fuit,
510 541 644 565 verum
667 533 828 563 errante.
868 527 965 563 Nam
997 528 1202 564 Perdiccae
1233 528 1355 565 adhuc
1384 532 1582 579 regnantis
1605 537 1642 566 et
1663 544 1727 566 su-

279 587 450 635 perstitis
464 582 893 632 meminit'l‘hucydides
908 585 1042 631 quinto
1062 585 1108 621 ab
1120 584 1322 634 Astyphilo
1344 598 1459 631 anno,
1475 587 1557 623 sive
1573 585 1726 636 Olymp.

279 653 362 679 xcl.
393 642 605 688 principio,
638 640 679 676 L.
705 639 768 676 Vl.
793 640 831 678 7.
865 638 1026 687 Propius
1057 643 1184 689 itaque
1206 654 1227 677 a
1251 654 1344 677 vero
1367 641 1551 678 recedunt
1572 641 1725 678 Humfr.

279 698 474 735 Prideaux
505 696 552 733 ad
585 696 713 732 Oxon.
744 694 877 731 Marm.
899 709 933 744 p.
955 698 1061 735 222.
1086 703 1124 732 et
1144 696 1193 732 H.
1214 695 1435 733 Dodwellus
1456 697 1594 734 Annal.
1618 697 1726 734 Thu-

281 754 368 804 cyd.
390 765 424 801 p.
450 753 522 791 32.
548 750 745 803 τέσσαρες
765 750 832 789 καὶ
854 749 951 789 δέκα
983 754 1063 790 sive
1093 764 1175 789 XIV
1207 765 1330 789 (tnnc-s
1366 753 1552 790 Archelao
1581 757 1726 790 contri-

281 813 452 849 bucntes.
492 807 569 844 Tot
601 810 701 844 enim
735 807 941 856 Syncellus
974 807 1259 859 Chronograph.
1291 823 1324 858 p.
1347 811 1454 848 262.
1490 823 1574 846 eum
1603 823 1724 860 regno

279 867 494 917 praefuisse
514 866 590 910 ait,
618 871 747 912 totque
778 865 975 912 patiuntur
1010 867 1160 911 onmia,
1206 876 1301 912 quae
1323 864 1367 900 de
1387 865 1573 903 Perdicca
1593 872 1631 902 et
1652 866 1726 901 Ar-

281 923 414 959 chelao
439 921 667 969 consignata
685 921 807 956 literis
826 922 1046 967 reperimus.
1077 919 1251 968 Denique
1271 921 1347 956 fuit
1368 920 1577 958 Archelaus
1599 924 1639 958 in
1660 924 1725 959 vi-

277 993 343 1017 ros
367 977 592 1014 cruditionis
618 983 655 1012 et
676 978 821 1025 ingenii
842 977 946 1012 cultu
968 977 1116 1012 nobiles
1141 979 1258 1013 comis
1281 983 1318 1011 et
1338 976 1540 1026 benignus,
1569 990 1662 1025 quos
1686 983 1724 1014 et

277 1036 429 1085 magnis
458 1035 634 1082 praemiis
657 1034 844 1069 invitatos
866 1031 1025 1068 Athenis
1052 1035 1093 1068 in
1117 1031 1382 1068 Macedoniam
1411 1033 1652 1080 pelliciebat,
1682 1039 1725 1069 ut

277 1091 414 1129 horum
445 1089 744 1137 praedicatione,
775 1095 879 1135 puto,
913 1090 1057 1124 scelera
1086 1089 1293 1138 obtegeret,
1323 1089 1459 1136 quibus
1483 1091 1723 1126 atrocissime

278 1150 321 1185 in
342 1153 518 1196 patruum
540 1151 577 1181 et
595 1145 752 1181 fratrem
774 1151 969 1194 grassatus
991 1145 1116 1181 fuerat
1141 1145 1239 1192 apud
1261 1146 1461 1181 Platonem
1485 1146 1526 1182 in
1548 1145 1664 1195 Gorg.
1687 1157 1723 1193 p.

278 1204 386 1243 471.
427 1201 535 1237 Adde
566 1201 674 1238 viros
705 1201 837 1237 doctos
869 1202 909 1236 in
938 1200 1092 1237 Aeliani
1120 1201 1210 1240 V.ar
1238 1200 1341 1238 Hist.
1372 1201 1419 1238 ll.
1443 1203 1517 1241 21.
1552 1200 1656 1238 VIIl.
1680 1203 1722 1241 9.

278 1259 385 1297 XIV.
410 1260 480 1298 17.
509 1257 649 1294 WEss.

394 1316 500 1355 671.
526 1314 598 1352 23.
629 1310 824 1366 Ὀρέστης
852 1317 948 1359 παῖς
978 1309 1033 1351 ὢν
1055 1309 1158 1361 etc.]
1190 1311 1350 1350 Sublato
1370 1312 1557 1350 Archelao
1580 1325 1722 1362 paucos

277 1374 320 1410 in
343 1371 423 1407 dies
444 1372 622 1420 regnavit
644 1367 822 1405 Craterus
843 1372 924 1406 sive
946 1367 1148 1414 Crateuas,
1175 1372 1254 1417 ipse
1275 1382 1364 1405 mox
1388 1369 1433 1406 ab
1456 1371 1543 1405 aliis
1563 1370 1723 1405 interfea

280 1436 380 1474 ctus,
420 1427 580 1463 Platone
611 1428 652 1462 in
685 1425 807 1462 Alcib.
829 1425 877 1463 Il.
901 1439 937 1474 p.
969 1426 1069 1464 llll.
1092 1432 1258 1463 auctore.
1300 1424 1399 1461 Tum
1420 1428 1602 1461 successit
1620 1425 1722 1461 Ore-

280 1491 371 1530 stes,
404 1483 466 1519 cui
497 1481 703 1531 Syncellus
735 1494 782 1517 ex
813 1480 984 1517 Diodoro
1015 1480 1301 1531 Chronograph.
1320 1495 1354 1530 p.
1378 1483 1483 1521 262.
1514 1494 1635 1517 annos
1657 1481 1722 1517 dat

278 1547 465 1590 quatuor3
501 1545 543 1574 ut
563 1538 658 1575 adeo
680 1544 814 1586 quarto
835 1539 976 1573 tutelae
1005 1550 1107 1574 anno
1129 1537 1300 1585 Aeropus
1322 1550 1406 1573 eum
1435 1537 1723 1584 contrucidarit,

276 1609 399 1646 regno
418 1597 458 1631 in
480 1594 573 1630 duos
585 1607 720 1639 annos,
747 1606 833 1629 nam
855 1600 892 1629 et
912 1606 978 1628 sex
999 1606 1120 1629 annos
1142 1593 1263 1629 eidem
1283 1600 1415 1629 auctor
1434 1594 1569 1629 tribuit
1585 1607 1614 1630 c.
1631 1594 1703 1633 84
1695 1620 1721 1640 ,

277 1652 572 1689 adlu1c1·.etento
593 1650 715 1697 Atque
728 1648 801 1685 huc
811 1650 929 1685 refert
938 1649 1181 1686 doctissimus
1195 1649 1221 1685 L
1208 1663 1263 1698 y
1255 1649 1377 1685 liatus
1397 1650 1514 1686 verba
1525 1649 1721 1696 Aristidis,

279 1709 345 1745 sed
367 1709 504 1744 leviter
523 1712 680 1751 mutata,
707 1718 755 1741 ex
776 1698 1229 1754 T.111‚p.93.zl01³·1
1251 1705 1284 1743 εἴ
1298 1702 1454 1754 4ρχέ)
1460 1720 1533 1744 αον
1554 1703 1626 1744 τὸν
1648 1700 1722 1743 αἶ)-

277 1766 352 1803 τοῦ
375 1758 580 1813 ὸεσποτην
603 1777 670 1800 και
691 1763 808 1800 θεῖον
837 1758 1078 1806 ἀποκτειιας
1107 1760 1276 1811 κατέσχε
1297 1759 1372 1811 τὴ]
1400 1759 1529 1813 ἀρχὴν
1590 1758 1616 1812 τ’]
1647 1758 1721 1800 τὸν

278 1816 451 1870 ἑπταετῆ
474 1818 626 1857 ἐκείνου
647 1817 776 1856 παῖδα
796 1832 850 1863 εις
869 1814 915 1855 τὸ
938 1832 967 1870 (J
974 1816 1070 1868 ρέαυ
1097 1816 1229 1867 ἔμβα)
1235 1813 1302 1855 (61.
1330 1816 1383 1853 Ut
1402 1817 1571 1867 Aeropus
1590 1819 1722 1854 subin-

276 1879 497 1926 telligatur,
529 1877 593 1922 qui
614 1873 792 1910 Archelai
812 1874 932 1909 filium
954 1874 1151 1920 Orestem,
1181 1881 1324 1922 septem
1343 1887 1530 1910 annorum
1550 1887 1721 1922 puerum,

276 1935 320 1970 in
351 1939 502 1980 puteum
540 1931 774 1976 demerserit,
800 1932 996 1978 ipsumque
1019 1929 1246 1966 Archelaum
1272 1931 1520 1967 interfecerit.
1562 1929 1639 1966 Sed
1660 1933 1721 1966 in-

278 1989 460 2038 prudenS,
499 1999 621 2035 neque
642 1988 826 2033 inspecto,
867 1986 967 2035 quod
989 1986 1036 2022 ad
1063 1999 1198 2022 manus
1219 1985 1319 2022 haud
1340 1986 1489 2022 adesset
1514 1986 1719 2033 Aristides,

277 2046 389 2081 libro.
418 2044 588 2080 Vidisset
606 2045 770 2090 alioqui,
794 2055 871 2078 non
889 2044 952 2092 agi
972 2043 1017 2078 de
1037 2041 1209 2089 Aeropo,
1238 2042 1304 2078 sed
1328 2041 1527 2089 Archelao,
1557 2055 1605 2078 ex
1625 2042 1721 2078 Pla-

278 2104 382 2138 tonis
401 2100 518 2150 Gorg.
540 2112 576 2147 p.
596 2100 715 2145 471„
743 2099 808 2148 qui
827 2105 1001 2147 patruum
1019 2100 1220 2146 patruique
1245 2098 1366 2134 filium
1385 2099 1652 2143 interfecerat,
1682 2104 1720 2134 et

277 2158 437 2194 fratrem
460 2159 500 2193 in
523 2163 676 2205 puteum
697 2126 953 2203 depresserat,
982 2168 1053 2190 nec
1075 2156 1215 2190 mutari
1239 2167 1349 2202 posse
1378 2168 1417 2191 τι
1447 2147 1519 2192 οὖν
1546 2153 1579 2192 εἴ
1605 2151 1720 2205 Αρ-

274 2211 347 2264 χέ)
354 2228 426 2258 αος
445 2220 516 2249 etc.
553 2211 662 2248 Fecit
690 2218 816 2248 tamen
847 2218 1034 2259 patratum
1056 2213 1096 2247 in
1120 2217 1339 2257 septennem
1358 2210 1518 2246 fratrem
1538 2209 1719 2247 Archelai

280 2269 321 2305 id
345 2271 492 2314 scelus,
528 2274 571 2304 ut
593 2274 630 2304 et
650 2267 804 2303 Orestes
834 2274 871 2302 et
891 2268 971 2304 eius
996 2273 1099 2303 tutor
1119 2266 1291 2314 Aeropus
1312 2278 1360 2301 ex
1383 2265 1629 2302 Macedoniae
1651 2268 1724 2302 re-*

280 2339 370 2375 gum
402 2326 576 2374 catalogo
604 2324 897 2359 excluderentur
927 2324 972 2359 ab
1002 2322 1051 2358 H.
1082 2321 1281 2359 Dodwello
1310 2322 1410 2358 Ann.
1442 2321 1658 2372 Thucydid.
1681 2336 1718 2371 p.

282 2383 356 2421 94.
384 2381 472 2417 Non
493 2382 609 2417 alium
630 2393 711 2416 esse
732 2380 921 2428 Aeropum
950 2391 1061 2427 quam
1081 2378 1304 2414 Archelaum
1323 2380 1400 2424 ait,
1431 2377 1604 2415 Orestem
1622 2391 1717 2416 vero

277 2440 387 2475 illum
406 2438 542 2485 ipsum,
571 2449 681 2484 quem
703 2438 744 2472 in
764 2443 919 2483 puteum
939 2436 1163 2471 detruserat.
1192 2433 1295 2471 Satis
1316 2435 1447 2482 utique
1467 2447 1535 2483 pro
1557 2437 1716 2483 imperio

282 2495 377 2537 Quis
398 2493 501 2529 enim
523 2495 557 2529 ei
576 2495 632 2529 rei
654 2499 786 2528 auctor
804 2490 992 2528 idoneus?
1014 2491 1178 2527 Puerum
1197 2497 1417 2538 septennem
1437 2493 1591 2527 nomine
1608 2489 1717 2529 'Az-

280 2547 401 2590 κὲταν
430 2544 455 2599 ἢ
485 2546 710 2598 Ἁζῖἕροπον,
739 2550 819 2585 sive
840 2545 1051 2599 Ἀἐροπον
1070 2549 1194 2596 potius
1212 2547 1342 2593 fuisse,
1370 2545 1606 2583 Scholiastes
1629 2546 1718 2584 Ari-

281 2605 621 2655 stidissignificat3
652 2604 842 2648 Orestem,
866 2603 966 2652 quod
987 2605 1116 2650 sciam,
1137 2615 1258 2638 nemo.
1287 2601 1415 2646 Quid?
1444 2615 1488 2638 eo
1509 2605 1543 2639 si
1561 2605 1715 2640 nomine

282 2662 496 2709 adpellatus
526 2667 764 2707 occurreret,
803 2662 937 2697 tolline
962 2667 1159 2708 propterea
1179 2658 1335 2694 Orestes
1357 2665 1394 2694 et
1413 2658 1584 2708 Aeropus
1613 2673 1632 2695 e
1653 2672 1715 2695 re-

281 2731 372 2768 gum
393 2730 549 2754 numero
569 2715 773 2753 deberent-2
799 2716 986 2764 Equidem
1006 2728 1084 2752 non
1104 2716 1279 2751 arbitror.
1306 2713 1460 2751 Habent
1477 2727 1610 2765 regum
1631 2714 1714 2752 Ma-

281 2774 462 2821 cedoniae
487 2775 748 2812 successiones
777 2772 1016 2810 difficultates
1044 2778 1085 2814 ¹et
1113 2771 1299 2807 salebras:
1339 2770 1405 2807 sed
1424 2771 1611 2807 eiusmodi
1629 2773 1713 2808 vio-

279 2831 422 2870 lentior
447 2829 640 2868 medicina
668 2829 796 2868 adurit
822 2842 914 2868 sana
943 2835 982 2866 et
1014 2828 1231 2878 patrocinio
1251 2825 1511 2878 Theopompi,
1538 2827 1712 2867 Orestem
