1828 3253
462 188 524 228 IN
555 187 665 228 LIB.
695 188 740 226 V.
778 187 903 226 CAI'.
946 189 985 228 1.
1011 190 1052 228 2.
1417 192 1509 233 ‹103

60 303 138 342 Dio
158 301 419 354 Chrysostom.
443 301 552 340 Orat.
570 300 713 338 XVIII.
735 313 771 350 p.
789 302 896 341 258.
919 299 958 337 C.
993 297 1038 339 τὸ
1074 297 1217 339 ’ἱῗπτιον
1247 301 1314 340 καὶ
1344 299 1506 357 ἀνειμέ-

58 375 132 400 νον
161 362 237 411 τῆς,
264 353 510 412 ἀπαγγελίας
539 359 717 407 supinum
748 359 830 394 eius
857 370 900 395 ac
928 358 1131 393 remissum
1169 358 1348 395 dictionis
1383 360 1505 410 genus

57 417 178 455 fuisse
200 414 387 452 adfirmat.
415 413 568 452 Monuit
587 420 626 451 et
645 412 718 450 hoc
741 412 858 452 Gerh.
882 413 934 450 10.
955 413 1114 450 Vossius
1139 411 1181 451 L.
1200 413 1227 450 Ι.
1248 413 1348 452 Hist.
1368 416 1502 454 Graec.

60 486 94 513 c.
119 475 177 520 7.,
207 474 269 510 cui
290 471 386 509 adde
410 470 596 508 Nostrum
619 471 709 507 infr.
731 469 773 507 L.
792 469 897 507 XVI.
922 471 994 509 77.
1018 476 1056 506 et
1076 468 1104 505 I.
1131 470 1204 509 39.
1235 470 1366 508 U'Ess.

173 529 279 568 331.
303 529 379 568 26.
414 526 491 564 Pro
520 529 661 580 γραφῇ
692 539 836 576 repono
868 525 1086 579 ἐπιγραφῇ.
1113 527 1267 563 STEPH.
1287 532 1325 564 in
1350 528 1446 565 Add.

171 584 276 625 331.
299 584 376 624 29.
398 579 498 622 Ἀπὸ
523 585 598 622 τοῦ
618 578 830 635 σχήματος
853 581 1110 634 Τρινακρία]
1152 582 1399 622 Illustrantur
1419 599 1500 623 om-

56 643 124 679 nia
141 639 236 678 haec
254 653 277 678 a
295 639 365 678 Ph.
384 637 564 677 Cluverio
585 638 627 676 L.
650 639 679 676 I.
701 638 810 676 Sicil.
831 639 961 688 Antiq.
981 651 1013 675 c.
1036 640 1079 677 2.
1115 638 1249 677 Wrss.

170 697 276 737 331.
309 697 384 736 35.
424 692 720 749 Πελωριάδος]
760 694 1003 748 Πελωρίδος
1032 693 1089 731 Cl.
1109 695 1195 732 Vid.
1219 708 1322 745 supr.
1342 696 1406 734 lv.
1430 700 1500 738 87.

55 751 191 790 WEss.

169 809 275 849 331.
304 808 378 849 38.
412 807 604 848 §malm
629 805 776 858 χιλίων
807 803 955 846 ἑκατὸν
978 802 1201 858 ἑξήκοντα]
1232 807 1346 845 Nunc
1368 822 1501 846 nume-

54 876 122 901 rus
151 865 361 902 stadiorum
391 875 434 902 lv
466 864 518 902 M.
546 875 696 912 CCCLX,
749 867 811 902 cui
841 865 990 914 vulgati
1028 863 1118 901 libri
1146 874 1208 900 xx
1242 864 1501 912 detraxerant,

55 923 208 972 egregie
228 929 389 959 constat.
416 921 502 972 Ipse
523 923 670 958 insulae
691 921 855 958 ambitus
875 922 916 957 in
936 926 1110 958 veterum
1132 923 1285 969 scriptis
1305 924 1402 958 mire
1425 923 1502 959 ‹lif-

54 977 153 1024 fert,
183 977 245 1014 his
269 979 454 1026 amplior,
489 980 576 1015 aliis
596 978 852 1023 contractior,
881 990 956 1026 quo
977 977 1022 1012 de
1047 975 1102 1013 Cl.
1125 976 1289 1014 Salmas.
1311 980 1352 1014 in
1373 976 1497 1015 Solin.

55 1044 92 1081 p.
122 1035 212 1081 95.,
241 1041 280 1070 et
307 1029 478 1073 omnium
504 1036 789 1072 accuratissime
809 1033 879 1070 Ph.
900 1033 1103 1071 Cluverius
1132 1033 1161 1070 I.
1190 1032 1299 1070 Sicil.
1327 1034 1372 1070 A.
1402 1048 1434 1071 c.
1455 1037 1497 1075 3.

54 1103 90 1141 p.
114 1091 186 1131 53.
223 1089 360 1127 Wess,

169 1147 273 1188 331.
298 1148 373 1187 40.
409 1141 561 1198 Φήμης
591 1167 640 1174 -
670 1142 1009 1198 παραδεδομένης
1036 1149 1124 1192 τοΐς
1151 1140 1364 1198 ἐγγόνοις]
1402 1145 1501 1194 Hoc,

54 1208 122 1240 aut
147 1198 326 1255 ἐκγόνοις
345 1210 526 1252 praestat.
555 1202 650 1240 Infr.
675 1216 707 1240 c.
725 1204 798 1242 46.
826 1205 900 1254 τῆς
930 1199 1075 1253 φήμης
1102 1199 1258 1254 ταύτης
1285 1208 1371 1248 τοῖς
1390 1200 1501 1255 ἐγγύα

54 1273 141 1305 νοις
170 1257 504 1311 παραδιδομένης
536 1256 610 1298 ἀεί.
650 1257 784 1296 Cicero
818 1258 881 1297 lv.
919 1258 1028 1296 Verr.
1061 1272 1094 1297 c.
1126 1259 1200 1299 48.
1251 1260 1371 1296 setus
1398 1260 1498 1297 haee

55 1317 187 1367 opinio
209 1324 290 1362 est,
311 1328 413 1366 quae
440 1322 599 1353 constat
628 1329 679 1352 ea:
702 1316 991 1365 antiquissimis
1016 1315 1265 1352 Graecorum
1285 1317 1415 1354 literis
1435 1324 1502 1353 at·-

54 1384 128 1423 que
148 1374 425 1419 monumentis,
464 1373 633 1409 insulam
654 1371 836 1409 Siciliam
859 1378 981 1408 totam
1003 1383 1086 1408 esse
1111 1372 1253 1408 Cereri
1271 1379 1311 1408 et
1329 1372 1499 1410 Liberae

53 1435 340 1466 consecratam.
368 1427 459 1466 Hoc
483 1442 570 1466 cum
589 1435 749 1466 ceterae
769 1435 909 1478 gentes
928 1430 986 1464 sic
1007 1428 1277 1475 arbitrantur,
1301 1435 1381 1466 tum
1403 1431 1499 1480 ipsis

53 1483 204 1523 Siculis
223 1492 305 1522 tam
319 1498 556 1536 persuasum
577 1492 649 1533 est,
674 1493 722 1523 ut
736 1486 881 1523 animis
903 1498 1037 1522 eorum.
1058 1486 1219 1523 insitum
1240 1492 1361 1537 atque
1381 1487 1499 1524 inna-

55 1547 136 1580 tum
155 1554 238 1578 esse
258 1543 456 1580 videatur.
481 1542 614 1579 IVEss.

164 1598 270 1638 331.
302 1599 377 1638 44.
407 1593 511 1637 εΥπὸ
542 1596 648 1644 Διὸς
679 1593 976 1649 ἀνακάλυπτρα
1009 1598 1061 1651 τῇ
1088 1592 1232 1651 νῦμᾳῃ
1264 1592 1496 1650 δεδόσθαι]

53 1651 211 1691 Mallem
239 1650 592 1706 ἀνακαλυπτήρια.
629 1653 825 1693 Plutarch.
861 1653 1076 1691 Timoleon.
1111 1667 1148 1703 p.
1178 1655 1288 1694 239.
1315 1653 1363 1691 D.
1397 1650 1500 1693 εἶναι

52 1707 131 1762 γὰρ
154 1707 266 1762 ι’·ερὰν
287 1713 362 1762 τῆς
382 1707 525 1762 Κόρης
548 1708 623 1763 τὴν
646 1709 847 1749 Σικελίαν.
891 1708 974 1749 ἐπεὶ
997 1710 1063 1749 καὶ
1081 1708 1133 1749 τὰ
1152 1710 1243 1762 περὶ
1264 1707 1339 1761 τὴν
1362 1706 1500 1763 ἁρπα-

53 1763 130 1818 γὴν
151 1762 303 1805 αὐτόθι
321 1768 607 1818 μυθολογοῦσι
625 1765 831 1819 γενέσθαι,
854 1765 920 1804 καὶ
939 1764 1014 1818 τὴν
1034 1769 1161 1817 νῆσον
1183 1766 1225 1806 ἐν
1246 1771 1333 1812 τοῖς
1353 1765 1499 1818 γάμοις

54 1819 415 1875 ἀνακαλυπτήριον
448 1821 553 1876 αὐτῇ
584 1823 776 1875 δοθῆναι.
814 1823 1020 1872 Appellant
1051 1819 1393 1873 ἀνακαλυπτήρια
1422 1831 1499 1860 ter-

54 1881 151 1916 tium
173 1892 196 1916 a
214 1882 360 1927 nuptiis
381 1879 494 1926 diem,
514 1892 588 1928 quo
609 1893 711 1917 nova
730 1886 851 1928 nupta
870 1887 997 1916 amoto
1016 1878 1190 1916 flammeo
1213 1882 1437 1929 propinquis
1459 1882 1500 1916 in

55 1943 302 1983 conspectum
330 1937 531 1983 veniebat,
577 1944 691 1985 atque
722 1938 789 1973 illa
825 1938 942 1973 etiam
974 1935 1095 1982 dona,
1133 1949 1229 1985 quae
1256 1944 1337 1972 tum
1364 1949 1500 1972 recens

55 1998 197 2039 nuptae
225 1991 436 2039 dabantur;
471 1993 570 2041 quod
594 2007 680 2030 cum
701 1993 858 2029 uberius
879 1992 968 2029 Ger.
989 1992 1259 2042 Langbaenius
1280 1992 1327 2029 ad
1350 1991 1500 2043 Longi-

56 2059 149 2084 num
167 2047 213 2084 de
226 2046 501 2086 SublimiDict.
515 2050 599 2089 c.4.
617 2063 652 2098 p.
667 2050 741 2089 35.
765 2057 802 2085 et
820 2048 960 2086 Ezech.
985 2048 1190 2097 Spanhem.
1214 2051 1254 2085 in
1275 2047 1499 2086 Callimachi

57 2102 108 2141 H.
129 2103 246 2142 Dian.
266 2118 303 2142 v.
327 2106 398 2144 74.
420 2105 716 2151 declaraverint,
736 2106 895 2142 verbum
914 2118 994 2142 non
1013 2107 1176 2154 amplius
1195 2105 1343 2142 addam.
1377 2106 1498 2153 Opor-

57 2166 114 2196 tet
141 2168 290 2208 tamen,
328 2163 424 2198 mire
448 2161 592 2210 Iupiter
620 2163 830 2211 conplexus
850 2162 1121 2210 Proserpinam
1146 2164 1218 2208 sit,
1253 2164 1319 2211 qui
1339 2164 1501 2198 univer-

58 2228 140 2254 sam
157 2218 217 2254 illi
237 2216 410 2255 Siciliam
421 2216 644 2271 (deparcum
665 2222 768 2256 enim
788 2221 903 2256 nimis
922 2219 1018 2255 facit
1039 2217 1169 2255 Schol.
1184 2215 1381 2254 PindJOd.
1397 2217 1501 2255 xlv.

61 2273 133 2312 14.
165 2272 334 2324 Olymp.,
362 2287 590 2313 asseverans
617 2273 692 2328 τὴν
715 2271 974 2328 Ἀκράγαντα
1003 2277 1053 2328 τῇ
1083 2271 1335 2327 Περσᾰᾳόνῃ
1367 2274 1422 2320 εἷς
1452 2271 1500 2313 τὰ

60 2322 397 2383 ἀνακαλυπτήρια
417 2326 497 2370 ivm)
521 2329 627 2378 Διὸς
648 2332 842 2383 δοθῆναι,
871 2335 1075 2382 Ροῦῒοεψιε
1097 2344 1165 2368 suo
1185 2331 1407 2379 obloquitur
1427 2330 1490 2366 Od

60 2380 92 2420 I.
124 2383 195 2422 17·
222 2384 428 2439 Nemeen.)
469 2386 695 2438 Thebasque
723 2391 879 2438 insuper
907 2382 1268 2438 ἀιίικαλυπτιῖρια,
1298 2387 1398 2436 quod
1427 2386 1508 2445 Eu(¹

61 2437 226 2488 phorion
245 2440 286 2475 in
306 2442 423 2482 schol,
445 2443 620 2493 Euripid.
642 2443 842 2482 Phoeniss.
865 2459 904 2483 v.
929 2445 1034 2484 687.
1059 2443 1252 2493 prodidit,
1293 2450 1507 2491 praeterea-r

64 2505 136 2543 que
159 2491 342 2544 Cyzicum
365 2497 466 2536 dotis
488 2504 664 2549 nomine,
703 2500 940 2552 ξιιπροίκιον
963 2500 1064 2550 apud
1084 2499 1247 2549 Appian.
1274 2499 1446 2536 Mithrid.
1473 2512 1496 2548 p

65 2551 185 2598 371.,
207 2553 424 2591 contulerit.
442 2556 581 2593 VVEss.
609 2556 739 2595 Tueor
761 2554 1069 2607 ἀνακάλυπτρα.
1090 2569 1180 2593 nam
1202 2557 1258 2593 sic
1280 2569 1429 2606 quoque
1449 2554 1499 2593 δι’·

63 2605 264 2659 δακτρον,
289 2604 497 2661 μήνυτρον
519 2622 558 2650 et
576 2615 716 2651 similia
738 2613 928 2650 dicuntur.
959 2611 1102 2648 Rmsx.

138 2663 287 2756 u331.
306 2665 382 2705 46.
421 2664 473 2706 Οἱ
491 2666 772 2720 νομιμώτατοι
793 2672 875 2709 τῶν
899 2683 1081 2722 συγγραᾳ
1093 2666 1198 2719 ἔων]
1229 2668 1316 2705 Vid-
1349 2679 1450 2716 81ΨΥ·
1480 2665 1509 2703 Ῑ·

67 2721 110 2761 6.
195 2730 278 2756 ess.
723 2724 727 2727 ’
1222 2732 1227 2739 Χ

180 2777 284 2817 331.
320 2777 391 2817 52.
430 2774 553 2820 Ἀλλὰ
582 2777 635 2820 τά
664 2778 697 2835 y'
728 2779 924 2834 ἄσπαρτα
953 2780 1020 2821 καὶ
1057 2777 1271 2833 ἀνήροτα]
1317 2779 1459 2828 Odyss.
1483 2777 1513 2817 I.

69 2833 187 2881 109,
213 2845 326 2883 quem
343 2848 520 2886 versum,
547 2838 670 2877 obiter
688 2847 732 2878 ut
751 2840 792 2878 id
811 2840 970 2889 addam,
1004 2838 1313 2888 frequentissime
1333 2836 1518 2873 adhibent

1144 2896 1205 2934 26
1220 2897 1239 2915 ³
