<?xml version="1.0" encoding="UTF-8"?>
<!DOCTYPE html PUBLIC "-//W3C//DTD XHTML 1.0 Transitional//EN"
    "http://www.w3.org/TR/xhtml1/DTD/xhtml1-transitional.dtd">
<html xmlns="http://www.w3.org/1999/xhtml" xml:lang="en" lang="en">
 <head>
  <title>
</title>
<meta http-equiv="Content-Type" content="text/html;charset=utf-8" />
  <meta name='ocr-system' content='tesseract 3.04.00' />
  <meta name='ocr-capabilities' content='ocr_page ocr_carea ocr_par ocr_line ocrx_word'/>
</head>
<body>
  <div class='ocr_page' id='page_1' title='image "./bibliothecahisto04dioduoft_0437.png"; bbox 0 0 1828 3253; ppageno 0'>
   <div class='ocr_carea' id='block_1_1' title="bbox 475 201 1548 246">
    <p class='ocr_par' dir='ltr' id='par_1_1' title="bbox 475 201 1548 246">
     <span class='ocr_line' id='line_1_1' title="bbox 475 201 1548 246; baseline 0.005 -5"><span class='ocrx_word' id='word_1_1' title='bbox 475 203 537 243; x_wconf 93' lang='lat' dir='ltr'><strong>lN</strong></span> <span class='ocrx_word' id='word_1_2' title='bbox 567 202 678 242; x_wconf 63' lang='grc' dir='ltr'><strong>[ΑΒ.</strong></span> <span class='ocrx_word' id='word_1_3' title='bbox 717 202 763 244; x_wconf 89' lang='lat' dir='ltr'><strong>V.</strong></span> <span class='ocrx_word' id='word_1_4' title='bbox 811 201 936 244; x_wconf 90' lang='lat' dir='ltr'><strong>CAP.</strong></span> <span class='ocrx_word' id='word_1_5' title='bbox 980 204 1179 245; x_wconf 87' lang='lat'><strong>7.-10.</strong></span> <span class='ocrx_word' id='word_1_6' title='bbox 1458 204 1548 246; x_wconf 86' lang='lat'><strong>411</strong></span> 
     </span>
    </p>
   </div>
   <div class='ocr_carea' id='block_1_2' title="bbox 109 315 1554 526">
    <p class='ocr_par' dir='ltr' id='par_1_2' title="bbox 109 315 1554 526">
     <span class='ocr_line' id='line_1_2' title="bbox 109 315 1552 367; baseline -0.002 -11"><span class='ocrx_word' id='word_1_7' title='bbox 109 325 148 356; x_wconf 86' lang='lat' dir='ltr'><strong>et</strong></span> <span class='ocrx_word' id='word_1_8' title='bbox 165 317 351 356; x_wconf 86' lang='lat' dir='ltr'><strong>Herodot.</strong></span> <span class='ocrx_word' id='word_1_9' title='bbox 384 315 432 354; x_wconf 85' lang='lat' dir='ltr'><strong>ll.</strong></span> <span class='ocrx_word' id='word_1_10' title='bbox 453 317 527 358; x_wconf 80' lang='grc'><strong>96.</strong></span> <span class='ocrx_word' id='word_1_11' title='bbox 554 317 706 354; x_wconf 86' lang='lat' dir='ltr'><strong>Arrian.</strong></span> <span class='ocrx_word' id='word_1_12' title='bbox 728 315 793 354; x_wconf 91' lang='lat' dir='ltr'><strong>IV.</strong></span> <span class='ocrx_word' id='word_1_13' title='bbox 841 315 940 367; x_wconf 86' lang='lat' dir='ltr'><strong>Exp.</strong></span> <span class='ocrx_word' id='word_1_14' title='bbox 971 315 1084 355; x_wconf 84' lang='lat' dir='ltr'><strong>Alex.</strong></span> <span class='ocrx_word' id='word_1_15' title='bbox 1119 327 1155 364; x_wconf 88' lang='lat' dir='ltr'><strong>p.</strong></span> <span class='ocrx_word' id='word_1_16' title='bbox 1183 317 1286 357; x_wconf 89' lang='grc'><strong>181.</strong></span> <span class='ocrx_word' id='word_1_17' title='bbox 1317 322 1356 353; x_wconf 88' lang='lat' dir='ltr'><strong>et</strong></span> <span class='ocrx_word' id='word_1_18' title='bbox 1385 315 1552 354; x_wconf 87' lang='lat' dir='ltr'><strong>Indicor.</strong></span> 
     </span>
     <span class='ocr_line' id='line_1_3' title="bbox 111 372 1554 423; baseline -0.001 -11"><span class='ocrx_word' id='word_1_19' title='bbox 111 388 144 413; x_wconf 91' lang='lat' dir='ltr'><strong>c.</strong></span> <span class='ocrx_word' id='word_1_20' title='bbox 165 376 237 415; x_wconf 80' lang='lat'><strong>34.</strong></span> <span class='ocrx_word' id='word_1_21' title='bbox 258 387 294 423; x_wconf 87' lang='lat' dir='ltr'><strong>p.</strong></span> <span class='ocrx_word' id='word_1_22' title='bbox 318 373 422 413; x_wconf 86' lang='lat'><strong>349.</strong></span> <span class='ocrx_word' id='word_1_23' title='bbox 453 386 538 410; x_wconf 89' lang='lat' dir='ltr'><strong>cum</strong></span> <span class='ocrx_word' id='word_1_24' title='bbox 557 375 659 410; x_wconf 90' lang='lat' dir='ltr'><strong>notis</strong></span> <span class='ocrx_word' id='word_1_25' title='bbox 678 373 752 410; x_wconf 86' lang='lat' dir='ltr'><strong>lac.</strong></span> <span class='ocrx_word' id='word_1_26' title='bbox 769 372 973 420; x_wconf 86' lang='lat' dir='ltr'><strong>Gronovii,</strong></span> <span class='ocrx_word' id='word_1_27' title='bbox 1004 379 1273 421; x_wconf 83' lang='lat' dir='ltr'><strong>praetereaque</strong></span> <span class='ocrx_word' id='word_1_28' title='bbox 1296 372 1554 413; x_wconf 76' lang='lat' dir='ltr'><strong>Hutcliinson.</strong></span> 
     </span>
     <span class='ocr_line' id='line_1_4' title="bbox 111 427 1553 526; baseline -0.002 -58"><span class='ocrx_word' id='word_1_29' title='bbox 111 429 661 526; x_wconf 34' lang='lat' dir='ltr'><strong>ffiffegopi&#39;aegffgefflaum</strong></span> <span class='ocrx_word' id='word_1_30' title='bbox 684 443 719 481; x_wconf 86' lang='lat' dir='ltr'><strong>p.</strong></span> <span class='ocrx_word' id='word_1_31' title='bbox 746 431 817 470; x_wconf 82' lang='lat'><strong>76.</strong></span> <span class='ocrx_word' id='word_1_32' title='bbox 847 435 885 466; x_wconf 88' lang='lat' dir='ltr'><strong>et</strong></span> <span class='ocrx_word' id='word_1_33' title='bbox 914 429 962 466; x_wconf 86' lang='lat' dir='ltr'><strong>Is.</strong></span> <span class='ocrx_word' id='word_1_34' title='bbox 995 427 1157 466; x_wconf 88' lang='lat' dir='ltr'><strong>Casaub.</strong></span> <span class='ocrx_word' id='word_1_35' title='bbox 1187 428 1389 466; x_wconf 84' lang='lat' dir='ltr'><strong>Animadv.</strong></span> <span class='ocrx_word' id='word_1_36' title='bbox 1411 429 1553 469; x_wconf 85' lang='lat' dir='ltr'><strong>Athen.</strong></span> 
     </span>
    </p>
   </div>
   <div class='ocr_carea' id='block_1_3' title="bbox 112 536 1582 2379">
    <p class='ocr_par' dir='ltr' id='par_1_3' title="bbox 112 536 1558 816">
     <span class='ocr_line' id='line_1_5' title="bbox 225 536 1556 594; baseline -0.003 -11"><span class='ocrx_word' id='word_1_37' title='bbox 225 543 331 583; x_wconf 88' lang='grc'><strong>337.</strong></span> <span class='ocrx_word' id='word_1_38' title='bbox 362 543 436 582; x_wconf 88' lang='grc'><strong>90.</strong></span> <span class='ocrx_word' id='word_1_39' title='bbox 478 538 647 584; x_wconf 72' lang='grc' dir='ltr'>Ξουθία</span> <span class='ocrx_word' id='word_1_40' title='bbox 667 536 1043 594; x_wconf 73' lang='grc' dir='ltr'><strong>προσαγορεύεται]</strong></span> <span class='ocrx_word' id='word_1_41' title='bbox 1076 539 1204 578; x_wconf 83' lang='lat' dir='ltr'>Habet</span> <span class='ocrx_word' id='word_1_42' title='bbox 1222 538 1295 577; x_wconf 90' lang='lat' dir='ltr'><strong>hoc</strong></span> <span class='ocrx_word' id='word_1_43' title='bbox 1315 543 1470 579; x_wconf 89' lang='lat' dir='ltr'><strong>nomine</strong></span> <span class='ocrx_word' id='word_1_44' title='bbox 1489 555 1556 579; x_wconf 87' lang='lat' dir='ltr'><strong>ur-</strong></span> 
     </span>
     <span class='ocr_line' id='line_1_6' title="bbox 113 596 1556 648; baseline -0.001 -12"><span class='ocrx_word' id='word_1_45' title='bbox 113 599 197 636; x_wconf 88' lang='lat' dir='ltr'><strong>bem</strong></span> <span class='ocrx_word' id='word_1_46' title='bbox 221 597 378 636; x_wconf 80' lang='lat' dir='ltr'><strong>Siciliae</strong></span> <span class='ocrx_word' id='word_1_47' title='bbox 399 610 447 634; x_wconf 84' lang='lat' dir='ltr'><strong>ex</strong></span> <span class='ocrx_word' id='word_1_48' title='bbox 460 596 623 635; x_wconf 85' lang='lat' dir='ltr'><strong>Philisto</strong></span> <span class='ocrx_word' id='word_1_49' title='bbox 645 596 999 648; x_wconf 80' lang='lat' dir='ltr'><strong>Ethnicographus3</strong></span> <span class='ocrx_word' id='word_1_50' title='bbox 1025 609 1121 645; x_wconf 88' lang='lat' dir='ltr'><strong>quae</strong></span> <span class='ocrx_word' id='word_1_51' title='bbox 1143 596 1217 634; x_wconf 90' lang='lat' dir='ltr'><strong>huc</strong></span> <span class='ocrx_word' id='word_1_52' title='bbox 1236 599 1403 635; x_wconf 74' lang='lat' dir='ltr'><strong>viciniae</strong></span> <span class='ocrx_word' id='word_1_53' title='bbox 1424 599 1556 645; x_wconf 87' lang='lat' dir='ltr'><strong>fuerit,</strong></span> 
     </span>
     <span class='ocr_line' id='line_1_7' title="bbox 113 652 1555 706; baseline 0 -14"><span class='ocrx_word' id='word_1_54' title='bbox 113 668 162 692; x_wconf 89' lang='lat' dir='ltr'><strong>an</strong></span> <span class='ocrx_word' id='word_1_55' title='bbox 184 657 336 706; x_wconf 81' lang='lat' dir='ltr'><strong>longius</strong></span> <span class='ocrx_word' id='word_1_56' title='bbox 365 661 534 701; x_wconf 86' lang='lat' dir='ltr'><strong>remota,</strong></span> <span class='ocrx_word' id='word_1_57' title='bbox 573 667 652 691; x_wconf 89' lang='lat' dir='ltr'><strong>non</strong></span> <span class='ocrx_word' id='word_1_58' title='bbox 683 661 845 691; x_wconf 87' lang='lat' dir='ltr'><strong>constat.</strong></span> <span class='ocrx_word' id='word_1_59' title='bbox 888 652 998 690; x_wconf 85' lang='lat' dir='ltr'><strong>Conf.</strong></span> <span class='ocrx_word' id='word_1_60' title='bbox 1025 653 1094 691; x_wconf 89' lang='lat' dir='ltr'><strong>Ph.</strong></span> <span class='ocrx_word' id='word_1_61' title='bbox 1125 652 1278 690; x_wconf 90' lang='lat' dir='ltr'><strong>Cluver.</strong></span> <span class='ocrx_word' id='word_1_62' title='bbox 1308 653 1336 690; x_wconf 89' lang='lat' dir='ltr'><strong>I.</strong></span> <span class='ocrx_word' id='word_1_63' title='bbox 1367 654 1475 693; x_wconf 86' lang='lat' dir='ltr'><strong>Sicil.</strong></span> <span class='ocrx_word' id='word_1_64' title='bbox 1509 654 1555 692; x_wconf 87' lang='lat' dir='ltr'><strong>A.</strong></span> 
     </span>
     <span class='ocr_line' id='line_1_8' title="bbox 114 708 1558 760; baseline 0 -12"><span class='ocrx_word' id='word_1_65' title='bbox 114 725 146 748; x_wconf 91' lang='lat' dir='ltr'><strong>c.</strong></span> <span class='ocrx_word' id='word_1_66' title='bbox 172 713 243 752; x_wconf 91' lang='grc'><strong>10.</strong></span> <span class='ocrx_word' id='word_1_67' title='bbox 266 718 304 748; x_wconf 87' lang='lat' dir='ltr'><strong>et</strong></span> <span class='ocrx_word' id='word_1_68' title='bbox 322 708 378 747; x_wconf 88' lang='lat' dir='ltr'><strong>Cl.</strong></span> <span class='ocrx_word' id='word_1_69' title='bbox 398 709 716 760; x_wconf 85' lang='lat' dir='ltr'><strong>Havercampum,</strong></span> <span class='ocrx_word' id='word_1_70' title='bbox 736 709 986 759; x_wconf 82' lang='lat' dir='ltr'><strong>quiXuthum</strong></span> <span class='ocrx_word' id='word_1_71' title='bbox 1006 711 1046 747; x_wconf 90' lang='lat' dir='ltr'><strong>in</strong></span> <span class='ocrx_word' id='word_1_72' title='bbox 1065 709 1341 747; x_wconf 86' lang='lat' dir='ltr'><strong>Leontinorum</strong></span> <span class='ocrx_word' id='word_1_73' title='bbox 1360 723 1476 748; x_wconf 89' lang='lat' dir='ltr'><strong>numo</strong></span> <span class='ocrx_word' id='word_1_74' title='bbox 1496 724 1558 748; x_wconf 89' lang='lat' dir='ltr'><strong>re·-</strong></span> 
     </span>
     <span class='ocr_line' id='line_1_9' title="bbox 112 765 1391 816; baseline 0 -12"><span class='ocrx_word' id='word_1_75' title='bbox 112 770 257 816; x_wconf 87' lang='lat' dir='ltr'><strong>perisse</strong></span> <span class='ocrx_word' id='word_1_76' title='bbox 279 767 352 804; x_wconf 80' lang='lat' dir='ltr'><strong>sibi</strong></span> <span class='ocrx_word' id='word_1_77' title='bbox 371 769 478 804; x_wconf 86' lang='lat' dir='ltr'><strong>visus</strong></span> <span class='ocrx_word' id='word_1_78' title='bbox 499 773 577 814; x_wconf 88' lang='lat' dir='ltr'><strong>est,</strong></span> <span class='ocrx_word' id='word_1_79' title='bbox 604 767 652 804; x_wconf 88' lang='lat' dir='ltr'><strong>ad</strong></span> <span class='ocrx_word' id='word_1_80' title='bbox 673 766 835 804; x_wconf 88' lang='lat' dir='ltr'><strong>Parutae</strong></span> <span class='ocrx_word' id='word_1_81' title='bbox 856 767 1045 804; x_wconf 89' lang='lat' dir='ltr'><strong>Numism.</strong></span> <span class='ocrx_word' id='word_1_82' title='bbox 1067 779 1100 815; x_wconf 86' lang='lat' dir='ltr'><strong>p.</strong></span> <span class='ocrx_word' id='word_1_83' title='bbox 1125 768 1228 807; x_wconf 85' lang='lat'><strong>566.</strong></span> <span class='ocrx_word' id='word_1_84' title='bbox 1255 765 1391 804; x_wconf 77' lang='lat' dir='ltr'><strong>VVESS.</strong></span> 
     </span>
    </p>

    <p class='ocr_par' dir='ltr' id='par_1_4' title="bbox 112 818 1560 930">
     <span class='ocr_line' id='line_1_10' title="bbox 226 818 1560 876; baseline -0.002 -13"><span class='ocrx_word' id='word_1_85' title='bbox 226 824 331 863; x_wconf 89' lang='lat'><strong>337.</strong></span> <span class='ocrx_word' id='word_1_86' title='bbox 361 823 436 862; x_wconf 89' lang='grc'><strong>93.</strong></span> <span class='ocrx_word' id='word_1_87' title='bbox 486 818 788 876; x_wconf 73' lang='grc' dir='ltr'>Ἀγάθυρνον]</span> <span class='ocrx_word' id='word_1_88' title='bbox 829 819 1109 876; x_wconf 71' lang='grc' dir='ltr'>Ἀγάθυρναν</span> <span class='ocrx_word' id='word_1_89' title='bbox 1135 822 1230 860; x_wconf 91' lang='lat' dir='ltr'><strong>Mut.</strong></span> <span class='ocrx_word' id='word_1_90' title='bbox 1261 833 1336 872; x_wconf 89' lang='lat' dir='ltr'><strong>quo</strong></span> <span class='ocrx_word' id='word_1_91' title='bbox 1356 823 1560 874; x_wconf 83' lang='lat' dir='ltr'><strong>vulgatum</strong></span> 
     </span>
     <span class='ocr_line' id='line_1_11' title="bbox 112 878 1278 930; baseline -0.002 -13"><span class='ocrx_word' id='word_1_92' title='bbox 112 891 192 917; x_wconf 89' lang='lat' dir='ltr'><strong>non</strong></span> <span class='ocrx_word' id='word_1_93' title='bbox 225 881 430 930; x_wconf 82' lang='lat' dir='ltr'><strong>posterius,</strong></span> <span class='ocrx_word' id='word_1_94' title='bbox 471 879 558 917; x_wconf 84' lang='lat' dir='ltr'><strong>Vid.</strong></span> <span class='ocrx_word' id='word_1_95' title='bbox 583 880 625 917; x_wconf 88' lang='lat' dir='ltr'><strong>P.</strong></span> <span class='ocrx_word' id='word_1_96' title='bbox 649 878 802 917; x_wconf 83' lang='lat' dir='ltr'><strong>Cluver.</strong></span> <span class='ocrx_word' id='word_1_97' title='bbox 827 879 874 916; x_wconf 88' lang='lat' dir='ltr'><strong>Il.</strong></span> <span class='ocrx_word' id='word_1_98' title='bbox 910 879 987 916; x_wconf 84' lang='lat' dir='ltr'><strong>Sic.</strong></span> <span class='ocrx_word' id='word_1_99' title='bbox 1009 893 1040 916; x_wconf 91' lang='lat' dir='ltr'><strong>c.</strong></span> <span class='ocrx_word' id='word_1_100' title='bbox 1065 880 1104 919; x_wconf 84' lang='lat'><strong>5.</strong></span> <span class='ocrx_word' id='word_1_101' title='bbox 1138 879 1278 916; x_wconf 58' lang='lat' dir='ltr'><strong>WVESS.</strong></span> 
     </span>
    </p>

    <p class='ocr_par' dir='ltr' id='par_1_5' title="bbox 115 935 1562 1041">
     <span class='ocr_line' id='line_1_12' title="bbox 116 935 1562 987; baseline -0.003 -11"><span class='ocrx_word' id='word_1_102' title='bbox 116 964 125 982; x_wconf 68' lang='lat' dir='ltr'><em>z</em></span> <span class='ocrx_word' id='word_1_103' title='bbox 227 937 334 976; x_wconf 89' lang='grc'><strong>337.</strong></span> <span class='ocrx_word' id='word_1_104' title='bbox 370 937 411 975; x_wconf 90' lang='grc'><strong>3.</strong></span> <span class='ocrx_word' id='word_1_105' title='bbox 448 935 531 974; x_wconf 80' lang='grc' dir='ltr'><strong>Καὶ</strong></span> <span class='ocrx_word' id='word_1_106' title='bbox 552 937 713 987; x_wconf 75' lang='grc' dir='ltr'>μᾶλλον</span> <span class='ocrx_word' id='word_1_107' title='bbox 742 936 880 972; x_wconf 87' lang='lat' dir='ltr'><strong>desunt</strong></span> <span class='ocrx_word' id='word_1_108' title='bbox 901 935 965 973; x_wconf 91' lang='lat' dir='ltr'><strong>Co.</strong></span> <span class='ocrx_word' id='word_1_109' title='bbox 987 938 1139 973; x_wconf 85' lang='lat' dir='ltr'><strong>mallem</strong></span> <span class='ocrx_word' id='word_1_110' title='bbox 1159 937 1333 985; x_wconf 85' lang='lat' dir='ltr'><strong>copulam</strong></span> <span class='ocrx_word' id='word_1_111' title='bbox 1364 936 1562 987; x_wconf 85' lang='lat' dir='ltr'><strong>neglexis-</strong></span> 
     </span>
     <span class='ocr_line' id='line_1_13' title="bbox 115 992 890 1041; baseline -0.003 -12"><span class='ocrx_word' id='word_1_112' title='bbox 115 999 174 1029; x_wconf 85' lang='lat' dir='ltr'><strong>set</strong></span> <span class='ocrx_word' id='word_1_113' title='bbox 193 994 335 1041; x_wconf 79' lang='lat' dir='ltr'><strong>solam,</strong></span> <span class='ocrx_word' id='word_1_114' title='bbox 367 998 410 1029; x_wconf 92' lang='lat' dir='ltr'><strong>ut</strong></span> <span class='ocrx_word' id='word_1_115' title='bbox 439 1005 542 1041; x_wconf 84' lang='lat' dir='ltr'><strong>supr.</strong></span> <span class='ocrx_word' id='word_1_116' title='bbox 562 992 625 1029; x_wconf 90' lang='lat' dir='ltr'><strong>lV.</strong></span> <span class='ocrx_word' id='word_1_117' title='bbox 650 993 720 1031; x_wconf 87' lang='lat'><strong>54.</strong></span> <span class='ocrx_word' id='word_1_118' title='bbox 751 992 890 1028; x_wconf 62' lang='lat' dir='ltr'><strong>wffis.</strong></span> 
     </span>
    </p>

    <p class='ocr_par' dir='ltr' id='par_1_6' title="bbox 115 1045 1563 1210">
     <span class='ocr_line' id='line_1_14' title="bbox 231 1045 1562 1100; baseline -0.003 -12"><span class='ocrx_word' id='word_1_119' title='bbox 231 1049 338 1088; x_wconf 86' lang='lat'><strong>337.</strong></span> <span class='ocrx_word' id='word_1_120' title='bbox 373 1049 411 1087; x_wconf 82' lang='grc'><strong>5.</strong></span> <span class='ocrx_word' id='word_1_121' title='bbox 464 1050 560 1087; x_wconf 82' lang='grc' dir='ltr'><strong>Τῶν</strong></span> <span class='ocrx_word' id='word_1_122' title='bbox 591 1046 695 1087; x_wconf 79' lang='grc' dir='ltr'><strong>κατὰ</strong></span> <span class='ocrx_word' id='word_1_123' title='bbox 726 1046 801 1099; x_wconf 76' lang='grc' dir='ltr'><strong>τὴν</strong></span> <span class='ocrx_word' id='word_1_124' title='bbox 828 1046 966 1086; x_wconf 73' lang='grc' dir='ltr'>Ἀσίαν</span> <span class='ocrx_word' id='word_1_125' title='bbox 995 1045 1230 1100; x_wconf 65' lang='grc' dir='ltr'>βασιλέων]</span> <span class='ocrx_word' id='word_1_126' title='bbox 1274 1047 1425 1098; x_wconf 76' lang='lat' dir='ltr'><strong>Lydos,</strong></span> <span class='ocrx_word' id='word_1_127' title='bbox 1455 1054 1562 1097; x_wconf 88' lang='lat' dir='ltr'><strong>puto,</strong></span> 
     </span>
     <span class='ocr_line' id='line_1_15' title="bbox 115 1103 1563 1156; baseline 0 -16"><span class='ocrx_word' id='word_1_128' title='bbox 115 1103 321 1156; x_wconf 82' lang='lat' dir='ltr'><strong>intelligit,</strong></span> <span class='ocrx_word' id='word_1_129' title='bbox 347 1116 507 1152; x_wconf 88' lang='lat' dir='ltr'><strong>quorum</strong></span> <span class='ocrx_word' id='word_1_130' title='bbox 528 1103 701 1155; x_wconf 73' lang='lat' dir='ltr'><strong>Alyattes</strong></span> <span class='ocrx_word' id='word_1_131' title='bbox 731 1105 889 1141; x_wconf 86' lang='lat' dir='ltr'><strong>Graecis</strong></span> <span class='ocrx_word' id='word_1_132' title='bbox 920 1118 987 1154; x_wconf 89' lang='lat' dir='ltr'><strong>per</strong></span> <span class='ocrx_word' id='word_1_133' title='bbox 1018 1107 1204 1141; x_wconf 86' lang='lat' dir='ltr'><strong>minorem</strong></span> <span class='ocrx_word' id='word_1_134' title='bbox 1231 1104 1362 1141; x_wconf 80' lang='lat' dir='ltr'><strong>Asiam</strong></span> <span class='ocrx_word' id='word_1_135' title='bbox 1391 1106 1563 1140; x_wconf 81' lang='lat' dir='ltr'><strong>civitati-</strong></span> 
     </span>
     <span class='ocr_line' id='line_1_16' title="bbox 116 1160 1561 1210; baseline 0.003 -13"><span class='ocrx_word' id='word_1_136' title='bbox 116 1160 187 1197; x_wconf 89' lang='lat' dir='ltr'><strong>bus</strong></span> <span class='ocrx_word' id='word_1_137' title='bbox 209 1160 279 1198; x_wconf 93' lang='lat' dir='ltr'><strong>hoc</strong></span> <span class='ocrx_word' id='word_1_138' title='bbox 299 1168 467 1210; x_wconf 87' lang='lat' dir='ltr'><strong>tempore</strong></span> <span class='ocrx_word' id='word_1_139' title='bbox 487 1163 777 1198; x_wconf 87' lang='lat' dir='ltr'><strong>molestissimus</strong></span> <span class='ocrx_word' id='word_1_140' title='bbox 799 1168 901 1207; x_wconf 88' lang='lat' dir='ltr'><strong>erat,</strong></span> <span class='ocrx_word' id='word_1_141' title='bbox 930 1168 1025 1197; x_wconf 85' lang='lat' dir='ltr'><strong>teste</strong></span> <span class='ocrx_word' id='word_1_142' title='bbox 1046 1160 1242 1197; x_wconf 82' lang='lat' dir='ltr'><strong>Herodoto</strong></span> <span class='ocrx_word' id='word_1_143' title='bbox 1268 1160 1294 1199; x_wconf 87' lang='grc' dir='ltr'><strong>Ι.</strong></span> <span class='ocrx_word' id='word_1_144' title='bbox 1323 1163 1392 1200; x_wconf 83' lang='lat'><strong>16.</strong></span> <span class='ocrx_word' id='word_1_145' title='bbox 1426 1160 1561 1197; x_wconf 67' lang='lat' dir='ltr'><strong>wssss.</strong></span> 
     </span>
    </p>

    <p class='ocr_par' dir='ltr' id='par_1_7' title="bbox 117 1214 1568 1549">
     <span class='ocr_line' id='line_1_17' title="bbox 231 1214 1563 1268; baseline -0.002 -11"><span class='ocrx_word' id='word_1_146' title='bbox 231 1218 337 1257; x_wconf 84' lang='lat'><strong>337·</strong></span> <span class='ocrx_word' id='word_1_147' title='bbox 361 1219 400 1257; x_wconf 82' lang='lat'><strong>7·</strong></span> <span class='ocrx_word' id='word_1_148' title='bbox 430 1215 682 1256; x_wconf 65' lang='grc' dir='ltr'>Πένταθλον</span> <span class='ocrx_word' id='word_1_149' title='bbox 703 1214 975 1268; x_wconf 71' lang='grc' dir='ltr'>τ’ὂνΚιίΆίον]</span> <span class='ocrx_word' id='word_1_150' title='bbox 1013 1217 1191 1254; x_wconf 78' lang='lat' dir='ltr'><strong>Meminit</strong></span> <span class='ocrx_word' id='word_1_151' title='bbox 1210 1219 1292 1253; x_wconf 90' lang='lat' dir='ltr'><strong>eius</strong></span> <span class='ocrx_word' id='word_1_152' title='bbox 1312 1230 1360 1253; x_wconf 82' lang='lat' dir='ltr'><strong>ex</strong></span> <span class='ocrx_word' id='word_1_153' title='bbox 1380 1216 1563 1254; x_wconf 84' lang='lat' dir='ltr'><strong>Antiochi</strong></span> 
     </span>
     <span class='ocr_line' id='line_1_18' title="bbox 117 1270 1565 1322; baseline -0.001 -12"><span class='ocrx_word' id='word_1_154' title='bbox 117 1270 354 1322; x_wconf 82' lang='lat' dir='ltr'><strong>Syracusani</strong></span> <span class='ocrx_word' id='word_1_155' title='bbox 384 1271 479 1311; x_wconf 90' lang='lat' dir='ltr'><strong>Reb.</strong></span> <span class='ocrx_word' id='word_1_156' title='bbox 511 1272 655 1310; x_wconf 87' lang='lat' dir='ltr'><strong>Siculis</strong></span> <span class='ocrx_word' id='word_1_157' title='bbox 686 1273 850 1311; x_wconf 86' lang='lat' dir='ltr'><strong>Pausan.</strong></span> <span class='ocrx_word' id='word_1_158' title='bbox 869 1272 923 1310; x_wconf 89' lang='lat' dir='ltr'><strong>X.</strong></span> <span class='ocrx_word' id='word_1_159' title='bbox 949 1276 1042 1320; x_wconf 86' lang='grc'><strong>1].;</strong></span> <span class='ocrx_word' id='word_1_160' title='bbox 1073 1276 1137 1321; x_wconf 87' lang='lat' dir='ltr'><strong>qui</strong></span> <span class='ocrx_word' id='word_1_161' title='bbox 1166 1275 1339 1310; x_wconf 88' lang='lat' dir='ltr'><strong>coloniae</strong></span> <span class='ocrx_word' id='word_1_162' title='bbox 1370 1286 1454 1310; x_wconf 86' lang='lat' dir='ltr'><strong>cum</strong></span> <span class='ocrx_word' id='word_1_163' title='bbox 1486 1273 1565 1309; x_wconf 84' lang='lat' dir='ltr'><strong>dux</strong></span> 
     </span>
     <span class='ocr_line' id='line_1_19' title="bbox 118 1326 1566 1379; baseline -0.001 -14"><span class='ocrx_word' id='word_1_164' title='bbox 118 1336 241 1376; x_wconf 86' lang='lat' dir='ltr'><strong>esset,</strong></span> <span class='ocrx_word' id='word_1_165' title='bbox 273 1335 475 1379; x_wconf 89' lang='lat' dir='ltr'><strong>propterea</strong></span> <span class='ocrx_word' id='word_1_166' title='bbox 504 1329 643 1378; x_wconf 87' lang='lat' dir='ltr'><strong>Lipara</strong></span> <span class='ocrx_word' id='word_1_167' title='bbox 672 1329 854 1369; x_wconf 76' lang='grc' dir='ltr'>Κνιδίων</span> <span class='ocrx_word' id='word_1_168' title='bbox 886 1326 1056 1375; x_wconf 74' lang='grc' dir='ltr'>ἄποικος</span> <span class='ocrx_word' id='word_1_169' title='bbox 1087 1328 1309 1379; x_wconf 79' lang='lat' dir='ltr'><strong>Thucydidi</strong></span> <span class='ocrx_word' id='word_1_170' title='bbox 1332 1329 1398 1367; x_wconf 77' lang='lat'><strong>111.</strong></span> <span class='ocrx_word' id='word_1_171' title='bbox 1426 1332 1496 1369; x_wconf 85' lang='lat'><strong>88.</strong></span> <span class='ocrx_word' id='word_1_172' title='bbox 1528 1334 1566 1365; x_wconf 90' lang='lat' dir='ltr'><strong>et</strong></span> 
     </span>
     <span class='ocr_line' id='line_1_20' title="bbox 120 1383 1567 1433; baseline 0 -12"><span class='ocrx_word' id='word_1_173' title='bbox 120 1383 303 1422; x_wconf 86' lang='lat' dir='ltr'><strong>Straboni</strong></span> <span class='ocrx_word' id='word_1_174' title='bbox 339 1385 402 1422; x_wconf 85' lang='lat' dir='ltr'><strong>Vl.</strong></span> <span class='ocrx_word' id='word_1_175' title='bbox 432 1397 467 1433; x_wconf 86' lang='lat' dir='ltr'><strong>p.</strong></span> <span class='ocrx_word' id='word_1_176' title='bbox 491 1385 600 1425; x_wconf 86' lang='lat'><strong>422.</strong></span> <span class='ocrx_word' id='word_1_177' title='bbox 621 1384 681 1432; x_wconf 86' lang='lat' dir='ltr'><strong>B.,</strong></span> <span class='ocrx_word' id='word_1_178' title='bbox 716 1388 869 1422; x_wconf 88' lang='lat' dir='ltr'><strong>tametsi</strong></span> <span class='ocrx_word' id='word_1_179' title='bbox 889 1387 992 1422; x_wconf 87' lang='lat' dir='ltr'><strong>inter</strong></span> <span class='ocrx_word' id='word_1_180' title='bbox 1009 1387 1181 1422; x_wconf 85' lang='lat' dir='ltr'><strong>colonias</strong></span> <span class='ocrx_word' id='word_1_181' title='bbox 1203 1393 1239 1422; x_wconf 90' lang='lat' dir='ltr'><strong>et</strong></span> <span class='ocrx_word' id='word_1_182' title='bbox 1262 1384 1404 1422; x_wconf 82' lang='lat' dir='ltr'><strong>Rhodii</strong></span> <span class='ocrx_word' id='word_1_183' title='bbox 1427 1392 1567 1422; x_wconf 85' lang='lat' dir='ltr'><strong>essent.</strong></span> 
     </span>
     <span class='ocr_line' id='line_1_21' title="bbox 119 1439 1568 1493; baseline 0.001 -15"><span class='ocrx_word' id='word_1_184' title='bbox 119 1440 358 1493; x_wconf 81' lang='lat' dir='ltr'><strong>Epitelidas,</strong></span> <span class='ocrx_word' id='word_1_185' title='bbox 383 1444 447 1492; x_wconf 89' lang='lat' dir='ltr'><strong>qui</strong></span> <span class='ocrx_word' id='word_1_186' title='bbox 466 1442 618 1492; x_wconf 86' lang='lat' dir='ltr'><strong>Olymp.</strong></span> <span class='ocrx_word' id='word_1_187' title='bbox 637 1442 678 1478; x_wconf 85' lang='lat' dir='ltr'><strong>L.</strong></span> <span class='ocrx_word' id='word_1_188' title='bbox 702 1442 826 1479; x_wconf 87' lang='lat' dir='ltr'><strong>stadio</strong></span> <span class='ocrx_word' id='word_1_189' title='bbox 846 1444 955 1487; x_wconf 81' lang='lat' dir='ltr'><strong>vicit,</strong></span> <span class='ocrx_word' id='word_1_190' title='bbox 976 1439 1226 1492; x_wconf 70' lang='grc' dir='ltr'><em>Ἐπιτελίδης</em></span> <span class='ocrx_word' id='word_1_191' title='bbox 1245 1444 1286 1479; x_wconf 87' lang='lat' dir='ltr'><strong>in</strong></span> <span class='ocrx_word' id='word_1_192' title='bbox 1297 1440 1482 1492; x_wconf 85' lang='lat' dir='ltr'><strong>Dionysii</strong></span> <span class='ocrx_word' id='word_1_193' title='bbox 1505 1441 1568 1479; x_wconf 83' lang='lat' dir='ltr'><strong>lv.</strong></span> 
     </span>
     <span class='ocr_line' id='line_1_22' title="bbox 121 1496 1568 1549; baseline 0.001 -15"><span class='ocrx_word' id='word_1_194' title='bbox 121 1496 211 1538; x_wconf 89' lang='lat' dir='ltr'><strong>Ant.</strong></span> <span class='ocrx_word' id='word_1_195' title='bbox 232 1497 341 1536; x_wconf 89' lang='lat' dir='ltr'><strong>Rom.</strong></span> <span class='ocrx_word' id='word_1_196' title='bbox 374 1511 406 1534; x_wconf 87' lang='lat' dir='ltr'><strong>c.</strong></span> <span class='ocrx_word' id='word_1_197' title='bbox 428 1500 487 1545; x_wconf 79' lang='lat'><strong>1.,</strong></span> <span class='ocrx_word' id='word_1_198' title='bbox 518 1498 599 1544; x_wconf 88' lang='lat' dir='ltr'><strong>sed,</strong></span> <span class='ocrx_word' id='word_1_199' title='bbox 628 1499 729 1547; x_wconf 86' lang='lat' dir='ltr'><strong>quod</strong></span> <span class='ocrx_word' id='word_1_200' title='bbox 751 1498 906 1545; x_wconf 80' lang='lat' dir='ltr'><strong>Noster,</strong></span> <span class='ocrx_word' id='word_1_201' title='bbox 933 1498 1167 1536; x_wconf 82' lang='lat' dir='ltr'><strong>Laconicum</strong></span> <span class='ocrx_word' id='word_1_202' title='bbox 1189 1501 1312 1549; x_wconf 84' lang='lat' dir='ltr'><strong>magis</strong></span> <span class='ocrx_word' id='word_1_203' title='bbox 1333 1504 1402 1534; x_wconf 90' lang='lat' dir='ltr'><strong>est.</strong></span> <span class='ocrx_word' id='word_1_204' title='bbox 1432 1497 1568 1535; x_wconf 60' lang='lat' dir='ltr'><strong>wass.</strong></span> 
     </span>
    </p>

    <p class='ocr_par' dir='ltr' id='par_1_8' title="bbox 121 1550 1574 1884">
     <span class='ocr_line' id='line_1_23' title="bbox 235 1550 1570 1606; baseline -0.003 -12"><span class='ocrx_word' id='word_1_205' title='bbox 235 1555 341 1594; x_wconf 86' lang='lat'><strong>337.</strong></span> <span class='ocrx_word' id='word_1_206' title='bbox 374 1556 443 1594; x_wconf 86' lang='lat' dir='ltr'><strong>ll.</strong></span> <span class='ocrx_word' id='word_1_207' title='bbox 478 1554 550 1601; x_wconf 77' lang='grc' dir='ltr'><strong>Εἷς</strong></span> <span class='ocrx_word' id='word_1_208' title='bbox 568 1552 664 1601; x_wconf 74' lang='grc' dir='ltr'>τοὺς</span> <span class='ocrx_word' id='word_1_209' title='bbox 684 1552 790 1594; x_wconf 82' lang='grc' dir='ltr'>κατὰ</span> <span class='ocrx_word' id='word_1_210' title='bbox 819 1553 865 1593; x_wconf 82' lang='grc' dir='ltr'><strong>τὸ</strong></span> <span class='ocrx_word' id='word_1_211' title='bbox 888 1550 1127 1606; x_wconf 65' lang='grc' dir='ltr'>Λιλύβαιον</span> <span class='ocrx_word' id='word_1_212' title='bbox 1147 1550 1326 1604; x_wconf 72' lang='grc' dir='ltr'>τόπους]</span> <span class='ocrx_word' id='word_1_213' title='bbox 1359 1554 1570 1590; x_wconf 79' lang='lat' dir='ltr'><strong>Pausanias</strong></span> 
     </span>
     <span class='ocr_line' id='line_1_24' title="bbox 122 1609 1570 1660; baseline -0.001 -13"><span class='ocrx_word' id='word_1_214' title='bbox 122 1611 147 1647; x_wconf 91' lang='lat' dir='ltr'><strong>l.</strong></span> <span class='ocrx_word' id='word_1_215' title='bbox 170 1624 202 1647; x_wconf 89' lang='lat' dir='ltr'><strong>c.</strong></span> <span class='ocrx_word' id='word_1_216' title='bbox 224 1610 272 1648; x_wconf 82' lang='lat' dir='ltr'><strong>ad</strong></span> <span class='ocrx_word' id='word_1_217' title='bbox 292 1609 516 1660; x_wconf 85' lang='lat' dir='ltr'><strong>Pachynum</strong></span> <span class='ocrx_word' id='word_1_218' title='bbox 536 1611 715 1659; x_wconf 84' lang='lat' dir='ltr'><strong>adpulsos</strong></span> <span class='ocrx_word' id='word_1_219' title='bbox 737 1624 786 1648; x_wconf 87' lang='lat' dir='ltr'><strong>ex</strong></span> <span class='ocrx_word' id='word_1_220' title='bbox 807 1611 997 1649; x_wconf 88' lang='lat' dir='ltr'><strong>Antiocho</strong></span> <span class='ocrx_word' id='word_1_221' title='bbox 1017 1612 1158 1658; x_wconf 81' lang='lat' dir='ltr'><strong>refert,</strong></span> <span class='ocrx_word' id='word_1_222' title='bbox 1188 1613 1384 1660; x_wconf 86' lang='lat' dir='ltr'><strong>victosque</strong></span> <span class='ocrx_word' id='word_1_223' title='bbox 1406 1611 1453 1647; x_wconf 89' lang='lat' dir='ltr'><strong>ab</strong></span> <span class='ocrx_word' id='word_1_224' title='bbox 1473 1610 1570 1660; x_wconf 80' lang='lat' dir='ltr'><strong>Ely-</strong></span> 
     </span>
     <span class='ocr_line' id='line_1_25' title="bbox 121 1666 1572 1717; baseline 0 -14"><span class='ocrx_word' id='word_1_225' title='bbox 121 1669 194 1703; x_wconf 89' lang='lat' dir='ltr'><strong>mis</strong></span> <span class='ocrx_word' id='word_1_226' title='bbox 217 1674 254 1704; x_wconf 88' lang='lat' dir='ltr'><strong>et</strong></span> <span class='ocrx_word' id='word_1_227' title='bbox 271 1666 527 1704; x_wconf 85' lang='lat' dir='ltr'><strong>Phoenicibus</strong></span> <span class='ocrx_word' id='word_1_228' title='bbox 557 1666 733 1716; x_wconf 87' lang='lat' dir='ltr'><strong>Liparam</strong></span> <span class='ocrx_word' id='word_1_229' title='bbox 754 1674 975 1715; x_wconf 79' lang='lat' dir='ltr'><strong>ceterasque</strong></span> <span class='ocrx_word' id='word_1_230' title='bbox 1006 1667 1159 1704; x_wconf 88' lang='lat' dir='ltr'><strong>Aeolias</strong></span> <span class='ocrx_word' id='word_1_231' title='bbox 1181 1680 1407 1717; x_wconf 74' lang='lat' dir='ltr'><strong>occupasse,</strong></span> <span class='ocrx_word' id='word_1_232' title='bbox 1440 1669 1572 1703; x_wconf 86' lang='lat' dir='ltr'><strong>eiectis</strong></span> 
     </span>
     <span class='ocr_line' id='line_1_26' title="bbox 122 1721 1573 1771; baseline -0.001 -11"><span class='ocrx_word' id='word_1_233' title='bbox 122 1724 275 1760; x_wconf 88' lang='lat' dir='ltr'><strong>incolis.</strong></span> <span class='ocrx_word' id='word_1_234' title='bbox 325 1721 422 1759; x_wconf 90' lang='lat' dir='ltr'><strong>Uter</strong></span> <span class='ocrx_word' id='word_1_235' title='bbox 449 1725 602 1760; x_wconf 78' lang='lat' dir='ltr'><strong>veriora</strong></span> <span class='ocrx_word' id='word_1_236' title='bbox 633 1724 857 1771; x_wconf 76' lang='lat' dir='ltr'><strong>tradiderit,</strong></span> <span class='ocrx_word' id='word_1_237' title='bbox 899 1723 1163 1760; x_wconf 86' lang='lat' dir='ltr'><strong>Antiochusne</strong></span> <span class='ocrx_word' id='word_1_238' title='bbox 1203 1737 1251 1760; x_wconf 88' lang='lat' dir='ltr'><strong>an</strong></span> <span class='ocrx_word' id='word_1_239' title='bbox 1282 1723 1499 1769; x_wconf 87' lang='lat' dir='ltr'><strong>Diodorus,</strong></span> <span class='ocrx_word' id='word_1_240' title='bbox 1529 1725 1573 1759; x_wconf 89' lang='lat' dir='ltr'><strong>in</strong></span> 
     </span>
     <span class='ocr_line' id='line_1_27' title="bbox 124 1778 1574 1830; baseline 0 -14"><span class='ocrx_word' id='word_1_241' title='bbox 124 1785 232 1816; x_wconf 86' lang='lat' dir='ltr'><strong>tanta</strong></span> <span class='ocrx_word' id='word_1_242' title='bbox 250 1778 382 1816; x_wconf 88' lang='lat' dir='ltr'><strong>harum</strong></span> <span class='ocrx_word' id='word_1_243' title='bbox 401 1792 529 1815; x_wconf 76' lang='lat' dir='ltr'><strong>rerum</strong></span> <span class='ocrx_word' id='word_1_244' title='bbox 548 1781 735 1830; x_wconf 81' lang='lat' dir='ltr'><strong>caligine,</strong></span> <span class='ocrx_word' id='word_1_245' title='bbox 763 1782 847 1828; x_wconf 83' lang='lat' dir='ltr'><strong>quis</strong></span> <span class='ocrx_word' id='word_1_246' title='bbox 873 1778 1077 1816; x_wconf 58' lang='lat' dir='ltr'><strong>decernet?</strong></span> <span class='ocrx_word' id='word_1_247' title='bbox 1131 1780 1332 1817; x_wconf 85' lang='lat' dir='ltr'><strong>Pertinent</strong></span> <span class='ocrx_word' id='word_1_248' title='bbox 1362 1778 1436 1815; x_wconf 89' lang='lat' dir='ltr'><strong>huc</strong></span> <span class='ocrx_word' id='word_1_249' title='bbox 1477 1791 1574 1828; x_wconf 84' lang='lat' dir='ltr'><strong>quae</strong></span> 
     </span>
     <span class='ocr_line' id='line_1_28' title="bbox 126 1833 1460 1884; baseline -0.001 -11"><span class='ocrx_word' id='word_1_250' title='bbox 126 1848 150 1873; x_wconf 82' lang='lat' dir='ltr'><strong>a</strong></span> <span class='ocrx_word' id='word_1_251' title='bbox 170 1835 239 1873; x_wconf 88' lang='lat' dir='ltr'><strong>Ph.</strong></span> <span class='ocrx_word' id='word_1_252' title='bbox 266 1833 447 1872; x_wconf 82' lang='lat' dir='ltr'><strong>Cluverio</strong></span> <span class='ocrx_word' id='word_1_253' title='bbox 472 1835 516 1871; x_wconf 89' lang='lat' dir='ltr'><strong>ll.</strong></span> <span class='ocrx_word' id='word_1_254' title='bbox 541 1835 650 1872; x_wconf 83' lang='lat' dir='ltr'><strong>Sicil.</strong></span> <span class='ocrx_word' id='word_1_255' title='bbox 675 1836 807 1884; x_wconf 80' lang='lat' dir='ltr'><strong>Antiq.</strong></span> <span class='ocrx_word' id='word_1_256' title='bbox 835 1848 869 1884; x_wconf 85' lang='lat' dir='ltr'><strong>p.</strong></span> <span class='ocrx_word' id='word_1_257' title='bbox 891 1837 997 1875; x_wconf 75' lang='grc'><strong>403.</strong></span> <span class='ocrx_word' id='word_1_258' title='bbox 1029 1836 1286 1884; x_wconf 81' lang='lat' dir='ltr'><strong>disputantur.</strong></span> <span class='ocrx_word' id='word_1_259' title='bbox 1321 1835 1460 1872; x_wconf 69' lang='lat' dir='ltr'><strong>VVESS.</strong></span> 
     </span>
    </p>

    <p class='ocr_par' dir='ltr' id='par_1_9' title="bbox 240 1889 1374 1944">
     <span class='ocr_line' id='line_1_29' title="bbox 240 1889 1374 1944; baseline -0.003 -14"><span class='ocrx_word' id='word_1_260' title='bbox 240 1892 345 1931; x_wconf 83' lang='lat'><strong>337.</strong></span> <span class='ocrx_word' id='word_1_261' title='bbox 383 1894 449 1931; x_wconf 82' lang='grc'><strong>12.</strong></span> <span class='ocrx_word' id='word_1_262' title='bbox 477 1889 764 1944; x_wconf 70' lang='grc' dir='ltr'><strong>Ἐγεσταίους]</strong></span> <span class='ocrx_word' id='word_1_263' title='bbox 794 1891 905 1929; x_wconf 88' lang='lat' dir='ltr'><strong>Conf.</strong></span> <span class='ocrx_word' id='word_1_264' title='bbox 927 1906 1029 1941; x_wconf 87' lang='lat' dir='ltr'><strong>supr.</strong></span> <span class='ocrx_word' id='word_1_265' title='bbox 1052 1892 1116 1928; x_wconf 90' lang='lat' dir='ltr'><strong>lV.</strong></span> <span class='ocrx_word' id='word_1_266' title='bbox 1136 1893 1210 1931; x_wconf 84' lang='grc'><strong>23.</strong></span> <span class='ocrx_word' id='word_1_267' title='bbox 1239 1892 1374 1929; x_wconf 51' lang='grc' dir='ltr'><strong>ὮΨΕΞΞ.</strong></span> 
     </span>
    </p>

    <p class='ocr_par' dir='ltr' id='par_1_10' title="bbox 124 1944 1576 2041">
     <span class='ocr_line' id='line_1_30' title="bbox 238 1944 1576 2003; baseline -0.002 -16"><span class='ocrx_word' id='word_1_268' title='bbox 238 1948 344 1988; x_wconf 88' lang='grc'><strong>337.</strong></span> <span class='ocrx_word' id='word_1_269' title='bbox 373 1949 448 1988; x_wconf 82' lang='grc'><strong>24.</strong></span> <span class='ocrx_word' id='word_1_270' title='bbox 491 1949 587 1987; x_wconf 79' lang='grc' dir='ltr'><strong>Τῶν</strong></span> <span class='ocrx_word' id='word_1_271' title='bbox 610 1946 839 2003; x_wconf 69' lang='grc' dir='ltr'>Ίύῤῥηνῶν</span> <span class='ocrx_word' id='word_1_272' title='bbox 863 1944 1174 2002; x_wconf 66' lang='grc' dir='ltr'><strong>λῃστευόντων]</strong></span> <span class='ocrx_word' id='word_1_273' title='bbox 1205 1949 1302 1986; x_wconf 75' lang='lat' dir='ltr'><strong>Vide</strong></span> <span class='ocrx_word' id='word_1_274' title='bbox 1326 1948 1418 1985; x_wconf 88' lang='lat' dir='ltr'><strong>infr.</strong></span> <span class='ocrx_word' id='word_1_275' title='bbox 1448 1961 1480 1984; x_wconf 89' lang='lat' dir='ltr'><strong>c.</strong></span> <span class='ocrx_word' id='word_1_276' title='bbox 1499 1947 1576 1987; x_wconf 87' lang='grc'><strong>40.</strong></span> 
     </span>
     <span class='ocr_line' id='line_1_31' title="bbox 124 2002 259 2041; baseline -0.007 0"><span class='ocrx_word' id='word_1_277' title='bbox 124 2002 259 2041; x_wconf 76' lang='lat' dir='ltr'><strong>WEss.</strong></span> 
     </span>
    </p>

    <p class='ocr_par' dir='ltr' id='par_1_11' title="bbox 127 2056 1580 2279">
     <span class='ocr_line' id='line_1_32' title="bbox 241 2056 1580 2113; baseline -0.006 -11"><span class='ocrx_word' id='word_1_278' title='bbox 241 2061 346 2102; x_wconf 85' lang='lat'><strong>338.</strong></span> <span class='ocrx_word' id='word_1_279' title='bbox 375 2060 448 2099; x_wconf 81' lang='lat'><strong>34.</strong></span> <span class='ocrx_word' id='word_1_280' title='bbox 483 2056 709 2111; x_wconf 76' lang='grc' dir='ltr'>Ἐνίκησαν</span> <span class='ocrx_word' id='word_1_281' title='bbox 738 2058 836 2107; x_wconf 78' lang='grc' dir='ltr'>τοὺς</span> <span class='ocrx_word' id='word_1_282' title='bbox 869 2057 1141 2113; x_wconf 61' lang='grc' dir='ltr'>Τυρρηνοὺς]</span> <span class='ocrx_word' id='word_1_283' title='bbox 1187 2059 1363 2098; x_wconf 78' lang='lat' dir='ltr'><strong>Celebrat</strong></span> <span class='ocrx_word' id='word_1_284' title='bbox 1393 2059 1580 2108; x_wconf 85' lang='lat' dir='ltr'><strong>Liparen-</strong></span> 
     </span>
     <span class='ocr_line' id='line_1_33' title="bbox 127 2116 1580 2166; baseline -0.001 -13"><span class='ocrx_word' id='word_1_285' title='bbox 127 2118 227 2153; x_wconf 82' lang='lat' dir='ltr'><strong>sium</strong></span> <span class='ocrx_word' id='word_1_286' title='bbox 245 2116 314 2153; x_wconf 90' lang='lat' dir='ltr'><strong>has</strong></span> <span class='ocrx_word' id='word_1_287' title='bbox 335 2118 518 2154; x_wconf 79' lang='lat' dir='ltr'><strong>victorias</strong></span> <span class='ocrx_word' id='word_1_288' title='bbox 540 2116 750 2154; x_wconf 82' lang='lat' dir='ltr'><strong>Pausanias</strong></span> <span class='ocrx_word' id='word_1_289' title='bbox 772 2118 813 2154; x_wconf 78' lang='lat' dir='ltr'><strong>L.</strong></span> <span class='ocrx_word' id='word_1_290' title='bbox 832 2116 885 2154; x_wconf 88' lang='lat' dir='ltr'><strong>X.</strong></span> <span class='ocrx_word' id='word_1_291' title='bbox 902 2120 985 2165; x_wconf 64' lang='lat'><strong>16,</strong></span> <span class='ocrx_word' id='word_1_292' title='bbox 1007 2118 1180 2166; x_wconf 80' lang='lat' dir='ltr'><strong>donaque</strong></span> <span class='ocrx_word' id='word_1_293' title='bbox 1202 2123 1388 2154; x_wconf 79' lang='lat' dir='ltr'><strong>memorat</strong></span> <span class='ocrx_word' id='word_1_294' title='bbox 1407 2116 1580 2165; x_wconf 79' lang='lat' dir='ltr'><strong>Apollini</strong></span> 
     </span>
     <span class='ocr_line' id='line_1_34' title="bbox 127 2171 1579 2223; baseline -0.001 -13"><span class='ocrx_word' id='word_1_295' title='bbox 127 2172 315 2222; x_wconf 81' lang='lat' dir='ltr'><strong>Delphico</strong></span> <span class='ocrx_word' id='word_1_296' title='bbox 335 2175 376 2209; x_wconf 90' lang='lat' dir='ltr'><strong>in</strong></span> <span class='ocrx_word' id='word_1_297' title='bbox 399 2187 527 2209; x_wconf 88' lang='lat' dir='ltr'><strong>earum</strong></span> <span class='ocrx_word' id='word_1_298' title='bbox 547 2177 769 2211; x_wconf 82' lang='lat' dir='ltr'><strong>memoriam</strong></span> <span class='ocrx_word' id='word_1_299' title='bbox 790 2182 1026 2222; x_wconf 84' lang='lat' dir='ltr'><strong>consecrata,</strong></span> <span class='ocrx_word' id='word_1_300' title='bbox 1042 2174 1357 2223; x_wconf 83' lang='lat' dir='ltr'><strong>quemadmodum</strong></span> <span class='ocrx_word' id='word_1_301' title='bbox 1378 2180 1416 2210; x_wconf 87' lang='lat' dir='ltr'><strong>et</strong></span> <span class='ocrx_word' id='word_1_302' title='bbox 1437 2171 1579 2208; x_wconf 81' lang='lat' dir='ltr'><strong>Strabo</strong></span> 
     </span>
     <span class='ocr_line' id='line_1_35' title="bbox 128 2228 616 2279; baseline -0.01 -10"><span class='ocrx_word' id='word_1_303' title='bbox 128 2228 196 2268; x_wconf 93' lang='lat' dir='ltr'><strong>Vl.</strong></span> <span class='ocrx_word' id='word_1_304' title='bbox 219 2243 254 2279; x_wconf 86' lang='lat' dir='ltr'><strong>p.</strong></span> <span class='ocrx_word' id='word_1_305' title='bbox 278 2230 387 2269; x_wconf 81' lang='lat'><strong>422.</strong></span> <span class='ocrx_word' id='word_1_306' title='bbox 409 2228 451 2266; x_wconf 92' lang='lat' dir='ltr'><strong>C.</strong></span> <span class='ocrx_word' id='word_1_307' title='bbox 482 2229 616 2265; x_wconf 55' lang='lat' dir='ltr'><strong>WVEss.</strong></span> 
     </span>
    </p>

    <p class='ocr_par' dir='ltr' id='par_1_12' title="bbox 131 2283 1582 2379">
     <span class='ocr_line' id='line_1_36' title="bbox 244 2283 1582 2338; baseline -0.003 -14"><span class='ocrx_word' id='word_1_308' title='bbox 244 2286 348 2326; x_wconf 82' lang='lat'><strong>338.</strong></span> <span class='ocrx_word' id='word_1_309' title='bbox 382 2286 456 2326; x_wconf 90' lang='lat'><strong>38.</strong></span> <span class='ocrx_word' id='word_1_310' title='bbox 483 2283 703 2338; x_wconf 77' lang='grc' dir='ltr'>’Έλαβον]</span> <span class='ocrx_word' id='word_1_311' title='bbox 735 2283 920 2337; x_wconf 75' lang='grc' dir='ltr'><strong>’Ἔλαβεν</strong></span> <span class='ocrx_word' id='word_1_312' title='bbox 951 2285 997 2324; x_wconf 85' lang='lat' dir='ltr'><strong>R.</strong></span> <span class='ocrx_word' id='word_1_313' title='bbox 1026 2286 1123 2325; x_wconf 81' lang='lat' dir='ltr'><strong>Mut.</strong></span> <span class='ocrx_word' id='word_1_314' title='bbox 1153 2286 1199 2324; x_wconf 90' lang='lat' dir='ltr'><strong>V.</strong></span> <span class='ocrx_word' id='word_1_315' title='bbox 1234 2286 1320 2324; x_wconf 77' lang='lat' dir='ltr'><strong>vid.</strong></span> <span class='ocrx_word' id='word_1_316' title='bbox 1345 2297 1448 2334; x_wconf 85' lang='lat' dir='ltr'><strong>supr.</strong></span> <span class='ocrx_word' id='word_1_317' title='bbox 1481 2297 1513 2320; x_wconf 87' lang='lat' dir='ltr'><strong>c.</strong></span> <span class='ocrx_word' id='word_1_318' title='bbox 1538 2283 1582 2323; x_wconf 92' lang='lat'><strong>4.</strong></span> 
     </span>
     <span class='ocr_line' id='line_1_37' title="bbox 131 2339 268 2379; baseline 0.007 -1"><span class='ocrx_word' id='word_1_319' title='bbox 131 2339 268 2379; x_wconf 70' lang='lat' dir='ltr'><strong>Wrtss.</strong></span> 
     </span>
    </p>
   </div>
   <div class='ocr_carea' id='block_1_4' title="bbox 133 2391 1591 2897">
    <p class='ocr_par' dir='ltr' id='par_1_13' title="bbox 133 2391 1586 2675">
     <span class='ocr_line' id='line_1_38' title="bbox 248 2391 1584 2450; baseline 0.001 -14"><span class='ocrx_word' id='word_1_320' title='bbox 248 2397 353 2437; x_wconf 85' lang='lat'><strong>338-</strong></span> <span class='ocrx_word' id='word_1_321' title='bbox 382 2397 456 2436; x_wconf 84' lang='grc'><strong>42.</strong></span> <span class='ocrx_word' id='word_1_322' title='bbox 503 2394 625 2448; x_wconf 79' lang='grc' dir='ltr'>Πρὸς</span> <span class='ocrx_word' id='word_1_323' title='bbox 652 2393 805 2449; x_wconf 65' lang='grc' dir='ltr'><strong>ὑγίειαν</strong></span> <span class='ocrx_word' id='word_1_324' title='bbox 834 2399 918 2438; x_wconf 67' lang='grc' dir='ltr'><strong>τῶν</strong></span> <span class='ocrx_word' id='word_1_325' title='bbox 948 2394 1215 2450; x_wconf 79' lang='grc' dir='ltr'>νοσούντων]</span> <span class='ocrx_word' id='word_1_326' title='bbox 1256 2397 1409 2434; x_wconf 77' lang='lat' dir='ltr'><strong>Insulae</strong></span> <span class='ocrx_word' id='word_1_327' title='bbox 1443 2391 1584 2447; x_wconf 64' lang='grc' dir='ltr'>θερμὰ</span> 
     </span>
     <span class='ocr_line' id='line_1_39' title="bbox 133 2448 1584 2505; baseline -0.002 -15"><span class='ocrx_word' id='word_1_328' title='bbox 133 2448 268 2491; x_wconf 70' lang='grc' dir='ltr'>ὕδατα</span> <span class='ocrx_word' id='word_1_329' title='bbox 292 2453 432 2490; x_wconf 84' lang='lat' dir='ltr'><strong>Strabo</strong></span> <span class='ocrx_word' id='word_1_330' title='bbox 464 2452 564 2490; x_wconf 85' lang='lat' dir='ltr'><strong>haud</strong></span> <span class='ocrx_word' id='word_1_331' title='bbox 585 2456 777 2505; x_wconf 75' lang='lat' dir='ltr'><strong>neglexit,</strong></span> <span class='ocrx_word' id='word_1_332' title='bbox 808 2453 854 2490; x_wconf 90' lang='lat' dir='ltr'><strong>de</strong></span> <span class='ocrx_word' id='word_1_333' title='bbox 887 2457 927 2492; x_wconf 76' lang='lat' dir='ltr'><strong>vi</strong></span> <span class='ocrx_word' id='word_1_334' title='bbox 947 2456 1095 2492; x_wconf 83' lang='lat' dir='ltr'><strong>medica</strong></span> <span class='ocrx_word' id='word_1_335' title='bbox 1123 2455 1220 2492; x_wconf 86' lang='lat' dir='ltr'><strong>nihil</strong></span> <span class='ocrx_word' id='word_1_336' title='bbox 1239 2455 1395 2491; x_wconf 81' lang='lat' dir='ltr'><strong>addens.</strong></span> <span class='ocrx_word' id='word_1_337' title='bbox 1434 2451 1584 2488; x_wconf 87' lang='lat' dir='ltr'><strong>Plinius</strong></span> 
     </span>
     <span class='ocr_line' id='line_1_40' title="bbox 137 2507 1585 2562; baseline -0.001 -17"><span class='ocrx_word' id='word_1_338' title='bbox 137 2508 180 2546; x_wconf 88' lang='lat' dir='ltr'><strong>L.</strong></span> <span class='ocrx_word' id='word_1_339' title='bbox 204 2507 357 2545; x_wconf 87' lang='lat' dir='ltr'><strong>XXXl.</strong></span> <span class='ocrx_word' id='word_1_340' title='bbox 377 2508 426 2546; x_wconf 83' lang='lat' dir='ltr'><strong>H.</strong></span> <span class='ocrx_word' id='word_1_341' title='bbox 446 2509 496 2548; x_wconf 91' lang='lat' dir='ltr'><strong>N.</strong></span> <span class='ocrx_word' id='word_1_342' title='bbox 519 2523 550 2546; x_wconf 88' lang='lat' dir='ltr'><strong>c.</strong></span> <span class='ocrx_word' id='word_1_343' title='bbox 576 2512 646 2551; x_wconf 85' lang='lat'><strong>16.</strong></span> <span class='ocrx_word' id='word_1_344' title='bbox 680 2510 762 2548; x_wconf 75' lang='lat' dir='ltr'><strong>Nec</strong></span> <span class='ocrx_word' id='word_1_345' title='bbox 779 2524 873 2548; x_wconf 79' lang='lat' dir='ltr'><strong>vero</strong></span> <span class='ocrx_word' id='word_1_346' title='bbox 895 2524 1046 2558; x_wconf 80' lang='lat' dir='ltr'><strong>omnes,</strong></span> <span class='ocrx_word' id='word_1_347' title='bbox 1077 2525 1179 2562; x_wconf 82' lang='lat' dir='ltr'><strong>qaae</strong></span> <span class='ocrx_word' id='word_1_348' title='bbox 1202 2513 1284 2548; x_wconf 79' lang='lat' dir='ltr'><strong>sint</strong></span> <span class='ocrx_word' id='word_1_349' title='bbox 1308 2511 1479 2554; x_wconf 76' lang='lat' dir='ltr'><strong>calidae,</strong></span> <span class='ocrx_word' id='word_1_350' title='bbox 1504 2521 1585 2544; x_wconf 85' lang='lat' dir='ltr'><strong>me-</strong></span> 
     </span>
     <span class='ocr_line' id='line_1_41' title="bbox 138 2566 1586 2616; baseline -0.001 -14"><span class='ocrx_word' id='word_1_351' title='bbox 138 2566 298 2602; x_wconf 79' lang='lat' dir='ltr'><strong>dicatas</strong></span> <span class='ocrx_word' id='word_1_352' title='bbox 330 2578 412 2602; x_wconf 80' lang='lat' dir='ltr'><strong>esse</strong></span> <span class='ocrx_word' id='word_1_353' title='bbox 443 2567 701 2614; x_wconf 72' lang='lat' dir='ltr'><strong>credendam,</strong></span> <span class='ocrx_word' id='word_1_354' title='bbox 738 2569 860 2604; x_wconf 79' lang='lat' dir='ltr'><strong>sicuti</strong></span> <span class='ocrx_word' id='word_1_355' title='bbox 889 2570 929 2605; x_wconf 78' lang='lat' dir='ltr'><strong>in</strong></span> <span class='ocrx_word' id='word_1_356' title='bbox 968 2568 1137 2616; x_wconf 75' lang='lat' dir='ltr'><strong>Segesta</strong></span> <span class='ocrx_word' id='word_1_357' title='bbox 1169 2567 1360 2613; x_wconf 76' lang='lat' dir='ltr'><strong>Siciliae,</strong></span> <span class='ocrx_word' id='word_1_358' title='bbox 1401 2566 1586 2611; x_wconf 75' lang='lat' dir='ltr'><strong>Larissa,</strong></span> 
     </span>
     <span class='ocr_line' id='line_1_42' title="bbox 145 2620 1108 2675; baseline 0.001 -16"><span class='ocrx_word' id='word_1_359' title='bbox 145 2620 326 2668; x_wconf 81' lang='lat' dir='ltr'><strong>Troade,</strong></span> <span class='ocrx_word' id='word_1_360' title='bbox 356 2622 589 2671; x_wconf 83' lang='lat' dir='ltr'><strong>Magnesia,</strong></span> <span class='ocrx_word' id='word_1_361' title='bbox 620 2624 748 2671; x_wconf 76' lang='lat' dir='ltr'><strong>Melo,</strong></span> <span class='ocrx_word' id='word_1_362' title='bbox 778 2624 945 2675; x_wconf 78' lang='lat' dir='ltr'><strong>Lipara.</strong></span> <span class='ocrx_word' id='word_1_363' title='bbox 973 2624 1108 2661; x_wconf 79' lang='lat' dir='ltr'><strong>WEss.</strong></span> 
     </span>
    </p>

    <p class='ocr_par' dir='ltr' id='par_1_14' title="bbox 142 2673 1591 2897">
     <span class='ocr_line' id='line_1_43' title="bbox 252 2673 1587 2732; baseline -0.001 -16"><span class='ocrx_word' id='word_1_364' title='bbox 252 2678 357 2717; x_wconf 88' lang='grc'><strong>338.</strong></span> <span class='ocrx_word' id='word_1_365' title='bbox 392 2679 464 2717; x_wconf 86' lang='lat'><strong>50·</strong></span> <span class='ocrx_word' id='word_1_366' title='bbox 518 2676 717 2731; x_wconf 73' lang='grc' dir='ltr'>Οὖδαμοῧ</span> <span class='ocrx_word' id='word_1_367' title='bbox 746 2677 824 2732; x_wconf 75' lang='grc' dir='ltr'><strong>γὰρ</strong></span> <span class='ocrx_word' id='word_1_368' title='bbox 855 2682 929 2731; x_wconf 75' lang='grc' dir='ltr'><strong>τῆς</strong></span> <span class='ocrx_word' id='word_1_369' title='bbox 959 2678 1200 2731; x_wconf 70' lang='grc' dir='ltr'>οἴκουμένης</span> <span class='ocrx_word' id='word_1_370' title='bbox 1228 2681 1303 2730; x_wconf 75' lang='grc' dir='ltr'><strong>τῆς</strong></span> <span class='ocrx_word' id='word_1_371' title='bbox 1333 2673 1587 2728; x_wconf 77' lang='grc' dir='ltr'>στυπτηρίας</span> 
     </span>
     <span class='ocr_line' id='line_1_44' title="bbox 142 2732 1587 2784; baseline -0.001 -15"><span class='ocrx_word' id='word_1_372' title='bbox 142 2732 246 2784; x_wconf 85' lang='lat' dir='ltr'><strong>etc.]</strong></span> <span class='ocrx_word' id='word_1_373' title='bbox 285 2733 401 2770; x_wconf 82' lang='lat' dir='ltr'><strong>Errat</strong></span> <span class='ocrx_word' id='word_1_374' title='bbox 430 2733 636 2772; x_wconf 86' lang='lat' dir='ltr'><strong>Diodorus.</strong></span> <span class='ocrx_word' id='word_1_375' title='bbox 678 2735 841 2773; x_wconf 86' lang='lat' dir='ltr'><strong>Alumen</strong></span> <span class='ocrx_word' id='word_1_376' title='bbox 872 2750 949 2774; x_wconf 89' lang='lat' dir='ltr'><strong>non</strong></span> <span class='ocrx_word' id='word_1_377' title='bbox 978 2738 1020 2772; x_wconf 88' lang='lat' dir='ltr'><strong>in</strong></span> <span class='ocrx_word' id='word_1_378' title='bbox 1052 2736 1153 2774; x_wconf 90' lang='lat' dir='ltr'><strong>Melo</strong></span> <span class='ocrx_word' id='word_1_379' title='bbox 1187 2742 1337 2772; x_wconf 87' lang='lat' dir='ltr'><strong>tantum</strong></span> <span class='ocrx_word' id='word_1_380' title='bbox 1364 2740 1403 2769; x_wconf 88' lang='lat' dir='ltr'><strong>et</strong></span> <span class='ocrx_word' id='word_1_381' title='bbox 1436 2732 1587 2780; x_wconf 85' lang='lat' dir='ltr'><strong>Lipara,</strong></span> 
     </span>
     <span class='ocr_line' id='line_1_45' title="bbox 142 2788 1589 2843; baseline -0.003 -16"><span class='ocrx_word' id='word_1_382' title='bbox 142 2790 209 2827; x_wconf 90' lang='lat' dir='ltr'><strong>sed</strong></span> <span class='ocrx_word' id='word_1_383' title='bbox 240 2791 281 2826; x_wconf 89' lang='lat' dir='ltr'><strong>in</strong></span> <span class='ocrx_word' id='word_1_384' title='bbox 309 2788 512 2837; x_wconf 87' lang='lat' dir='ltr'><strong>Sardinia,</strong></span> <span class='ocrx_word' id='word_1_385' title='bbox 540 2790 733 2843; x_wconf 81' lang='lat' dir='ltr'><strong>Phrygia,</strong></span> <span class='ocrx_word' id='word_1_386' title='bbox 766 2792 946 2830; x_wconf 85' lang='lat' dir='ltr'><strong>Armenia</strong></span> <span class='ocrx_word' id='word_1_387' title='bbox 976 2799 1087 2841; x_wconf 85' lang='lat' dir='ltr'><strong>atquc</strong></span> <span class='ocrx_word' id='word_1_388' title='bbox 1119 2793 1296 2842; x_wconf 77' lang='lat' dir='ltr'><strong>Aegypto</strong></span> <span class='ocrx_word' id='word_1_389' title='bbox 1327 2788 1589 2837; x_wconf 77' lang='lat' dir='ltr'><strong>proveniebat,</strong></span> 
     </span>
     <span class='ocr_line' id='line_1_46' title="bbox 143 2844 1591 2897; baseline -0.001 -15"><span class='ocrx_word' id='word_1_390' title='bbox 143 2853 187 2883; x_wconf 88' lang='lat' dir='ltr'><strong>ut</strong></span> <span class='ocrx_word' id='word_1_391' title='bbox 218 2844 466 2883; x_wconf 80' lang='lat' dir='ltr'><strong>Dioscorides</strong></span> <span class='ocrx_word' id='word_1_392' title='bbox 506 2846 549 2884; x_wconf 87' lang='lat' dir='ltr'><strong>L.</strong></span> <span class='ocrx_word' id='word_1_393' title='bbox 582 2848 627 2885; x_wconf 92' lang='lat' dir='ltr'><strong>V.</strong></span> <span class='ocrx_word' id='word_1_394' title='bbox 666 2850 767 2889; x_wconf 87' lang='grc'><strong>123.</strong></span> <span class='ocrx_word' id='word_1_395' title='bbox 801 2849 932 2886; x_wconf 86' lang='lat' dir='ltr'><strong>docet:</strong></span> <span class='ocrx_word' id='word_1_396' title='bbox 972 2861 1131 2897; x_wconf 85' lang='lat' dir='ltr'><strong>quorum</strong></span> <span class='ocrx_word' id='word_1_397' title='bbox 1161 2849 1312 2896; x_wconf 78' lang='lat' dir='ltr'><strong>quidem</strong></span> <span class='ocrx_word' id='word_1_398' title='bbox 1344 2844 1527 2883; x_wconf 86' lang='lat' dir='ltr'><strong>Melinum</strong></span> <span class='ocrx_word' id='word_1_399' title='bbox 1554 2851 1591 2881; x_wconf 84' lang='lat' dir='ltr'><strong>et</strong></span> 
     </span>
    </p>
   </div>
  </div>
 </body>
</html>
