1828 3253
484 169 548 227 ιΝ
575 169 690 210 Lm.
718 169 748 210 1.
777 169 905 210 CAP.
931 171 1139 213 47.-‹19.
1473 176 1528 217 81

99 287 225 325 amnis
234 285 429 333 Eulaeus,
460 275 608 323 circuit
622 298 756 323 arcem
775 283 963 323 Susorum
984 282 1048 321 Vl.
1067 281 1117 321 H.
1136 282 1184 323 N.
1207 284 1304 333 27.'‚
1322 285 1531 325 arbitratur

97 343 151 381 Io.
181 342 383 381 Marsham.
409 340 554 380 Canon.
583 340 763 378 Chronol.
790 354 826 391 p.
855 342 963 382 429.
1000 339 1098 378 Mihi
1126 352 1205 377 non
1223 354 1267 379 ea
1289 342 1530 381 confidentia.

97 399 231 438 Malim
255 411 349 437 vero
379 397 425 436 de
452 399 610 436 castello
637 410 749 448 quam
774 410 886 435 muro
922 397 1013 434 haec
1041 399 1232 446 accipere,
1276 399 1376 447 quod
1406 405 1445 437 et
1472 403 1531 439 rei

98 459 216 493 series
243 455 283 493 id
310 456 477 505 postulat
511 461 550 491 et
580 457 686 492 vocis
724 467 815 492 usus
855 455 1061 503 permittat.
1117 453 1213 491 Vide
1249 455 1297 491 ad
1337 454 1531 495 Hieroclis

98 511 432 564 Synecdemump.
457 513 560 552 681.
591 510 726 550 Wssss

210 569 279 608 57.
305 569 374 608 50.
400 565 486 608 Διὰ
508 570 582 620 τῆς
602 569 674 607 τοῦ
706 562 1187 636 λέοντος-ἕσήμαινει]
1223 565 1299 602 Leo
1328 565 1529 618 Aegyptiis

96 624 245 662 roboris
257 630 294 661 et
312 624 551 662 fortitudinis
563 624 686 675 figura
705 631 796 661 erat.
819 621 888 663 Ἀ)
881 626 967 675 κῆς
985 622 1060 674 μὲν
1080 638 1147 662 και
1162 618 1302 676 ῥώμης
1322 619 1480 674 συμροὶ
1485 642 1530 664 ον

95 678 236 726 αὐτοῖς
255 675 276 720 ὃ
301 678 429 728 λέων,
454 683 582 729 inquit
602 680 776 718 Clemens
788 680 896 717 Alex.
916 680 960 717 V.
982 680 1163 717 Stromat.
1182 692 1218 728 p.
1239 681 1344 719 671
1335 707 1367 726 ,
1395 682 1531 729 quibus

94 749 173 774 non
201 736 405 775 admodum
434 737 634 775 dissimilia
661 736 774 775 habet
789 736 1001 785 Horapollo
1020 736 1049 773 Ι.
1069 735 1321 786 Hieroglyph.
1347 739 1416 778 18.
1443 738 1532 775 Non

92 793 191 831 addo
211 793 452 842 frequentes,
481 794 618 843 quibus
638 807 766 831 sacrae
788 793 900 830 nobis
923 795 1055 830 literae
1076 793 1379 843 perfunguntur,
1407 800 1533 831 trans-

91 850 274 887 lationes:
306 850 400 887 fecit
437 853 698 899 copiosissime
734 849 776 889 S.
808 849 1020 888 Bochartus
1051 849 1118 888 Ill.
1143 848 1362 888 Hierozoic.
1393 851 1435 891 6.
1463 857 1533 888 etc.

95 906 229 944 WEss.

208 963 278 1003 57.
300 962 372 1002 54.
416 964 522 1010 Ταῖς
548 967 704 1015 ψυχαῖς
734 960 959 1017 ἄνανδροι]
993 962 1130 1000 Manus
1157 969 1269 1012 atque
1288 964 1378 1001 illae
1396 969 1535 1013 partes,

93 1019 230 1067 quibus
259 1021 338 1056 viri
372 1033 589 1067 censemur,
618 1022 813 1058 solertiam
845 1027 882 1057 et
907 1020 1046 1065 robur,
1075 1025 1113 1055 et
1144 1022 1178 1057 si
1207 1020 1405 1067 abessent,
1441 1033 1534 1057 con-

93 1079 213 1112 traria
230 1077 357 1112 onmia
381 1078 590 1114 occultiore
612 1079 738 1127 gentis
758 1079 947 1126 scriptura
965 1076 1199 1115 indicabant.
1229 1074 1371 1115 Confer
1389 1077 1492 1114 infra
1502 1089 1534 1113 e.

96 1132 168 1172 55.
197 1139 235 1168 et
255 1131 538 1171 Artemidorum
563 1133 591 1170 l.
613 1134 687 1173 4-1.
709 1140 748 1170 et
767 1134 841 1173 47.
868 1133 1002 1170 ἊῙΕΒΒ.

211 1189 282 1227 57.
306 1189 376 1228 57.
407 1188 652 1236 Βουθυσιάς
671 1192 744 1228 τοῦ
772 1187 1004 1240 βασιλέως]
1040 1189 1156 1237 Atqui
1181 1189 1315 1226 bovem
1336 1188 1536 1240 Aegyptiis

92 1245 279 1283 inmolare
300 1245 407 1281 nefas
429 1252 522 1282 erat.
560 1245 715 1297 Ergone
734 1245 947 1296 βουθυσία
969 1245 1030 1282 hic
1051 1247 1272 1282 sollemnius
1293 1246 1535 1292 sacrificium,

92 1303 151 1338 uti
180 1300 364 1338 balbusia
393 1303 435 1338 in
468 1301 647 1340 Suetonii
673 1302 816 1339 Neron.
846 1316 878 1339 c.
914 1304 983 1342 12.
1009 1309 1047 1338 et
1078 1304 1302 1352 βουθυτεῖν
1344 1301 1537 1352 Aristoph.

91 1356 196 1395 Plut.
216 1355 335 1398 8202
364 1356 460 1395 Vide
481 1365 610 1396 tamen
631 1357 776 1396 Herod.
797 1358 847 1396 ΙΙ.
870 1359 946 1398 41.
983 1358 1118 1395 wass.

207 1414 277 1455 58.
312 1413 385 1453 59.
411 1412 568 1465 Βωμόν
588 1411 951 1468 κατεσκευάσθαι]
982 1414 1150 1454 Maneat.
1188 1413 1287 1452 Nam
1307 1414 1408 1464 quod
1429 1414 1538 1452 addi-

91 1476 156 1507 tur
174 1472 218 1509 in
237 1472 432 1521 margine,
466 1470 641 1509 scholion
661 1478 731 1509 est.
771 1470 908 1508 Rnon.

207 1527 278 1568 58.
313 1528 386 1567 65
421 1525 596 1568 Ὠιδείου
624 1524 807 1582 τρόπον]
842 1528 1002 1565 Theatri
1030 1534 1112 1565 erat
1139 1529 1284 1574 instar,
1325 1526 1539 1564 Athenisa

92 1581 253 1620 Periclis
273 1590 396 1620 aetate
417 1584 717 1625 celeberrimum.
765 1584 825 1622 De
846 1599 891 1623 eo
913 1584 1178 1622 scholiastes
1168 1597 1209 1622 ιιι
1231 1583 1377 1622 Comici
1394 1584 1539 1634 vespas

93 1651 131 1676 v.
156 1641 290 1680 1104.
311 1646 362 1676 et
368 1639 570 1679 Vitruvius
590 1642 636 1679 V.
659 1641 866 1680 Architect.
889 1643 930 1682 9.
959 1642 1009 1678 W
1013 1652 1093 1678 Ess.

208 1697 280 1737 58
302 1697 374 1736 70.
405 1693 639 1750 Τριάκοντα
657 1695 731 1738 τὸν
754 1695 963 1751 ἀριθμὸν]
996 1697 1073 1734 Tot
1095 1699 1137 1735 in
1162 1698 1436 1735 controversiis
1457 1696 1541 1734 dari

91 1750 239 1789 iudices
258 1752 454 1800 solebant,
484 1753 574 1791 deni
593 1766 642 1791 ex
662 1756 884 1792 civitatibus
904 1754 1112 1802 Heliopoli,
1139 1752 1283 1791 Thebis
1301 1761 1340 1790 et
1361 1752 1541 1803 Memphi,

93 1809 208 1845 sicuti
228 1810 331 1846 infra
352 1822 384 1846 c.
406 1780 476 1849 75.
497 1810 622 1858 docet,
647 1811 715 1848 ubi
741 1811 787 1848 de
807 1813 943 1848 summi
972 1812 1111 1848 iudicis
1137 1822 1185 1847 ex
1204 1816 1356 1860 pectore
1377 1810 1542 1847 demissa

91 1866 270 1902 veritatis
289 1867 458 1917 imagine
477 1867 646 1906 uberius.
687 1867 821 1905 Wess.

206 1922 280 1962 58.
305 1897 390 1962 79ῗ5
407 1922 635 1976 Γλυφαΐς
617 1929 796 1974 εντιχεῖν
817 1919 874 1963 εἶν
878 1923 936 1973 αι]
961 1922 1121 1974 Legitur
1145 1935 1212 1972 pro
1233 1919 1370 1973 ἔντυχε
1355 1925 1411 1961 εἴν
1429 1924 1542 1960 etiam

92 1973 299 2028 ἓντυχαῖς,
337 1992 434 2029 quae
464 1988 645 2030 corrupta
674 1982 790 2018 lectio
818 1981 981 2018 fortasse
1012 1981 1162 2017 occulta
1189 1981 1331 2016 retinet
1369 1981 1541 2016 sincerae

91 2036 279 2085 vestigia,
305 2041 344 2072 et
377 2047 425 2073 ex
454 2049 500 2074 ea
529 2049 596 2084 per
627 2037 942 2087 depravationem
971 2043 1030 2073 est
1057 2037 1173 2073 facta.
1228 2023 1389 2073 Videtur
1415 2043 1542 2073 autem

91 2096 179 2138 post
207 2092 384 2144 γλυφαῖς
413 2093 693 2142 expectandum
716 2094 950 2131 adiectivum
970 2105 1131 2140 nomen,
1158 2091 1257 2141 quod
1279 2105 1363 2129 cum
1389 2105 1432 2129 eo
1453 2094 1542 2129 iun-

90 2145 397 2196 gatur.S'r1-:PH.
458 2150 648 2202 Γλυφαῖς
665 2148 872 2202 ἐντυχεῖν]
901 2149 950 2187 H.
973 2148 1191 2199 Stephanus
1219 2148 1452 2186 adiectivum
1471 2161 1540 2197 pro

91 2201 164 2239 hoc
192 2205 473 2242 restituendum
501 2213 622 2255 putat.
680 2205 742 2244 Sit
772 2209 892 2258 igitur
921 2220 1150 2252 ευτυκτοις,
1184 2205 1274 2242 dum
1303 2207 1439 2242 melius
1475 2211 1542 2242 aut

91 2262 302 2308 genuinum
321 2264 443 2312 magis
462 2269 650 2300 occurrat.
678 2261 813 2300 RHOD.
872 2263 1028 2310 Malim,
1057 2265 1091 2299 si
1118 2258 1284 2308 εὔτυκος
1318 2261 1364 2298 de
1383 2274 1425 2298 re
1447 2261 1542 2298 affa-

94 2314 160 2351 bre
187 2316 291 2354 facta
317 2321 359 2355 in
392 2330 465 2356 usu
496 2320 642 2367 fuerit,
669 2322 729 2357 uti
749 2326 880 2357 censet
908 2318 958 2356 ls.
980 2318 1193 2357 casaubon.
1215 2320 1257 2355 in
1277 2317 1415 2354 Athen.
1432 2315 1542 2355 XIV.

98 2370 138 2408 8
170 2378 282 2416 atque
302 2372 404 2411 haud
421 2375 581 2412 obscure
601 2376 798 2427 significat
814 2375 992 2413 Eustath.
1014 2378 1055 2413 in
1081 2373 1237 2411 Homer.
1257 2386 1292 2422 p.
1315 2374 1420 2414 967.
1447 2375 1543 2426 γλυ-

94 2429 195 2476 φαῖς
224 2421 418 2494 ξῦΐῦκαις-
474 2430 663 2482 Hesychii
695 2440 797 2470 certe
828 2433 980 2482 quidem
1013 2429 1152 2481 εὐτιχε
1137 2430 1197 2477 ἐς,
1238 2428 1413 2483 ἓνεογές,
1449 2431 1543 2466 011111

94 2480 170 2516 fuit
197 2477 372 2527 εὖτυκές.
430 2479 516 2518 Ηοο
549 2496 641 2521 vero
673 2491 704 2523 si
740 2496 783 2526 tu
815 2491 939 2535 nolis,
972 2501 1040 2537 per
1062 2501 1121 2523 me
1141 2487 1292 2533 licebit,
1321 2493 1365 2523 ut
1385 2484 1542 2522 Rhodo-

95 2538 228 2573 manni
255 2539 468 2575 sententiae
497 2538 727 2578 subscribas.
780 2539 989 2590 Ευτυκτος
1022 2541 1141 2594 κυνέη
1173 2543 1219 2579 de
1239 2545 1392 2593 egregie
1413 2542 1542 2578 elabo-

95 2597 182 2629 rata
200 2598 258 2628 est
275 2595 317 2629 in
336 2592 446 2634 Iliad.
470 2595 515 2634 Γ
528 2596 658 2644 336.;
690 2598 790 2646 apud
811 2597 1050 2637 Herodotum
1068 2612 1160 2636 vcro
1181 2598 1209 2635 I.
1236 2600 1338 2639 119
1367 2595 1540 2637 ev'tvxta

96 2646 141 2686 ὁὲ
161 2644 459 2699 ποιησάμενος,
487 2647 590 2701 ειχεν
619 2651 784 2704 ἕτοιμα,
819 2667 962 2693 carnes
979 2655 1108 2707 probe
1125 2662 1307 2707 paratas
1336 2653 1474 2691 habuit
1500 2655 1540 2690 in

85 2711 306 2756 promptu:
333 2716 430 2753 quae
450 2705 590 2744 Suidas
612 2717 788 2756 spectans
809 2707 1003 2758 εύτυκτα,
1028 2714 1170 2760 inquit,
1197 2708 1310 2763 παρὰ
1324 2705 1538 2762 Ι-Ιροὸότω

96 2758 188 2799 ἀντὶ
211 2762 308 2807 τοῦ,
337 2758 524 2816 edoma,
511 2761 677 2814 ἕτοιμα,
705 2764 972 2817 εἶογασμένα,
999 2768 1137 2812 καλῶς
1170 2779 1536 2814 κατεσκευασμενμι

94 2819 309 2910 posxterius¹
316 2802 432 2863 bene,
461 2818 557 2856 illud
586 2822 706 2871 male,
735 2828 778 2858 ut
804 2835 916 2860 nemo
943 2836 1022 2860 non
1051 2823 1168 2861 videt.
1226 2821 1304 2858 lam
1319 2816 1537 2872 χρώμασιν

189 2883 229 2908 01
1233 2878 1260 2914 Γ)
