1828 3253
265 213 358 252 266
728 206 1245 249 ANNOTATIONES

265 335 412 375 gnare,
439 320 600 371 quadam
627 326 712 360 cum
738 325 864 373 specie
898 322 1105 373 disputari:
1144 322 1239 361 mihi
1269 324 1383 375 longe
1414 336 1459 361 ea
1488 335 1594 361 mens
1622 329 1702 371 est3

265 380 367 428 quod
387 381 488 416 enim
510 378 619 425 dedi,
646 378 743 416 nihil
771 379 885 418 habet
909 379 1161 427 incommodi,
1188 387 1225 416 et
1244 393 1329 416 eum
1350 380 1508 429 respicit
1526 382 1702 427 antiquo-

264 449 351 473 rum
371 448 537 482 morem,
566 446 639 482 quo
668 449 735 485 per
764 435 898 473 Isthmi
918 438 1051 486 iugum
1079 449 1199 473 naves
1227 448 1275 472 ex
1301 449 1378 472 uno
1408 438 1449 472 in
1477 435 1603 482 aliud,
1633 441 1701 471 aut

267 492 484 540 compendii
504 504 660 537 caussa,
689 494 730 528 in
749 492 850 529 idem
871 505 997 539 mare,
1026 491 1251 538 trahebant,
1278 492 1378 540 quod
1398 490 1641 541 διϊσθμίζειν
1663 497 1702 527 et

264 543 572 600 ὖπερισθμίζειν
599 544 672 593 τὰς
692 550 793 594 ναῦς
816 547 975 586 Graecis
1002 561 1104 596 esse,
1129 550 1287 586 memini
1309 548 1485 600 pluribus
1505 547 1547 584 L.
1565 547 1594 584 1.
1621 546 1701 583 Ob-

267 617 368 642 serv.
391 617 422 639 c.
445 605 518 643 28.
550 603 763 640 ostendere.
790 604 926 645 Wssss,

376 670 484 710 205.
518 672 591 710 17.
618 671 764 722 Νῆσος
783 669 979 724 πελαγία]
1022 671 1109 709 Vid.
1130 672 1221 710 infr.
1242 671 1305 709 IV.
1328 671 1399 712 79.
1427 671 1563 709 Wssss.

378 737 485 777 205.
519 738 588 777 19.
627 736 875 791 Καλουμὲνη
908 738 951 778 δὲ
983 735 1197 792 ὀφιιῦὅης]
1238 738 1303 777 Sic
1332 737 1635 790 Agatharchides
1664 743 1704 775 et

267 792 431 840 Strabo,
462 805 556 842 quos
573 793 749 846 deceptos
772 808 853 832 esse
872 808 958 833 cum
977 794 1148 833 Diodoro
1169 796 1214 831 ab
1234 795 1460 834 Hellenistis
1480 796 1704 832 mercatori-

266 850 337 887 bus
357 849 550 899 pertendit
569 848 730 887 Salmas.
749 852 789 886 in
812 849 936 890 Solin.
958 865 993 900 p.
1017 853 1142 899 763.;
1176 851 1312 903 Oplms
1331 854 1432 889 enim
1458 852 1600 889 dictam
1619 863 1702 886 esse

266 908 452 943 insulam:
482 905 583 955 quod
614 918 699 944 cum
729 906 905 943 audirent
927 920 1088 954 nomen,
1116 915 1267 956 putasse
1291 906 1370 947 ἀπὸ
1400 909 1483 947 τῶν
1504 905 1640 960 ὀφέων
1663 906 1705 942 id.

268 963 514 1012 cognominis
536 974 618 997 csse
638 969 810 1008 nactam,
837 970 948 1012 atque
973 963 1109 1014 Ophas
1128 966 1356 1012 explicuisse
1382 959 1565 1016 ὄᾳιιιόιῖη,
1593 962 1705 998 fabu-

266 1021 402 1066 laeque
427 1018 521 1054 adeo
550 1017 596 1053 de
609 1019 871 1067 serpentibus,
904 1021 1069 1056 insulam
1098 1021 1388 1066 infestantibus,
1416 1027 1590 1055 auctores
1609 1030 1704 1053 esse.

266 1074 398 1124 Itaque
428 1072 568 1110 Ketem
591 1086 678 1124 paz
710 1085 745 1113 τε
777 1086 852 1114 on:
883 1074 1145 1113 Hebraeorum
1173 1076 1337 1124 lapidem
1369 1088 1452 1111 esse
1488 1075 1705 1126 'I'opaziam

268 1132 352 1167 sive
373 1130 561 1175 Pazz'um,
590 1142 638 1166 ex
666 1132 792 1168 insula
817 1131 903 1169 Paz
929 1139 995 1169 aut
1029 1131 1165 1185 Oplcas
1187 1139 1356 1169 erutum:
1387 1144 1482 1180 quae
1512 1137 1621 1167 acute
1642 1133 1705 1167 in-

267 1193 387 1224 venta
409 1193 448 1222 et
467 1188 642 1223 sollerter
663 1186 853 1236 disputata
871 1201 1028 1234 vereor,
1059 1195 1101 1224 ut
1122 1189 1222 1225 tueri
1244 1202 1284 1224 se
1305 1191 1396 1225 satis
1411 1190 1569 1236 possint.
1602 1187 1706 1237 Aga-

265 1242 506 1289 tharchideS,
533 1254 644 1290 quem
665 1242 946 1291 Artemidorus,
976 1258 996 1280 e
1016 1256 1090 1295 quo
1109 1243 1271 1291 Strabo,
1298 1251 1335 1280 et
1362 1243 1554 1280 Diodorus
1574 1250 1708 1279 aucto-

265 1312 349 1336 rem
369 1298 530 1346 habent,
561 1297 605 1334 de
625 1311 666 1334 re
690 1312 780 1338 suae
800 1303 938 1337 aetatis
967 1302 1160 1349 loquitur,
1188 1302 1424 1351 insulamque
1455 1300 1523 1335 sub
1550 1300 1707 1350 regibus

268 1354 563 1400 Alexandrinis,
595 1366 756 1402 quorum
788 1358 866 1405 ipse
905 1363 1074 1405 tempore
1106 1357 1316 1403 scribebat,
1353 1362 1570 1403 serpentum
1599 1361 1707 1404 peste

268 1412 470 1448 liberatam
496 1410 637 1460 prodit.
675 1410 789 1462 Lapis
810 1420 1005 1464 praeterea
1020 1414 1140 1449 fuisse
1160 1425 1239 1449 non
1260 1412 1425 1459 videtur,
1456 1411 1557 1460 quod
1576 1423 1706 1447 sacrae

266 1469 402 1504 literae
422 1478 458 1506 τε
481 1478 560 1506 on:
581 1469 819 1516 appellitant,
837 1469 902 1505 sed
923 1482 1056 1506 aurum
1072 1470 1225 1516 purius3
1246 1468 1347 1505 unde
1369 1479 1459 1506 'ez—2³72
1482 1478 1547 1505 :nr
1568 1466 1596 1503 I.
1610 1465 1708 1517 Reg.

268 1523 324 1562 X.
350 1526 419 1564 18.
452 1530 489 1560 et
509 1534 591 1562 τεπκ
614 1535 692 1563 unz
712 1523 863 1561 Daniel.
882 1524 934 1562 X.
958 1527 1011 1572 5..‚
1031 1525 1131 1574 quod
1154 1525 1198 1560 de
1217 1538 1309 1561 auro
1340 1526 1422 1560 sine
1443 1524 1709 1561 controversia

266 1586 495 1629 usurpatur:
523 1593 656 1617 aurum
686 1594 778 1619 vero
802 1593 849 1617 ex
878 1580 952 1618 hac
979 1583 1106 1618 insula
1123 1580 1303 1617 effossum
1329 1580 1473 1626 fuisse,
1501 1581 1709 1629 scriptores

267 1643 410 1673 tacent.
439 1635 482 1671 ld
504 1643 631 1673 tamen
650 1638 745 1673 bene
765 1639 827 1674 vir
847 1650 1035 1684 summus,
1067 1637 1167 1685 quod
1186 1639 1334 1673 insulae
1354 1636 1546 1687 lapidique
1566 1647 1709 1672 nomen

267 1689 348 1731 ἀπὸ
372 1694 445 1731 τοῦ
466 1689 674 1740 τοπάζειν,
702 1693 804 1741 quod
828 1693 976 1730 Plinius
996 1693 1038 1730 L.
1056 1692 1265 1730 XXXVII.
1291 1696 1329 1733 S.
1359 1692 1578 1743 significare
1597 1690 1710 1727 vide-

267 1756 352 1795 tur,
382 1751 535 1785 venisse
563 1756 688 1799 negat.
727 1749 960 1787 Graecorum
983 1757 1040 1787 est
1070 1745 1280 1797 τοπάζειν,
1308 1750 1502 1798 multoque
1531 1749 1708 1786 remotis-

267 1807 405 1841 simum
424 1818 446 1841 a
469 1803 794 1855 Troglodytarum
813 1819 1000 1845 sermone.
1042 1806 1178 1843 Wuss.

378 1873 485 1911 206.
516 1874 590 1912 26.
624 1869 750 1925 ‘'Oa-[59
783 1871 866 1911 ἔστι
891 1873 1012 1919 λίθος
1035 1868 1379 1926 διαφαινόμενος]
1420 1871 1635 1924 Topazium
1654 1873 1710 1909 ita

267 1926 324 1964 Io.
357 1926 490 1964 Tzetz.
514 1927 613 1965 Chil.
632 1928 732 1964 Vlll.
755 1930 860 1969 969.
894 1930 1092 1966 describit:

383 1982 443 2021 Τὸ
476 1984 519 2023 &sl
547 1980 706 2032 ,ΙΙάζιον
735 1984 818 2023 ἐστὶ
840 1984 961 2031 λίθος
985 1989 1068 2024 τῶν
1096 1979 1386 2037 πρασοχρὸων,

385 2038 489 2090 Οὐχὶ
519 2038 733 2092 λαμπρὸς,
767 2039 813 2080 οὐ
837 2037 1028 2092 διαυγὴς,
1061 2036 1115 2085 ὡς
1139 2038 1176 2079 οἳ
1205 2039 1338 2078 λοιποὶ
1366 2041 1449 2077 τῶν
1478 2037 1624 2078 λίθων.

271 2096 376 2138 Quae
395 2109 488 2132 vera
508 2099 540 2132 si
560 2097 728 2142 fuerint,
755 2098 895 2134 erroris
915 2097 1065 2134 absolvi
1084 2095 1400 2147 Agatharchides,
1425 2096 1579 2142 Noster,
1601 2092 1710 2134 Stra?

269 2147 342 2197 ho,
369 2151 520 2188 Plinius
540 2159 650 2202 atque
680 2154 748 2188 alii
777 2152 877 2189 haud
905 2159 1107 2203 poterunt,
1138 2166 1271 2189 verum
1297 2155 1377 2199 ipse
1408 2154 1449 2189 in
1472 2164 1640 2188 errorem
1667 2164 1708 2188 se

271 2206 435 2243 Tzetzes
456 2208 592 2244 induit.
619 2208 715 2245 Vide
738 2208 789 2245 Io.
812 2209 857 2245 de
879 2209 992 2256 Laet,
1025 2210 1177 2247 veriora
1204 2209 1424 2254 docentem,
1461 2207 1502 2243 L.
1535 2207 1562 2243 I.
1597 2206 1708 2245 Genu.

270 2269 308 2298 et
330 2263 461 2312 Lapid.
489 2277 520 2300 c.
547 2266 616 2304 11.
642 2271 700 2311 et,
731 2277 842 2313 quem
859 2268 893 2302 is
925 2267 1128 2313 exscripsit
1143 2266 1370 2312 manifesto,
1398 2263 1454 2302 Cl.
1477 2263 1638 2301 Salmas.
1666 2265 1710 2301 in

271 2316 395 2355 Solin.
425 2333 460 2368 p.
487 2321 587 2360 169.
625 2321 764 2357 erss.

382 2388 490 2427 206.
511 2388 588 2426 35.
602 2384 700 2427 Ἀπὸ
724 2390 795 2427 τοῦ
816 2386 1018 2438 βασιλέως
1038 2383 1191 2442 φόβον]
1207 2387 1306 2425 Vide
1327 2388 1469 2436 supr.1.
1485 2389 1556 2430 83.
1576 2385 1711 2425 VVESS.

386 2455 494 2494 206.
524 2455 600 2494 42.
647 2453 732 2495 Διὰ
761 2452 807 2494 τὸ
839 2455 1004 2508 πνίγῡς]
1051 2456 1283 2506 Agatharch.
1317 2454 1384 2495 διὰ
1412 2453 1458 2494 τὸ
1489 2455 1629 2507 πνίγος
1660 2452 1709 2495 οὗ

269 2507 421 2561 γίνεται
447 2506 662 2561 σι”νὸήλος.
703 2511 774 2548 Est
795 2512 933 2564 πνίγος
965 2516 1152 2549 intensior
1180 2520 1330 2559 aestus,
1363 2515 1469 2549 cuius
1504 2512 1711 2549 vehemen-

272 2567 328 2602 tia
350 2567 459 2613 quasi
481 2568 754 2615 praefocamur.
784 2567 936 2605 Arrian.
970 2568 1154 2619 Cyueget.
1185 2583 1215 2605 c.
1242 2569 1310 2608 14.
1338 2569 1383 2604 de
1405 2569 1585 2614 canibus,
1614 2580 1710 2616 quae

271 2629 415 2658 aestate
444 2622 492 2658 ad
523 2624 740 2660 venandum
768 2624 1000 2671 educuntur,
1032 2625 1098 2663 καὶ
1132 2621 1177 2663 τὸ
1215 2622 1319 2663 πολὺ
1348 2623 1648 2675 ὸιαπνίγοντιιι,
1676 2623 1711 2661 εἰ

272 2677 413 2729 πνίγος
435 2676 509 2728 εἴη.
534 2678 670 2717 Iulian.
696 2679 784 2728 imp.
805 2679 911 2717 Orat.
935 2680 978 2717 V.
1009 2694 1044 2729 p.
1074 2682 1174 2720 169.
1199 2679 1242 2715 B.
1274 2681 1447 2717 arborem
1467 2693 1621 2728 opacam
1643 2678 1712 2716 καὶ

273 2731 391 2771 σκιὰν
412 2741 636 2785 παρασχεῖν
658 2735 698 2773 ἐν
731 2734 857 2787 πνίγει
883 2744 1008 2784 aptam
1029 2739 1092 2773 ait.
1141 2735 1244 2772 Hinc
1268 2734 1346 2786 ἀὴρ
1378 2732 1579 2787 πνιγώδης
1600 2734 1711 2772 Stra-

273 2789 365 2826 boni
389 2789 512 2829 XVH.
547 2802 581 2837 p.
612 2792 745 2832 1143.
764 2791 808 2828 A.
837 2791 937 2830 Plut.
967 2792 1014 2830 T.
1038 2792 1086 2829 ll.
1117 2804 1152 2841 p.
1175 2793 1280 2833 649.
1299 2792 1345 2830 Ε.
1372 2795 1504 2843 gravis
1524 2798 1561 2827 et
1593 2803 1712 2839 paene

275 2847 509 2892 praefocans.
551 2847 684 2884 W'Ess.
