1828 3253
423 140 486 178 ΙΝ
517 137 630 177 LIB.
659 137 751 175 111.
792 136 921 174 cAP.
958 137 1129 177 47.48.
1408 135 1501 175 279

56 254 192 292 invitis
220 253 464 290 coniecturae
495 249 682 288 Rhodom.
711 251 836 286 locum
869 248 1080 295 dedissem,
1119 254 1177 286 est
1197 248 1298 284 enim
1320 246 1390 284 hac
1411 248 1497 296 qui·-

58 310 143 346 dem
170 317 276 359 parte
305 309 539 354 certissima,
567 308 642 343 nisi
674 307 814 344 vulnus
843 304 949 341 aliud
972 304 1156 340 subesset.
1202 303 1421 350 Potmmm,
1448 302 1495 339 ad

55 365 192 402 Indum
212 365 353 401 flumen
377 365 520 409 urbem,
550 365 615 412 qui
634 368 830 407 memoret,
851 373 960 397 nemo
982 367 1050 399 est.
1090 359 1256 397 Pattala
1277 360 1496 397 Alexander

55 422 209 467 muniit,
236 415 550 472 etvavothOpccp
573 417 640 456 καὶ
663 416 894 462 νεωσοίκοις
917 417 1122 452 instruxit:
1153 427 1247 463 quae
1267 418 1343 452 nisi
1365 415 1496 452 eadem

57 480 134 515 sint
159 490 203 514 ac
224 476 356 514 Nostri
377 475 579 520 Potanae,
611 473 815 510 dicendum
837 479 918 518 est,
944 472 983 508 id
1003 473 1244 522 cognominis
1266 472 1384 508 fuisse
1406 484 1495 520 por-

56 536 110 570 tui
141 535 224 570 sive
254 533 410 569 navium
434 531 614 576 stationi,
648 531 755 566 cuius
778 529 1025 565 fundamenta
1044 528 1144 564 idem
1168 540 1238 563 rex
1270 541 1347 564 non
1379 530 1493 578 longe

55 589 215 626 Pattalis
243 590 370 635 posuit
402 589 442 623 in
468 587 624 623 Arriani
646 585 709 621 Vl.
731 587 830 631 20.;
880 583 979 633 quod
1012 586 1113 620 enim
1146 582 1381 619 Freinshem.
1411 585 1493 632 opi-

54 652 169 681 natur
189 643 236 680 ad
261 641 384 680 Curtii
412 642 483 681 IX.
511 644 580 682 10.
629 641 927 692 Xylenepolim,
955 652 1028 687 qua
1061 640 1107 676 de
1142 639 1293 676 Plinius
1326 639 1387 676 VI.
1417 640 1491 678 23.

55 701 212 737 eandem
243 699 368 737 videri
395 705 509 747 atque
536 697 830 749 Agatharchidis
860 705 897 733 et
924 695 1088 733 Diodori
1116 696 1270 741 urbem,
1299 695 1337 731 id
1369 698 1493 732 teneri

53 758 159 793 nullo
191 762 315 804 potest
347 755 471 792 modo.
507 754 664 791 Illorum
694 754 785 790 urbs
817 753 864 789 ad
895 752 1051 799 Indum,
1083 751 1201 788 Plinii
1233 764 1347 798 vero,
1374 753 1491 788 iuxta

53 813 330 863 quodflumen,
363 819 438 848 aut
461 811 678 857 ubifuerit
708 811 953 857 explanatum
974 807 1074 846 haud
1095 816 1200 855 erat3
1229 816 1335 845 taceo
1354 809 1493 858 ingens

50 871 249 917 utriusque
271 870 437 904 nominis
457 868 675 905 discrimen.
706 866 841 902 U'Ess.

164 926 270 963 216.
299 924 373 963 47.
401 923 794 975 ΖΙΙαιμακτηριῶιά]
832 921 888 958 De
919 921 1114 959 mensibus
1135 920 1273 956 Atticis
1304 932 1389 956 cum
1412 918 1491 955 Ro-

52 982 176 1016 manis
197 979 332 1016 dextre
357 979 641 1028 comparandis,
670 980 826 1015 consule
847 977 1046 1027 losephum
1066 976 1328 1027 Scaligerum,
1366 977 1493 1014 virum

52 1038 239 1072 illustrem
260 1035 531 1083 doctorumque
548 1037 671 1072 nostri
691 1036 809 1072 seculi
829 1034 1063 1083 phoenicem,
1083 1036 1123 1070 in
1136 1032 1359 1069 admirando
1380 1045 1492 1080 opere

55 1091 100 1127 de
113 1090 633 1140 EmendationeTemporum.
646 1089 778 1126 RHOD.
791 1089 893 1126 Usus
905 1090 975 1126 hoc
987 1092 1069 1127 loco
1081 1089 1201 1125 Illust.
1212 1095 1269 1125 est
1279 1087 1453 1138 Scaliger
1463 1087 1491 1124 I.

52 1146 211 1183 Emeud.
226 1146 488 1195 'l'emp.p.22.
508 1155 549 1183 ut
563 1149 745 1192 vinceret,
758 1147 906 1183 Atticos
917 1145 1191 1193 menses,quod
1212 1158 1352 1194 negare
1375 1147 1493 1181 susti-

52 1210 189 1240 nuerat
212 1202 358 1239 Theod.
391 1203 498 1240 Gaza
524 1203 569 1239 de
599 1202 762 1239 Mensib.
793 1215 825 1238 c.
849 1205 904 1249 6.,
935 1202 1293 1238 Maemacterionem
1322 1207 1360 1236 et
1381 1201 1491 1236 Posi—

52 1259 211 1296 deonem
241 1261 424 1295 continua
457 1260 553 1295 serie
584 1272 665 1295 sese
693 1260 909 1307 excepisse3
939 1270 1061 1306 neque
1093 1259 1212 1303 male,
1240 1263 1285 1293 ut
1312 1256 1490 1305 deinceps

49 1315 257 1363 adparebit.
300 1314 443 1351 Contra
465 1313 703 1365 Scaligerum
734 1317 862 1360 venit,
904 1327 1071 1350 summus
1107 1315 1211 1350 illius
1236 1313 1493 1359 adversarius,

51 1370 99 1407 D.
119 1370 300 1408 Petavius
328 1373 369 1408 in
394 1371 659 1409 Animadvers.
692 1371 739 1407 ad
761 1369 919 1406 Haeres.
942 1369 1003 1406 Ll.
1031 1369 1239 1419 Epiphanii
1259 1383 1294 1420 p.
1322 1368 1435 1409 1375
1453 1375 1491 1404 et

50 1427 82 1465 I.
106 1426 155 1466 D.
177 1426 224 1470 T.
251 1428 332 1474 13.‚
362 1427 490 1463 Gazae
512 1428 767 1476 patrocinium
787 1427 992 1475 professus.
1034 1426 1225 1477 Scaligeri
1244 1439 1336 1463 vero
1367 1431 1492 1474 partes

50 1486 150 1520 tueri
178 1486 374 1535 ingressus
406 1490 464 1519 est
494 1481 550 1519 Cl.
581 1483 744 1520 Salmas.
768 1483 809 1518 in
839 1482 963 1520 Solin.
993 1495 1027 1532 p.
1054 1484 1175 1529 222„
1204 1485 1418 1530 acriterque
1442 1492 1491 1517 ex

52 1538 223 1576 Diodoro
253 1546 290 1575 et
313 1538 595 1589 Agatliarchide
615 1552 751 1589 urgere
780 1538 980 1575 Petavium
1011 1541 1160 1588 coepit3
1197 1550 1318 1585 neque
1348 1540 1491 1586 inpune

53 1602 202 1642 tamen3
231 1595 293 1631 hic
314 1597 416 1632 enim
435 1594 598 1631 Dissert.
619 1595 667 1630 ad
696 1594 917 1631 Auctarium
941 1596 1068 1643 operis
1089 1595 1135 1630 de
1157 1593 1205 1630 D.
1228 1593 1275 1632 T.
1297 1594 1337 1631 L,
1362 1593 1425 1629 Vl.
1447 1595 1487 1632 6.

53 1649 154 1687 haud
175 1664 315 1700 pauca,
342 1664 411 1687 nec
432 1653 514 1687 sine
536 1651 697 1698 quadam
716 1651 923 1687 verborum
942 1653 1155 1696 atrocitate,
1183 1653 1367 1698 reposuit,
1395 1652 1491 1686 mire

55 1714 254 1754 aestuans,
284 1714 326 1743 ut
355 1709 496 1753 telum,
526 1706 614 1743 liinc
643 1714 855 1754 sumptum,
889 1707 970 1743 eius
997 1720 1016 1743 e
1046 1707 1221 1744 manibus
1253 1712 1490 1753 extorqueat.

53 1763 263 1800 Enimvero
290 1765 324 1799 si
348 1762 417 1798 hac
446 1765 488 1799 in
518 1765 785 1808 contentione,
815 1763 928 1798 sicuti
950 1764 992 1797 in
1021 1764 1129 1800 civili
1150 1761 1306 1798 Solonis
1327 1762 1489 1812 legibus,

53 1819 221 1856 medium
251 1825 290 1855 et
315 1822 461 1855 neutris
479 1821 520 1854 in
552 1819 722 1867 partibus
742 1831 854 1868 agere
888 1817 988 1854 haud
1007 1820 1144 1865 liceat,
1177 1832 1199 1854 a
1224 1817 1422 1868 Scaligero
1451 1824 1491 1853 et

55 1875 242 1912 Salmasio
269 1881 422 1911 stetero.
460 1874 642 1910 Auctoris
659 1877 760 1910 enim
781 1881 819 1910 et
838 1873 1132 1923 Agatharchidis
1153 1875 1271 1911 verba
1287 1876 1491 1910 continuos

52 1944 202 1968 menses
221 1931 594 1968 Maemaclerionem
610 1937 648 1967 et
658 1930 911 1968 Posideonem
931 1931 1135 1966 manifesto
1153 1933 1374 1978 requirunt:
1389 1929 1492 1965 Hara-

51 1990 249 2036 pocration
268 1995 462 2036 praeterea
486 1987 587 2025 hunc
617 1985 732 2026 ἕκτον
751 1994 904 2024 sextum
924 1985 1216 2023 Atheniensium
1233 1998 1415 2031 mentem,
1444 1987 1493 2022 il-

53 2045 133 2081 lum
153 2042 336 2094 πέμπτον
354 2045 529 2094 quintum
551 2042 746 2092 perhibet3
774 2045 882 2079 cuius
902 2045 1167 2081 auctoritatem
1189 2045 1259 2078 etsi
1282 2042 1492 2092 infringere

55 2106 213 2136 conetur
235 2098 281 2135 D.
302 2099 505 2146 Petavius,
532 2112 685 2151 operam
714 2100 857 2148 perdit:
889 2105 1098 2136 occurrunt
1129 2101 1230 2135 enim
1248 2100 1395 2135 auxilio
1424 2112 1492 2135 ve-

55 2158 148 2192 tusti
168 2155 328 2202 lapides,
352 2155 514 2192 Athenis
534 2158 634 2192 eruti
652 2169 674 2191 a
695 2154 841 2204 Sponio
862 2154 950 2191 ltin.
973 2154 1020 2191 T.
1040 2154 1086 2191 ΙΙ.
1108 2167 1143 2202 p.
1167 2156 1272 2194 376.
1292 2161 1329 2190 et
1350 2154 1491 2204 Georg.

55 2211 236 2247 Whelero
257 2211 299 2248 L.
319 2211 366 2250 11.
389 2224 424 2259 p.
443 2212 549 2252 482.
582 2210 941 2248 Maemacterionem
965 2218 1002 2247 et
1020 2210 1273 2248 Posideonem
1293 2222 1337 2246 eo
1358 2210 1492 2246 ordine

55 2269 248 2313 locantes,
273 2279 383 2316 quem
405 2266 580 2318 Scaliger
608 2267 848 2317 probaverat.
876 2267 1013 2307 XVESS.

168 2325 274 2362 216.
306 2325 375 2363 50.
414 2321 481 2362 Ἐκ
511 2325 585 2362 τοῦ
609 2321 695 2361 κατ’
723 2320 859 2374 ὀλίγον
884 2320 1199 2374 πλωὶζομένοις]
1240 2321 1493 2372 Agatharchi-

58 2377 125 2414 des
162 2378 203 2416 ἐν
235 2377 279 2416 δὲ
298 2385 383 2425 τοῖς
400 2375 492 2431 ἑξῆς
511 2381 594 2418 τῶν
613 2381 757 2430 μηνῶν
781 2376 886 2417 κατὰ
908 2374 1042 2430 λόγον.
1068 2392 1163 2428 quae
1184 2378 1376 2415 Diodorus
1407 2391 1493 2414 cum

59 2436 248 2480 imitetur,
280 2438 389 2473 venit
414 2438 456 2473 in
478 2442 645 2473 mentem
673 2433 728 2472 Cl.
750 2434 937 2471 Salmasio
967 2435 1015 2472 ad
1037 2433 1160 2471 Solin.
1193 2448 1227 2483 p.
1248 2436 1368 2480 222„
1399 2436 1493 2470 scri-

60 2492 181 2538 psisse
203 2503 300 2536 eum,
329 2488 427 2537 τοὺς
445 2487 537 2544 ἑξῆς
555 2493 639 2530 τῶν
657 2492 801 2542 μηνῶν
820 2488 925 2530 κατὰ
945 2486 1067 2542 λόγον
1087 2488 1387 2540 πλτιήζομιέιόις,
1420 2503 1495 2535 me,

60 2559 194 2583 vocem
214 2553 439 2594 postremam
459 2550 492 2584 si
524 2547 674 2593 demas,
698 2560 777 2585 non
804 2559 1071 2596 usquequaque
1095 2549 1372 2583 consentiente.
1406 2544 1492 2582 Mu-

61 2604 156 2638 tatio
175 2604 274 2638 enim
293 2605 411 2639 nimia
428 2610 497 2649 cst,
525 2610 563 2640 et
577 2603 748 2640 Diodoro
772 2616 880 2639 suum
900 2604 1037 2640 aufert.
1065 2601 1132 2640 Ἐκ
1153 2605 1226 2641 τοῦ
1247 2599 1331 2639 κατ’
1358 2599 1493 2652 ὀλίγον

62 2658 206 2694 indicat
243 2661 385 2695 sensim
409 2657 507 2710 (vid.
535 2658 639 2697 XIV.
673 2661 745 2699 96.
775 2657 861 2695 XV.
882 2657 964 2710 44)
999 2660 1193 2707 similique
1227 2660 1494 2708 progressione

66 2715 206 2750 secutis
228 2716 420 2751 mensibus
440 2717 569 2752 stellas
591 2728 654 2752 cas
675 2717 802 2752 nautis
824 2714 923 2751 haud
945 2717 1126 2763 conspici.
1161 2717 1264 2757 Quae
1286 2714 1495 2760 sequeban-

66 2776 129 2806 tur
150 2772 191 2807 in
210 2771 378 2821 vulgatis
398 2772 590 2818 scabiosa,
624 2785 690 2819 ea,
719 2773 930 2820 conpositis
961 2773 1062 2808 inter
1091 2784 1174 2807 sese
1195 2772 1359 2808 vetustis
1380 2782 1499 2806 mem-
