1828 3253
436 215 497 255 IN
529 215 639 254 LlB.
670 214 807 255 xiil.
840 213 966 255 CAP.
999 217 1041 255 7.
1072 218 1110 257 8.
1418 218 1508 258 635

73 331 142 368 bus
163 333 247 369 eius
264 342 357 368 usus
375 335 505 396 aperte
523 328 706 380 cognosci
724 329 857 377 possit.
895 326 1082 378 Polybius
1098 327 1197 377 apud
1216 326 1397 376 Suidam,
1424 331 1508 369 τῶν

70 386 114 425 δὲ
134 388 334 426 ναυτικῶν
355 380 570 436 δυνάμεων
597 382 703 423 κατὰ
724 380 942 423 θάλατταν
962 388 1054 430 ταῖς
1074 380 1315 437 ἀναπείρους
1332 385 1399 424 καὶ
1419 390 1512 433 ταῖς

70 442 262 495 εἶρεσίαις
282 438 518 494 ἐγύμναζον.
560 439 662 477 Citat
688 453 780 478 vero
810 440 911 477 idem
930 439 1073 477 Suidas
1091 447 1129 477 et
1148 440 1248 478 hunc
1267 443 1412 489 locum,
1441 442 1508 480 sed

69 501 150 536 eius
170 498 366 536 authorem
386 510 464 535 non
482 497 699 543 nominans,
719 497 937 564 κατασπᾶν
960 492 1036 542 τὰς
1056 498 1170 543 ναῦς,
1190 494 1265 543 τὰς
1283 493 1509 550 ὑπηρεσίας

70 551 315 620 ἐμβιβάζειν,
351 569 418 592 και
439 555 515 604 τῆς
537 551 714 622 εἰρεσίας
730 538 954 603 ἀνάπειραν
973 547 1221 619 λαμβάνεινὲ
1250 553 1509 606 παρέλκοιτα

69 608 143 649 τὸν
156 605 309 677 χρόνον
329 607 536 660 ἐπίτηδες,
573 607 651 654 ε’ως
668 605 720 648 τὰ
740 623 854 659 παρα
873 604 1086 659 ΜΡωμαιων
1109 605 1222 648 αὐτῶ
1243 623 1406 661 γενηται
1427 625 1510 662 ᾳα-

71 661 183 716 νερά
219 664 297 703 Sed
324 678 394 702 eur
421 677 499 702 non
531 666 692 731 ipsemet
720 667 846 714 potius
864 664 1057 702 Diodorus
1082 667 1257 715 exempla
1278 677 1373 713 quae
1395 665 1509 703 habet

71 722 186 758 nobis
203 719 447 772 suppeditet‘.²
488 720 546 758 Ita
565 723 667 758 enim
691 722 755 758 ille
777 734 813 771 p.
814 722 942 798 *350⁶
963 720 1014 788 (c.
1039 721 1110 762 38.
1131 719 1243 758 huius
1264 719 1375 788 libri)
1406 725 1509 760 circa

70 778 327 826 principium,
370 774 417 816 οἱ
438 773 512 816 τὸν
543 772 693 816 στόλον
721 776 840 823 εἷς
814 775 965 843 αμον
981 774 1258 829 ἀθροίσαντες
1284 776 1326 830 ἐγ
1329 774 1508 829 υμναζον

69 847 169 879 τους
189 827 447 886 στρατιώτας
465 831 521 879 εις
538 832 786 884 ναυμαχίαν,
813 830 918 872 καθ
943 828 1116 901 ημὲραν
1125 830 1350 887 ἀναπείρας
1371 849 1512 873 ποιου-

68 903 197 940 μενοι.
230 889 275 927 ln
295 889 426 927 eadem
444 902 522 926 non
544 891 677 939 procul
696 903 719 927 a
738 889 837 927 fine:
843 884 1192 957 Λακεδαιμόνιοι
1220 888 1265 929 δὲ
1296 892 1510 958 θεωροῦν-

69 958 138 991 τες
154 941 252 992 τοὺς
270 944 489 1012 πολεμίους
508 943 559 984 τὰ
566 943 683 1012 πρὸς
701 942 777 997 τὴν
795 940 933 1011 μάχην
953 941 1312 996 ετοιμαζομὲνους,
1344 946 1411 985 καὶ
1433 943 1512 985 αὐ-

70 999 134 1040 τοὶ
157 998 281 1040 πένθ’
314 996 472 1053 ημὲρας
501 997 722 1051 ἀνάπειραν
745 1016 999 1052 ποιουμενοι,
1028 1001 1096 1040 καὶ
1114 998 1396 1054 γυμνάσαντες
1415 999 1514 1048 τοὺς

72 1054 235 1108 ἐρέτας,
267 1055 457 1105 ἐξέταξαν
486 1055 559 1097 τὸν
589 1055 738 1097 στόλον
768 1056 824 1104 εις
855 1057 1101 1109 ναυμαχίαν.
1131 1057 1234 1095 Hinc
1253 1072 1344 1096 vero
1366 1066 1403 1096 et
1426 1071 1516 1096 ver-

73 1112 162 1149 bum
195 1109 501 1164 ἀναπειρᾶσθαι
540 1125 607 1162 pro
647 1129 698 1153 αι
701 1128 872 1181 απειραν
925 1127 993 1152 seu
1029 1111 1255 1165 ἀναπείρας
1289 1116 1512 1154 ποιεῖσθαι.

74 1166 108 1204 Τ
113 1163 251 1219 hucyd.
270 1168 313 1206 L.
332 1169 414 1207 V11.
438 1184 470 1207 c.
491 1171 532 1209 7.
558 1169 601 1209 οί
617 1184 660 1209 τε
680 1165 954 1222 Συρακούσιοι
974 1168 1165 1210 ναυτικὸν
1184 1166 1408 1222 ἐπλήρουν,
1445 1169 1515 1209 καὶ

75 1221 359 1276 ἀνεπειρῶντο.
384 1226 449 1263 ubi
470 1225 695 1263 scholiastes
717 1226 901 1263 debuerat
919 1225 964 1262 de
985 1225 1055 1263 hac
1070 1228 1253 1275 peculiari
1273 1226 1385 1264 huius
1403 1227 1514 1264 verbi

76 1281 361 1331 significatione
384 1294 456 1318 nos
477 1282 695 1329 admonere,
714 1295 785 1319 nec
804 1289 1007 1319 contentus
1021 1282 1081 1320 his
1101 1284 1403 1332 expositionibus
1417 1296 1515 1329 esse,

75 1332 377 1390 ἀπεπειρῶντο,
409 1335 621 1388 ἐμελέτων.
669 1339 818 1382 Quibus
846 1350 895 1375 ex
921 1340 1017 1375 locis
1049 1351 1162 1375 nemo
1193 1352 1272 1376 non
1301 1341 1515 1389 perspicere

76 1398 190 1442 queat
228 1405 340 1442 quam
369 1400 459 1444 apta
488 1391 622 1446 (idque
656 1407 742 1431 cum
761 1396 903 1443 exigua
923 1392 1152 1447 mutatione)
1171 1396 1302 1432 futura
1329 1397 1380 1432 sit
1400 1396 1516 1431 lectio

75 1447 182 1495 haec,
200 1446 289 1494 τὰς·
295 1446 518 1503 ἀναπείρας
538 1449 764 1489 ἐποιοῦντο.
799 1448 891 1487 Scio
908 1457 1035 1487 tamen
1062 1451 1302 1488 doctissimos
1333 1451 1517 1501 quosdam

75 1506 204 1552 viros,
242 1517 359 1553 quum
377 1506 443 1543 diu
461 1507 724 1555 multumque'
714 1519 757 1543 in
776 1507 1015 1543 restituendo
1043 1506 1116 1544 hoc
1134 1509 1219 1545 loco
1240 1521 1280 1544 se
1298 1509 1517 1553 torsissent,

78 1560 234 1597 tandem
260 1564 303 1598 in
323 1574 367 1598 ea
386 1565 578 1599 sententia
595 1564 716 1599 fuisse
742 1568 788 1599 ut
816 1569 998 1611 putarent
1015 1565 1123 1601 nulla
1142 1565 1315 1601 sincerae
1338 1565 1518 1600 lectionis

78 1615 142 1653 hic
162 1628 359 1664 superesse
378 1620 556 1669 vestigia.
589 1618 645 1655 At
665 1620 768 1656 enim
786 1621 852 1667 qui
871 1625 1050 1668 poterant
1069 1622 1192 1671 magis
1223 1622 1371 1657 servari
1406 1632 1521 1669 quam

80 1684 130 1709 ex
148 1670 374 1738 ἀναπείρας
390 1671 610 1711 faciendo'
589 1670 838 1727 ἀναπήρους.
874 1675 1037 1719 Quidam
1056 1684 1183 1713 autem
1202 1674 1368 1729 (alioqui
1387 1675 1521 1712 erudi-

78 1730 253 1765 tissimus
271 1737 312 1766 et
329 1728 431 1782 ipse)
452 1732 576 1768 locum
596 1730 697 1767 hunc
714 1733 987 1780 interpretans,
1015 1728 1254 1785 ἀναπήρους
1273 1732 1523 1782 depravatum

82 1797 165 1821 esse
183 1791 253 1822 aut
270 1785 540 1833 dissimulavit,
559 1794 628 1824 aut
644 1793 746 1824 certe
764 1799 843 1824 non
865 1787 1148 1826 animadvertit.
1177 1789 1309 1838 Atqui,
1327 1795 1371 1824 ut
1389 1789 1523 1824 liceret

80 1842 138 1877 ita
166 1842 273 1890 loqui
301 1839 541 1895 ἀναπήρους
570 1845 672 1889 ναῦς
707 1845 940 1890 ποιεῖσθαι,
991 1856 1172 1893 quorsum
1208 1845 1249 1882 id
1285 1841 1522 1894 pertineret'f

85 1895 242 1936 STEPH.
276 1896 367 1945 Τὰς
383 1895 609 1950 ἀναπείρας
626 1912 712 1937 eum
733 1898 784 1937 H.
805 1897 1003 1949 Stephano
1021 1901 1238 1951 legendum.
1276 1901 1377 1937 Vera
1397 1907 1525 1936 tamen

83 1954 201 1990 lectio
217 1954 358 2001 fuerit,
387 1957 421 1992 si
441 1967 512 2003 pro
532 1954 742 1995 ἐποιοῦντο
763 1958 980 2004 reposueris
1007 1955 1334 2008 ἐναυπηγοῦντο,
1362 1957 1526 1994 mutila-

85 2015 150 2046 tas
167 2011 453 2048 resarciebant.
484 2010 620 2048 Rnon.
654 2009 744 2058 Τὰς
762 2008 985 2064 ἀναπείρας
1003 2010 1235 2064 ἐποιοῦντο]
1267 2012 1408 2063 Sagaci
1431 2025 1525 2049 con-

84 2066 230 2104 iectura
249 2080 381 2105 verum
401 2066 451 2103 H.
469 2066 699 2117 Stephanus,
726 2070 879 2118 quicum
897 2069 1040 2105 nollem
1059 2069 1303 2106 dissensisset
1322 2071 1363 2105 in
1380 2082 1422 2105 re
1442 2080 1527 2104 eer-

86 2127 126 2159 ta
157 2120 481 2172 Rhodomannus,
513 2131 711 2161 assecutus
731 2131 802 2162 est.
846 2123 1046 2172 Loquendi
1072 2138 1220 2176 genus,
1265 2126 1339 2162 etsi
1368 2125 1526 2162 dubium

88 2185 174 2226 post
193 2177 379 2228 Stephani
407 2179 507 2216 hanc
534 2193 664 2217 curam
688 2193 770 2217 esse
791 2193 871 2217 non
888 2181 1035 2230 possit,
1063 2181 1255 2219 stabiliam
1274 2182 1437 2231 Polybio
1458 2193 1528 2217 au-

87 2240 208 2283 ctore,
235 2238 300 2283 qui
321 2235 368 2273 de
389 2233 651 2273 Romanorum
669 2235 836 2274 Consule
856 2236 1010 2274 Lutatio
1030 2235 1073 2276 L.
1097 2236 1124 2274 l.
1146 2239 1217 2278 59.
1243 2235 1329 2276 ἀλλ’
1352 2234 1412 2275 ἀν’
1438 2231 1530 2275 εκά-

91 2302 192 2355 στην
220 2285 380 2344 ημὲραν
406 2292 771 2332 ΑΝΑΠΕΙΡΑΣ
797 2292 864 2331 καὶ
890 2291 1064 2343 μελέτας
1084 2292 1286 2333 ΠΟΙΏΝ
1312 2298 1399 2340 τοῖς
1423 2294 1530 2343 πλη-

91 2341 278 2397 ρώμασιν
299 2345 457 2393 οἷκείως
475 2350 552 2399 τῆς
569 2347 776 2400 ἐπιβολῆς.
802 2348 854 2385 Et
868 2348 910 2386 Ι.
922 2349 982 2386 IV.
997 2351 1040 2389 2.
1063 2350 1109 2387 de
1130 2350 1320 2399 Philippo,
1343 2365 1410 2388 και
1431 2363 1531 2388 συν-

93 2406 193 2451 εχεΐς
234 2403 647 2444 HOIOYMENOE
677 2405 1059 2452 ΑΝΑΠΕΙΡΛΣ,
1096 2401 1287 2458 ἐγύμναζε
1318 2419 1416 2450 τους
1445 2419 1532 2457 φα-

92 2456 288 2509 λαγγίτας
316 2474 384 2498 και
412 2460 613 2510 συνειθιζε
642 2465 734 2507 ταῖς
764 2460 966 2513 εἰρεσίαις
1007 2462 1172 2509 Noster,
1200 2464 1262 2500 cui
1282 2462 1534 2512 Polybianam

96 2512 304 2553 dictionem
326 2517 469 2553 imitari
491 2520 533 2555 in
551 2531 656 2554 more
676 2521 854 2567 positum,
874 2520 1004 2567 paullo
1025 2518 1237 2556 diversiore
1257 2518 1371 2556 modo
1389 2517 1432 2554 L.
1443 2515 1533 2554 XV.

97 2569 142 2608 3.
173 2568 240 2608 καὶ
263 2576 441 2622 συνεχεῖς
460 2572 672 2626 διαπείρας
690 2574 758 2613 καὶ
778 2573 1009 2627 γυμνασίας
1030 2589 1273 2625 ποιουμενος
1291 2569 1532 2626 ητοιιιάζετο

99 2631 172 2661 etc·
210 2623 356 2662 Hinc‘
334 2643 359 2678 η
381 2630 465 2668 τῶν
482 2628 637 2669 πλοίων
665 2626 864 2681 ἀνάπειρα
902 2643 988 2667 cum
1015 2643 1134 2670 naves
1153 2634 1193 2668 in
1213 2644 1316 2668 mare
1340 2629 1535 2666 deducun-

100 2687 175 2727 tur,
203 2687 247 2718 ut
266 2688 305 2718 et
324 2696 453 2722 earum
473 2692 512 2721 et
529 2688 715 2737 remigum
734 2688 946 2736 periculum
965 2685 1045 2733 fiat,
1065 2693 1103 2724 et
1123 2684 1427 2738 ἀναπειρᾶσθαι
1449 2688 1536 2729 τοῖς

102 2732 284 2790 σκάφεσι
296 2740 338 2774 in
358 2739 512 2790 Polybii
528 2741 711 2792 Excerpt.
735 2743 903 2794 Leg.1.x.
921 2742 1196 2780 Demosthenes
1211 2744 1318 2780 Orat.
1339 2742 1385 2777 de
1405 2739 1537 2788 Steph.

102 2793 319 2830 ΤΓῙΘΓΜΟΙΙ-
346 2808 381 2844 Ρ.
404 2798 510 2837 676
547 2794 807 2852 ἐπεπλήρωτό
836 2814 930 2850 μοι,
967 2797 1036 2837 καὶ
1061 2795 1210 2845 πάντες
1241 2794 1393 2864 εωρᾶθ’
1424 2792 1539 2847 ὑμεῖς

106 2847 439 2905 ἀναπειρωμένην
457 2850 533 2905 τὴν
550 2856 666 2895 ναῦν.
709 2857 815 2900 Quae
833 2855 986 2905 quidem
1004 2861 1180 2895 veterum
1200 2857 1308 2902 loca,
1337 2856 1370 2893 si
1397 2855 1540 2891 calamo
