1828 3253
326 141 385 182 98
786 137 1298 178 ANNOTATIONES

330 254 417 303 quis
436 247 629 303 ambigat?
657 248 791 288 RHOD.
824 245 1167 305 Ῥινοκολοῦραν]
1198 251 1242 289 In
1260 252 1365 290 urbis
1385 252 1498 290 huius
1516 255 1668 292 nomine
1689 267 1758 293 va-

331 313 434 349 riant
453 311 679 357 scriptores,
720 315 763 345 ut
784 308 830 344 ad
854 308 985 347 itiner.
1013 308 1200 346 Antonini
1222 322 1256 358 p.
1282 312 1300 349 l
1314 311 1383 348 51.
1413 309 1562 346 abunde
1581 318 1638 347 est
1655 319 1758 360 patc-

330 368 484 405 factum.
524 364 633 408 Quod
659 367 915 412 restituimus,
953 366 1082 401 tritius
1112 371 1150 400 et
1179 368 1365 402 sermonis
1394 367 1592 416 analogiae
1620 380 1760 404 conve-

331 424 502 459 nientius
530 426 600 457 est.
651 419 819 467 Seneca,
856 420 957 457 haud
986 423 1064 458 scio
1099 433 1172 469 quo
1200 429 1376 467 auctore,
1427 421 1496 460 III.
1532 421 1577 458 dc
1608 422 1656 458 lr.
1685 424 1759 462 20.

333 491 408 517 rex
429 477 643 515 Persarum
674 479 792 513 totius
813 478 955 528 populi
975 489 1094 513 nares
1123 479 1267 515 recidit
1290 480 1329 514 in
1352 477 1497 527 Syria:
1552 480 1641 516 inde
1662 479 1761 515 Rhi-

331 535 523 572 nocolura
556 534 635 570 loci
658 546 794 570 nomen
823 540 892 570 est.
937 531 1131 581 Diodoro,
1165 540 1208 570 ut
1236 534 1379 571 dictum
1407 541 1517 582 ante,
1551 534 1764 572 adsentitur

333 589 484 628 Strabo.
519 589 654 628 Wnss.

447 647 519 686 70
545 646 617 685 37.
662 641 723 684 Οὐ
749 641 914 698 μακρὰν
941 646 1015 684 τοῦ
1038 640 1294 699 παρήκοντος
1314 643 1527 698 αιμαλοῦ]
1565 646 1718 684 Mallem
1737 660 1763 683 a

335 704 453 742 litore
470 714 575 754 porr
578 708 685 748 ecto,
733 714 799 739 seu
827 701 927 749 quod
956 708 1102 751 praeter
1130 703 1262 738 urbem
1292 703 1514 767 longissime
1543 706 1764 753 porrigitur.

334 758 530 796 Dicuntur
548 760 648 795 enim
664 760 862 808 regiones,
889 759 1057 805 insulae,
1083 759 1196 795 litora
1216 753 1324 810 παρή
1330 773 1432 804 κειν
1459 770 1551 806 quae
1573 762 1765 808 pertinent

336 822 375 852 et
393 814 670 860 extenduntur,
697 820 741 850 ut
759 814 962 864 diligenter
985 817 1133 851 monuit
1153 812 1279 851 Celeb.
1301 812 1341 850 C.
1369 813 1414 850 Α.
1433 813 1578 851 Duker.
1596 817 1637 851 in
1658 813 1765 851 Thu-

337 872 423 922 cyd.
435 870 497 907 IV.
512 871 606 916 36.
632 869 795 907 Pausan.
814 869 842 906 Ι.
863 870 938 909 44.
957 866 1127 921 παρήκει
1149 868 1223 908 δὲ
1214 866 1326 921 παρὰ
1355 867 1622 922 τὴνΝισιιίαν
1642 873 1767 922 νῆσος

338 942 386 967 οι
372 921 566 979 ’μεγάλῃ
575 933 667 963 ante
678 925 865 963 Nisaeum
886 927 1014 963 insula
1031 926 1140 964 haud
1155 928 1553 978 magnaper-rigitur.
1568 927 1768 965 EtNoster

337 985 441 1022 infra
461 981 507 1018 ΙΙ.
530 983 600 1022 13.
638 983 759 1021 τοῦτο
791 978 834 1020 δ’
862 980 926 1020 ἐπὶ
954 979 1132 1028 πολλοὺς
1160 981 1383 1027 σταδίοις
1372 985 1570 1033 παρῆκον.
1607 985 1768 1021 clarius-

338 1051 411 1088 que
440 1051 521 1087 sup.
547 1051 580 1077 c.
604 1038 676 1078 31.
711 1035 847 1077 ταινία
878 1034 982 1091 παρ’
1015 1034 1114 1089 ὅλην
1135 1035 1282 1089 σχεδὸν
1303 1035 1378 1090 τὴν
1398 1035 1612 1090 Αἷγιπτον
1631 1034 1769 1092 παρή-

339 1110 410 1134 κει.
445 1094 579 1131 WEss.

451 1151 524 1190 70.
546 1150 620 1189 40.
657 1144 796 1196 Ἐντὸς
824 1147 868 1189 δὲ
898 1152 972 1190 τοῦ
1003 1148 1161 1201 τείχους
1188 1151 1278 1197 etc.]
1307 1148 1380 1186 His
1403 1155 1637 1200 pugnarent,
1674 1161 1768 1198 quae

339 1206 386 1243 de
419 1212 596 1243 torrente
617 1204 783 1256 Aegypti
809 1209 851 1244 in
881 1206 984 1244 Esai.
1006 1205 1174 1244 XXVII.
1207 1212 1245 1242 et
1272 1205 1400 1244 Amos,
1422 1206 1481 1243 vl.
1511 1205 1769 1255 Hieronymus

338 1269 543 1309 memorat,
573 1262 706 1298 urbem
724 1262 822 1300 hanc
844 1264 1032 1311 alluente,
1063 1263 1176 1299 modo
1199 1269 1302 1299 certa
1319 1263 1468 1309 forent3
1494 1262 1595 1311 qnod
1617 1261 1769 1311 quidem

339 1332 410 1370 ego
431 1331 510 1355 non
537 1324 674 1366 putem.
734 1318 906 1356 Torrens
925 1319 1099 1369 Aegypti
1117 1320 1182 1355 ille
1202 1326 1326 1358 nwzm
1345 1313 1435 1365 ¹7n3,
1461 1320 1558 1355 alius
1580 1325 1658 1364 est,
1692 1324 1728 1353 et
1747 1329 1769 1354 a

337 1374 430 1412 Nilo
450 1374 551 1411 haud
576 1374 762 1411 diversus.
820 1373 967 1412 Tamen
990 1388 1084 1423 qnae
1105 1374 1167 1411 hie
1189 1375 1234 1411 de
1256 1374 1529 1422 Rhinocolura,
1558 1387 1601 1410 ea
1617 1375 1697 1410 fere
1725 1373 1770 1411 de

339 1431 566 1477 Ostracine,
596 1429 683 1467 huic
703 1431 853 1478 vicina,
883 1431 1029 1480 Ioseph.
1050 1431 1114 1470 IV.
1136 1430 1180 1470 B.
1204 1430 1286 1468 lud.
1312 1433 1382 1471 11.
1412 1431 1508 1478 14.;
1541 1437 1584 1467 ut
1610 1437 1769 1478 utraque

339 1490 500 1537 pessimo
522 1488 640 1523 fuerit
663 1486 749 1524 situ.
791 1487 925 1525 Wess.

453 1544 524 1583 70.
547 1542 620 1582 47.
646 1537 900 1609 Ἐκριιφέντες
920 1541 975 1590 εἷς
989 1538 1160 1595 χώραν]
1191 1543 1393 1592 Proprium
1410 1541 1483 1580 hoe
1504 1543 1581 1580 illis
1602 1549 1681 1588 est,
1706 1543 1771 1590 qui

339 1598 363 1638 ὲ.
384 1601 525 1638 civium
545 1602 770 1636 commercio
798 1602 953 1637 avulsi
943 1613 984 1637 ιη
1002 1602 1157 1637 ultimos
1177 1600 1273 1636 fines
1297 1606 1555 1667 seponuntur,
1581 1605 1624 1635 ut
1649 1598 1770 1635 Grae-

340 1659 400 1701 ci,
437 1656 482 1693 ab
504 1654 722 1692 Alexandro
751 1653 793 1693 ἓν
822 1660 914 1702 ταῖς
942 1654 1150 1706 ἐσχατιαῖς
1171 1658 1245 1706 τῆς
1263 1654 1513 1705 βασιλείας
1496 1652 1771 1722 εξεροιιιμέιοι

339 1712 482 1750 XVIII.
507 1713 545 1751 7.
538 1737 560 1757 .,
593 1717 630 1746 et
648 1709 848 1761 Aegyptii,
877 1714 942 1761 qui
962 1714 1154 1763 vitiligine
1175 1713 1309 1749 infecti
1330 1709 1518 1765 ἕξεόῥίφτ
1523 1726 1600 1750 σαν
1622 1710 1677 1757 εἷς
1698 1707 1772 1763 τὴν

334 1763 536 1815 Ἐλλάδα,
570 1766 701 1817 Eclog.
722 1767 803 1804 Lib.
823 1767 910 1806 XL.
937 1770 975 1808 1.
1002 1767 1052 1805 W
1057 1779 1136 1804 Ess.

452 1826 523 1864 70
546 1823 618 1862 54.
658 1821 859 1874 Φέρονται
890 1820 985 1862 κατ’
1016 1821 1190 1876 dystag]
1233 1823 1372 1861 Volare
1405 1824 1627 1860 catenatim
1646 1821 1773 1871 perhi-

339 1881 500 1927 bentur,
528 1892 642 1928 quare
663 1878 782 1916 Delus
801 1880 967 1931 Ortygia
987 1880 1099 1927 dicta,
1122 1877 1225 1947 παρ’
1251 1895 1272 1918 ο
1295 1877 1369 1926 τὰς
1390 1876 1482 1931 ἀγέ)
1487 1893 1536 1925 ας
1556 1881 1638 1918 τῶν
1659 1874 1772 1927 ζωων

338 1932 498 1975 τούτων
517 1933 745 1988 φερομένας
765 1934 807 1974 ἐκ
830 1939 902 1975 τοῦ
923 1932 1021 1974 71⁶7!
985 1950 1121 1988 flayovg
1140 1932 1284 1984 ἱζάνειν
1306 1936 1360 1982 εἷς
1381 1934 1456 1987 τὴν
1476 1951 1498 1974 ν
1503 1937 1602 1986 ’ἶσοι
1613 1962 1624 1982 ‚
1669 1936 1775 1986 quod

338 2005 481 2042 greges
514 1993 757 2028 coturnicum
779 2005 798 2029 e
816 1994 923 2029 mari
943 1993 982 2029 in
1013 1993 1180 2029 insulam
1209 1993 1394 2030 devolare
1416 1992 1544 2042 ibique
1567 1993 1773 2029 considere

341 2050 515 2094 soleant,
548 2049 588 2084 in
617 2046 755 2085 Athen.
786 2047 856 2085 IX.
894 2049 963 2088 11.
1019 2047 1092 2085 His
1122 2054 1249 2086 autem
1279 2047 1442 2086 Diodori
1469 2048 1673 2099 diligenter
1694 2049 1772 2085 viri

342 2104 573 2149 doctissimi,
615 2105 680 2151 qui
708 2116 772 2141 eas
800 2105 993 2150 aviculas,
1032 2105 1169 2153 quibus
1199 2105 1394 2143 Israissitae
1421 2106 1463 2141 in
1494 2104 1653 2141 desertis
1675 2103 1773 2140 Ara-

341 2161 425 2197 biae
445 2158 717 2206 vescebantur,
758 2162 973 2198 coturnices
990 2160 1110 2197 fuisse
1129 2168 1311 2209 censent,
1346 2167 1391 2198 ut
1410 2160 1606 2207 adsolent,
1637 2159 1677 2197 S.
1697 2158 1773 2196 Bo-

341 2215 494 2252 chartus
522 2215 737 2252 Hierozoic.
766 2214 810 2254 P.
840 2215 890 2254 ΙΙ.
924 2216 954 2253 Ι.
987 2217 1056 2256 15.
1085 2231 1121 2266 p.
1153 2218 1255 2257 100.
1310 2217 1364 2254 Ιο.
1395 2215 1598 2254 Marsham.
1628 2214 1771 2253 Canon.

343 2270 521 2308 Chronol.
541 2284 576 2318 p.
603 2272 705 2311 147.
729 2277 843 2322 atque
866 2273 956 2320 alii3
1002 2285 1024 2310 a
1046 2274 1182 2322 quibus
1204 2286 1300 2325 ego,
1335 2280 1378 2311 ut
1395 2275 1491 2310 alias
1513 2273 1658 2320 dicam,
1695 2271 1774 2310 dis-

341 2330 477 2364 sentio.
517 2326 652 2364 wass.

456 2385 529 2423 70.
555 2384 625 2423 59.
657 2379 862 2435 ΖΙῚὲνδην]
910 2382 1036 2421 Huius
1062 2384 1165 2436 regis
1192 2385 1236 2422 fit
1266 2386 1411 2422 mentio
1442 2398 1465 2422 a
1492 2382 1664 2421 Diodoro
1694 2396 1773 2420 non

342 2440 475 2489 procul
503 2440 550 2476 ab
579 2438 692 2476 huius
718 2439 808 2476 libri
833 2441 948 2489 primi
974 2441 1069 2478 fine:
1108 2442 1174 2478 ubi
1202 2437 1361 2494 Zl2lc29ov
1391 2443 1585 2492 genitivus
1616 2439 1775 2477 habetur

343 2498 458 2532 unico
487 2509 510 2547 9
540 2497 726 2542 scriptus,
782 2497 824 2532 in
871 2498 920 2533 iis
953 2497 1242 2546 lexemplaribus
1279 2510 1374 2547 quae
1411 2497 1474 2534 hic
1513 2498 1774 2534 accusativum

344 2547 527 2604 ,Πίῖάρροι
557 2550 700 2600 duplici
734 2565 757 2601 9
788 2553 971 2601 scriptum
998 2551 1150 2590 habent.
1217 2552 1264 2589 In
1301 2567 1345 2590 eo
1386 2559 1512 2590 autem
1544 2555 1585 2589 in
1617 2563 1690 2601 quo
1711 2551 1774 2588 hic

343 2588 499 2659 ΠἸάρον
517 2608 680 2657 legitur,
718 2606 773 2644 ibi
793 2619 870 2643 non
900 2608 1032 2646 itidem
1052 2605 1234 2659 -Μάρου,
1274 2609 1341 2645 sed
1372 2605 1571 2661 Βάρωνος
1598 2610 1772 2659 legimus.

344 2661 468 2699 Locus
488 2670 546 2699 est
569 2662 650 2708 hic,
689 2658 763 2701 τὸν
792 2661 836 2702 de*
863 2663 1028 2703 Λαίὸαὶ
1033 2679 1078 2704 ον
1107 2664 1290 2717 λ’έςουσιν
1318 2661 1669 2716 ἀτομιιιησασθαι
1697 2678 1744 2714 τι
1750 2679 1772 2702 ν

343 2721 416 2757 τοῦ
445 2717 702 2769 λαβυρίνθου
732 2719 784 2756 π).
775 2716 907 2784 .οκὴν,
951 2723 1025 2760 τοῦ
1057 2719 1320 2790 διαμένοντος
1340 2720 1415 2771 μὲν
1439 2737 1467 2770 μ
1473 2719 1555 2773 έχρι
1584 2721 1658 2758 τοῦ
1686 2722 1774 2766 νῦν,

344 2772 692 2827 οἷκοὸοιιγῦέντος
711 2772 778 2821 δὲ,
807 2769 863 2822 ὡς
879 2774 955 2827 μέν
975 2790 1080 2823 τινες
1099 2776 1250 2830 φασὶν,
1282 2771 1362 2816 ὑπὸ
1385 2776 1629 2828 ΙΠένὸητος,
1659 2771 1715 2822 ὡς
1735 2774 1771 2814 δ’
