1828 3253
478 182 542 220 IN
571 181 681 220 LIB.
709 180 836 220 XIV.
875 179 1001 219 CAP.
1043 183 1115 222 83.
1148 182 1220 222 84.
1455 181 1547 222 783

225 297 331 337 708.
365 296 436 337 10.
478 292 559 335 Διὸ
589 293 658 334 καὶ
687 295 737 347 τῇ
766 288 878 347 μάχῃ
899 289 1228 344 Λακεδαιμόνιοι
1250 289 1547 347 διαλαβόντες]

111 351 217 390 Defit
245 352 426 400 verbum,
465 351 565 401 quod
589 352 652 388 vel
673 353 832 401 νικῆσαι
855 351 953 397 fuit,
989 357 1032 388 ut
1054 352 1212 387 coniicit
1231 349 1548 400 Rhodomannus,

110 416 177 447 aut
197 406 456 460 νενικηκέναι,
477 420 559 456 ‚quo
578 407 691 444 modo
710 419 842 457 margo
863 404 954 445 Cod.
978 405 1072 457 Reg.
1099 409 1137 446 l.
1167 405 1275 443 Aciei
1294 407 1466 444 ordinem
1489 416 1548 445 to·-

109 467 262 514 tiusque
283 475 434 515 pugnae
457 463 641 501 describit
662 464 816 513 egi-effic
834 462 1053 510 Xenophon
1069 462 1212 512 Agesil.
1233 474 1269 510 p.
1291 464 1395 503 521.
1411 463 1546 501 W'Ess.

224 522 327 561 708
339 523 414 560 20.
435 516 539 559 Εἶτα
557 518 773 564 Νἰσιαιους
794 534 859 556 και
877 518 1016 568 Ἱιόυς]
1038 518 1138 568 Lege
1158 519 1394 555 confidenter
1417 521 1548 558 Narv-

110 575 252 629 ραιόυς
272 575 339 615 καὶ
354 568 519 626 'Post-om
543 575 711 624 Nisyrus
723 575 799 611 fuit
817 577 943 611 insula
958 576 1061 612 vicin
1065 574 1150 612 aCo
1162 577 1308 611 insulae
1321 573 1354 611 Τ
1359 578 1440 612 eius
1455 590 1477 613 v
1482 589 1548 613 ero

109 633 342 682 peninsula
332 645 373 669 ιη
393 633 531 668 itinere
551 629 638 668 aCo
659 632 785 668 insula
804 629 941 667 Chium
956 643 1102 668 versus.
1130 630 1260 668 PALM.
1292 627 1395 669 Εἶτα
1419 633 1550 670 Νισυ-

111 688 254 739 ραιόυς
272 687 341 727 καὶ
364 685 547 739 Twy'l'ozg]
584 686 820 736 Utrumque,
847 693 890 723 ut
918 687 981 724 vir
1003 687 1138 724 doctus
1166 687 1354 733 edixerat,
1381 690 1547 725 restitui.

109 744 224 782 Prius
242 743 486 792 postulabant
503 743 758 789 membranae,
771 755 866 792 quae
887 742 1114 788 N‘mvatovg
1134 743 1263 788 edunt,
1278 746 1465 791 posterius
1487 757 1549 781 res

111 803 194 848 ipsa
210 806 248 836 et
266 801 420 837 itineris
433 810 669 850 progressus.
699 797 758 835 De
774 799 898 836 insula
909 799 1051 848 Nisyro
1073 798 1174 835 dixit
1192 798 1291 837 L.V.
1306 800 1376 838 54.
1411 800 1549 837 Wess.

109 857 286 893 Praestat
296 855 522 907 Νισυριόυς
543 855 794 903 scribi,quam
806 856 965 892 formam
978 862 1194 905 agnoscunt
1211 853 1354 892 Herod.
1364 855 1445 892 Vll.
1460 857 1532 895 99.
1524 883 1550 904 .,

111 910 351 962 Stephanus,
378 910 600 948 Eustathius
618 911 665 947 ad
686 910 798 948 Hom.
821 910 863 946 ll.
889 912 927 950 B
947 922 983 948 v.
1008 911 1130 957 676..
1160 909 1324 975 Dionys.
1347 924 1383 948 v.
1413 913 1436 950 5
1441 913 1516 951 ‘'5.

224 969 328 1008 708-
359 969 434 1007 27
469 967 553 1006 Και
583 961 909 1017 Λακεὸαιιιόιιοι
936 965 1012 1016 μὲν
1032 964 1111 1005 ἀπὸ
1135 980 1284 1005 τουτου
1304 981 1378 1006 του
1393 982 1550 1020 γρονου

108 1020 212 1075 etc.]
252 1022 312 1060 De
341 1022 497 1060 Conone
528 1022 807 1060 Demosthenes
828 1022 894 1061 Or.
928 1025 968 1059 in
969 1022 1140 1089 'Leptim
1164 1036 1199 1072 p·
1223 1024 1331 1062 291
1353 1038 1552 1062 κατεναυ-

106 1076 268 1131 μάχνσε
288 1078 664 1129 Λακεδαιμονίους,
696 1077 763 1117 καὶ
783 1076 880 1124 wig
901 1074 1102 1144 ποότερον
1121 1084 1208 1124 τοῖς
1230 1076 1279 1116 ἄ)
1284 1078 1406 1124 λοις
1389 1075 1552 1118 wurdt-

107 1150 257 1182 τοντας
277 1132 431 1174 εἴθισεν
459 1130 621 1174 ἀκούειν
650 1130 792 1186 ὑμῶν,
820 1135 887 1173 καὶ
915 1132 1012 1180 τοίς
1044 1129 1258 1185 ἁρμοστὰς
1284 1129 1478 1186 ἐξήλασεν
1507 1134 1551 1174 ἐκ

108 1194 193 1231 ’τῶν
216 1187 366 1243 νήσων.
409 1189 515 1228 Satis
544 1203 593 1227 ex
624 1203 737 1228 vero:
776 1189 994 1228 Harmostis
1023 1193 1125 1228 enim
1146 1202 1194 1227 ex
1216 1191 1355 1227 insulis
1379 1191 1552 1238 deiectis,

110 1255 149 1285 et
177 1248 297 1285 classe
330 1247 455 1284 deleta
481 1245 666 1295 Spartani
693 1249 810 1284 maris
839 1254 877 1284 et
906 1246 1089 1284 Graeciae
1118 1247 1279 1295 imperio
1312 1247 1551 1284 exciderunt.

109 1303 259 1341 Clarius
291 1302 478 1339 Isocrates
508 1305 549 1339 in
579 1302 758 1354 Evagora
787 1315 822 1351 p.
852 1304 959 1343 293.
990 1303 1036 1339 de
1063 1302 1251 1349 consilio,
1284 1302 1385 1351 quod
1416 1301 1553 1340 Conon

108 1361 241 1398 Persis
263 1358 312 1395 ad
332 1358 622 1453 opprimendum
642 1358 965 1396 Lacedaemonios
993 1357 1119 1404 dedit,
1151 1359 1334 1406 loquens,
1360 1357 1553 1397 πεισθέν-

1023 1467 1344 1484 ἱἱἱἱ

108 1531 274 1579 θησαν,
306 1541 345 1565 οι
381 1524 426 1565 δὲ
446 1522 518 1564 ‘'E7
523 1526 640 1576 ληνες
672 1523 1034 1580 ἐλευθερώθησαν.
1083 1525 1162 1563 Sed
1182 1512 1270 1564 vide
1290 1525 1339 1563 Is.
1360 1524 1554 1564 Casaubo-

109 1597 202 1622 num
221 1583 270 1621 ad
288 1581 424 1632 Polyb.
445 1581 488 1619 L.
510 1581 539 1618 1.
558 1584 602 1621 2.
629 1580 764 1621 Wnss.

224 1640 329 1680 708-
357 1639 430 1678 32·
471 1634 805 1677 Kate'nlevoav'
787 1652 851 1676 επι
868 1631 1082 1689 Κυθηρα]
1120 1635 1240 1674 Gesta
1256 1639 1431 1686 sequenti
1451 1650 1554 1675 anno

112 1701 216 1743 sunt,
241 1701 279 1732 et
298 1694 368 1732 sub
390 1695 536 1731 exitum
555 1692 708 1742 quidem
726 1694 973 1745 magistratus
992 1693 1226 1730 Eubulidae.
1257 1705 1344 1730 nam
1366 1701 1452 1743 post
1472 1693 1556 1730 hie-

111 1766 209 1791 mem
220 1754 302 1789 eius
319 1752 425 1797 anni,
444 1762 518 1799 quo
531 1750 761 1787 Pisandrum
777 1749 1062 1800 profligaverat.
1081 1747 1216 1786 Conon
1235 1761 1312 1786 una
1334 1763 1417 1786 cum
1429 1748 1556 1786 Phar-

110 1810 258 1847 nabazo
277 1808 470 1844 maritima
481 1805 759 1855 Spartanorum
780 1808 865 1843 loca
885 1806 1061 1854 diripere,
1083 1817 1128 1842 ac
1150 1804 1239 1841 dein
1251 1803 1419 1855 Cythera
1439 1818 1555 1842 occu-

111 1878 202 1916 pare
223 1865 360 1911 coepit.
384 1860 576 1900 Distincte
596 1861 818 1910 Xenophon
832 1860 921 1900 Rer.
937 1861 1071 1898 Graec.
1092 1860 1134 1897 L.
1149 1861 1212 1899 IV.
1237 1873 1273 1910 p.
1291 1861 1398 1900 419.
1421 1861 1557 1899 WEss.

226 1921 333 1960 709.
365 1919 439 1959 40.
470 1915 666 1970 Ἀέροπος
696 1912 716 1957 ὃ
750 1920 833 1957 τῶν
853 1913 1115 1957 Μακεδόνων
1132 1913 1353 1966 βασιὶεὺς]
1387 1916 1476 1954 Non
1494 1931 1557 1955 re-

113 1976 308 2022 tractabo,
339 1986 434 2025 quae
458 1985 526 2022 pro
547 1973 697 2023 Aeropo
718 1973 968 2011 Macedonum
1000 1972 1072 2010 hoo
1102 1985 1193 2024 rege
1224 1973 1417 2022 disputavi
1444 1973 1492 2010 ad
1522 1987 1558 2010 c.

116 2035 190 2074 37.
220 2031 368 2069 Addam
389 2031 597 2078 duntaxat,
617 2029 890 2068 Macedonibus
909 2042 995 2066 eum
1015 2031 1232 2078 imperasse,
1251 2041 1337 2066 cum
1355 2029 1558 2080 Agesilaus

116 2103 166 2127 ex
194 2088 286 2126 Asia
315 2099 383 2137 per
411 2085 674 2124 Macedoniam
702 2087 744 2122 in
765 2086 967 2123 Graeciam
996 2091 1238 2134 properaret,
1279 2086 1395 2122 etiam
1414 2098 1462 2122 ex
1480 2086 1559 2123 Po-

115 2147 255 2196 lyaeno
274 2146 421 2193 liquere
442 2141 562 2180 Strat.
587 2141 628 2179 L.
650 2141 696 2179 ΙΙ.
722 2144 760 2182 l.
784 2144 854 2182 17.
876 2149 914 2178 et
935 2140 978 2180 L.
1000 2141 1062 2178 IV.
1084 2142 1129 2181 4.
1156 2142 1216 2189 4.,
1251 2153 1374 2190 neque
1394 2141 1487 2178 adeo
1508 2153 1558 2179 ex

114 2214 251 2252 regum
269 2200 465 2250 catalogo,
493 2198 594 2236 unde
614 2197 664 2235 H.
685 2197 908 2236 Dodwellus
931 2210 1016 2234 eum
1037 2199 1250 2246 expulerat,
1279 2200 1357 2234 nisi
1377 2200 1417 2234 vi
1438 2204 1476 2234 et
1495 2198 1559 2234 in-

115 2259 217 2296 iuria
247 2255 372 2293 eradi:
413 2254 659 2305 praesertim,
685 2267 770 2292 cum
797 2253 1008 2304 AmyntaS,
1037 2256 1114 2302 qui,
1143 2253 1334 2291 Pausania
1354 2252 1495 2302 Aeropi
1513 2252 1558 2291 F.

119 2314 363 2358 obtruncato,
383 2323 543 2361 regnum
567 2311 731 2357 invasit,
759 2309 899 2359 Aeropi
928 2311 1045 2347 fuerit
1072 2305 1278 2361 ὑπηρέτης
1309 2308 1376 2348 καὶ
1398 2308 1560 2356 δοῦλος,

119 2377 217 2407 teste
247 2367 408 2405 Aeliano
438 2365 488 2404 H.
518 2367 605 2404 Var.
638 2365 681 2403 L.
702 2366 793 2406 ΧΙΙ.
820 2367 895 2406 43.
930 2365 1143 2403 Pausanias
1162 2372 1289 2403 autem
1311 2366 1383 2402 iste
1404 2365 1451 2402 ob
1472 2364 1560 2401 bre-

118 2427 319 2463 vissimum
345 2425 458 2474 regni
484 2429 630 2472 tempus
659 2437 682 2460 a
707 2424 896 2471 plerisque
917 2423 1145 2473 negligitur:
1177 2422 1343 2458 fortasse
1363 2434 1442 2457 non
1461 2422 1560 2458 alius

120 2494 164 2519 ae
182 2483 216 2518 is
238 2479 460 2526 Pausanias,
485 2491 596 2527 quem
614 2477 820 2529 Syncellus
844 2477 1131 2529 chronograph.
1150 2490 1187 2527 p.
1201 2478 1310 2518 262.
1331 2478 1445 2513 unius
1467 2479 1561 2514 anni

118 2549 250 2588 regem
267 2537 384 2581 facit,
416 2535 483 2572 sed
503 2543 590 2584 post
609 2535 813 2601 Amyntam
836 2535 1038 2572 deiectum.
1073 2533 1204 2572 Facile
1226 2535 1328 2571 enim
1348 2534 1390 2570 in
1411 2539 1470 2570 tot
1490 2545 1562 2570 no-

118 2593 286 2631 minibus
304 2591 398 2629 ordo
425 2595 550 2641 potuit
570 2592 798 2630 conmutari.
839 2590 974 2628 WEss.

236 2650 341 2688 708.
371 2648 447 2687 44.
481 2647 555 2693 Εις
576 2650 724 2686 τοῦτον
754 2644 828 2687 τὸν
860 2642 1045 2686 ἐνιαυτὸν
1064 2643 1132 2685 καὶ
1159 2643 1214 2692 εις
1232 2640 1309 2696 τὴν
1335 2666 1382 2673 -
1403 2659 1564 2695 ναυμα-

117 2702 242 2756 χιάν]
273 2703 332 2741 De
353 2704 482 2742 navali
500 2704 550 2741 ad
569 2702 733 2741 Cnidum
755 2704 899 2753 praelio
922 2716 984 2740 res
1001 2703 1117 2740 dubio
1140 2708 1263 2739 caret·
1296 2708 1335 2738 at
1356 2701 1395 2737 id
1413 2713 1564 2768 pugna-

125 2768 208 2798 tum
227 2762 403 2809 sequenti
424 2760 572 2797 demum
592 2772 693 2797 anno
712 2767 791 2809 est‚·
819 2760 951 2797 eodem
969 2771 1060 2810 ergo
1083 2757 1353 2806 Theopompus
1378 2754 1453 2810 τὴν
1478 2759 1562 2797 τῶν

120 2812 365 2869 Ἑλληνικῶν
387 2811 579 2864 σύνταξιν
597 2815 726 2857 desiit.
753 2791 851 2855 Vide
868 2815 917 2855 ad
940 2815 984 2857 L.
1006 2814 1115 2855 XIII.
1136 2815 1213 2856 42.
1244 2813 1380 2853 WEss.
