1828 3253
432 187 493 225 lN
525 186 633 225 LlB.
664 186 709 224 V.
737 185 864 224 CAl’.
902 186 978 226 42.
1005 186 1079 226 43.
1387 186 1480 227 443

34 316 116 355 org.
137 301 186 340 ll.
211 302 313 343 139.
334 300 517 353 templum
542 299 758 351 Triphyllii
775 299 888 338 Iovis
908 305 946 335 et
966 294 1075 349 ἱερὸν
1093 294 1201 343 Διὸς
1223 296 1485 351 Τριφυλαιόυ

34 364 77 399 in
96 359 235 398 Euseb.
265 357 314 396 11.
340 357 474 407 Praep'.
494 355 645 407 Evang.
678 369 710 392 c.
730 357 772 395 2.
810 368 846 404 p.
869 356 944 395 60.
992 354 1196 391 Falluntur
1215 366 1362 403 quoquc
1377 382 1388 402 ,
1417 357 1484 403 qui

37 417 86 455 ad
105 416 350 453 Lactantium
367 413 410 451 L.
431 413 460 450 1.
491 412 582 451 Div.
612 412 738 449 Instit.
769 425 802 448 c.
827 413 897 452 11.
924 424 946 447 a
967 409 1171 459 Triphylia
1203 414 1362 461 regione
1382 414 1485 448 inter

36 472 188 511 Elidem
212 478 250 509 et
269 469 473 508 Messenen
507 469 609 506 lovis
634 468 737 506 hunc
757 469 912 505 titulum
932 467 1120 504 derivant.
1151 466 1285 503 Wnss.

151 528 257 569 365.
287 527 364 566 20.
411 524 497 565 Καὶ
528 521 690 578 δάφνης
719 523 787 563 καὶ
814 522 1018 577 μυρσίνης
1048 520 1292 574 καταγέμει]
1336 521 1488 572 Sequor

39 598 104 622 eos
123 583 256 631 Codd.,
278 585 345 632 qui
365 595 500 620 vocem
521 578 652 633 ἔρνεσι
674 580 882 627 damnant3
914 592 1037 629 neque
1066 581 1169 615 enim
1192 579 1375 616 conmode
1404 592 1489 617 eam

39 642 286 678 coniunxeris
318 637 579 690 κυπαρίττων
611 636 800 684 ἐξαισίων
836 639 923 682 τοῖς
951 632 1142 687 μεγέθεσι
1171 634 1237 674 καὶ
1266 630 1487 674 πλατάνων

37 698 250 734 vocabulis.
280 694 434 744 Alioqui
455 695 562 731 salva
595 707 676 730 esse
696 694 931 731 constructio
953 693 1093 742 poterit
1112 704 1161 728 ex
1189 690 1249 727 his
1273 690 1424 740 Iosephi
1442 690 1487 727 L.

38 752 103 790 lv.
125 752 167 789 B.
189 751 218 789 l.
242 752 283 791 3.
309 753 380 792 10.
405 765 441 801 p.
460 752 567 791 276.
600 749 696 801 πρὶν
716 748 866 789 ἐπιδεῖν
886 745 959 789 τὸν
981 744 1093 788 οἷκον
1114 750 1195 792 ,τοῦ
1216 749 1318 787 θεοῦ
1341 742 1490 787 τοσού-

38 823 125 855 τοις
145 805 259 860 ἄγεσι
287 805 585 860 καταγέμοντα.
611 806 746 845 Wnss.

154 865 259 904 365.
290 865 364 904 27.
405 859 645 915 Συνάγκειαι
668 861 848 915 δένδρων
875 882 923 890 -
946 859 1152 911 συνεχεῖς]
1183 859 1350 907 Locum,
1379 871 1494 907 quem.

38 920 376 968 insederatfltueri
395 927 570 970 potuerat
592 919 794 969 δαψιλεῖς,
820 921 898 956 nisi
920 919 1055 967 scripti
1076 918 1166 954 libri
1184 915 1491 953 intercederent:

41 989 85 1014 eo
105 972 204 1014 nihil
221 978 411 1026 posterius
432 989 536 1022 esse,
566 976 667 1026 quod
686 976 828 1024 recepi,
855 977 1001 1025 συνεχῆ
1027 971 1145 1024 ἔθνη,
1168 970 1340 1024 συνεχὴς
1357 968 1495 1024 χώρα,

42 1037 221 1083 συνεχεῖς
240 1031 397 1085 πέτραι,
419 1038 597 1082 συνεχεῖς
617 1031 781 1086 δρυμοὶ,
805 1034 947 1080 passim
967 1032 1009 1067 in
1019 1029 1191 1067 Diodoro
1213 1030 1340 1076 obvia,
1362 1035 1494 1065 osten-

43 1088 150 1126 dunt.
182 1087 324 1126 Confer
350 1101 452 1136 supr.
474 1088 540 1125 111.
563 1091 636 1129 68.
675 1089 810 1125 lVEss.

155 1146 261 1186 365.
290 1145 366 1184 29.
410 1142 588 1197 Ὀρνέων
609 1159 650 1184 τε
673 1146 839 1196 πλῆθος
866 1142 1038 1182 παντοδ.
1066 1136 1350 1190 νεοσσεύεται]
1390 1138 1495 1190 Lege

42 1213 112 1250 pro
133 1196 413 1249 νεοσσεύεται,
446 1197 759 1240 ε’ννεοσσεύεται.
804 1200 856 1236 Et
885 1202 1014 1236 statim
1045 1194 1227 1251 διάφορα
1252 1204 1290 1233 et
1316 1190 1497 1247 παρεχό-

43 1271 149 1308 μενα
178 1255 374 1307 synthesis
394 1263 453 1293 est
469 1256 746 1306 Gramsmatica:
773 1269 863 1293 nam
883 1256 930 1292 ad
952 1256 1191 1292 intellectum
1210 1254 1379 1290 refertur
1403 1264 1498 1288 con-

44 1315 204 1381 structio
216 1341 255 1405 ‚R
255 1314 320 1350 vel
339 1314 513 1364 enallage
535 1327 692 1351 casuum
712 1312 933 1359 Diodorea,
960 1324 1030 1361 pro
1053 1305 1291 1363 διαφόρων,
1318 1322 1499 1362 παρεχο-

43 1383 191 1420 μενων.
258 1379 356 1406 uon.

154 1426 260 1466 365.
288 1426 362 1465 30.
388 1421 752 1477 Ἔννεοσσεῦεται]
783 1424 882 1462 Vide
904 1437 1007 1474 supr.
1029 1423 1074 1462 L.
1106 1421 1174 1459 111.
1198 1423 1272 1462 68.
1304 1419 1441 1458 Wess.

163 1482 261 1520 [bid.
301 1483 407 1527 Ταῖς
431 1478 580 1534 χρόαις
605 1479 789 1536 διάφορα
814 1502 861 1509 -
884 1475 1175 1530 παρεχόμενα]
1218 1477 1314 1514 Cum
1345 1473 1499 1528 ὀρνέων

47 1536 270 1575 cohaereret
281 1533 496 1590 διαφόρων
517 1546 556 1575 et
571 1536 877 1591 παρεχομένων.
893 1536 972 1574 Sed
985 1536 1138 1574 videtur
1158 1529 1340 1586 διάφορα
1363 1540 1401 1569 et
1419 1547 1505 1570 πα-

48 1590 249 1647 ρεχόμενα
269 1594 428 1641 dixisse,
454 1595 613 1643 perinde
634 1608 678 1632 ac
699 1597 733 1632 si
750 1594 1036 1644 praecessisset,
1059 1604 1138 1629 non
1154 1588 1307 1642 ὀρνέων
1321 1590 1503 1640 πλῆθος,

49 1650 116 1687 sed
137 1648 259 1703 ὄρνεα
278 1651 473 1698 πλεῖστα,
503 1651 605 1700 quod
621 1651 724 1689 idem
746 1652 862 1688 valet.
909 1650 1036 1693 Quare
1053 1647 1155 1685 nihil
1182 1645 1410 1683 mutandum
1437 1644 1504 1682 hic

51 1719 202 1746 censeo.
236 1704 393 1745 STEPH.

165 1763 272 1803 365.
300 1763 374 1802 36-
423 1761 508 1801 Καὶ
539 1759 689 1815 καρύαι
724 1760 876 1802 πολλαὶ
914 1755 1189 1813 ἀκροδρύων]
1235 1756 1390 1794 Comma
1418 1761 1507 1805 post

51 1814 294 1872 ἀκροδρύων
313 1819 465 1855 remitte
479 1819 526 1856 ad
546 1817 710 1858 πολλαί.
731 1817 869 1856 ΒΗοι).
898 1817 983 1856 Καὶ
1004 1811 1153 1867 καρύαι
1169 1813 1333 1860 πολλαὶ,
1359 1810 1505 1865 ἀκροδ-

52 1875 198 1926 δαψιλ.
223 1882 296 1912 etc.
335 1873 661 1923 Distinctionem,
697 1882 742 1911 ut
769 1877 832 1913 vir
852 1873 1098 1910 doctissimus
1120 1870 1315 1916 edixerat,
1342 1870 1506 1906 mutavi.

42 1927 275 1985 Ἀκρόδρυα
306 1926 457 1977 πάντες
487 1929 527 1971 οἱ
558 1934 642 1971 τῶν
673 1929 854 1981 δένδρων
873 1929 1046 1981 καρποὶ,
1075 1933 1231 1964 auctore
1255 1925 1400 1971 Suida,
1432 1938 1508 1975 quo

51 2001 124 2026 usu
144 1987 187 2024 L.
209 1987 258 2024 II.
280 1987 353 2027 59.
378 1986 442 2024 Ill.
470 1989 542 2028 72.
580 1988 678 2024 Vide
698 1986 749 2026 D.
771 1986 904 2024 Petav.
935 1988 977 2023 in
1001 1985 1161 2035 Synesii
1187 1982 1346 2019 Encom.
1367 1980 1508 2019 Calvit.

53 2058 88 2095 Ρ.
114 2045 186 2084 70.
230 2042 326 2081 Mox
356 2049 443 2091 post
467 2043 732 2083 παντοδαπαὶ
755 2043 870 2089 defit,
902 2042 948 2078 ab
980 2054 1024 2079 ea
1044 2053 1140 2078 voce
1169 2040 1414 2087 absorptum,
1448 2035 1508 2085 αἳ,

54 2100 157 2152 quod
178 2099 227 2137 H.
253 2098 472 2149 Stephanus
492 2103 633 2150 optime
658 2099 945 2136 animadvertit.
971 2097 1112 2135 NVESS.

171 2156 276 2197 365.
307 2157 381 2195 39.
422 2155 508 2195 Καὶ
525 2154 814 2202 παντοδαπαὶ,
843 2152 949 2208 πρὸς
967 2150 1080 2205 ὕψος
1099 2150 1202 2202 etc.]
1231 2150 1337 2188 Inter
1357 2163 1510 2190 παντο-

57 2211 187 2252 δαπαὶ
207 2219 245 2250 et
265 2209 369 2265 πρὸς
387 2212 518 2250 insero
538 2212 593 2251 αἵ.
622 2212 778 2249 Sum.

171 2269 278 2309 366-
297 2269 373 2308 46-
406 2263 681 2321 εΥπήρειστο]
708 2268 807 2305 Vide
830 2266 874 2304 L.
895 2265 928 2305 Ῑ.
951 2266 1027 2306 47.
1057 2264 1194 2303 VVESS.

173 2325 281 2365 366.
309 2325 386 2365 48.
426 2324 512 2364 Καὶ
536 2329 623 2371 τοῖς
640 2321 787 2377 βάρεσι
818 2317 1152 2373 θαυμαζόμενα]
1194 2319 1312 2358 Tales
1339 2320 1511 2370 plerique

61 2386 171 2418 erant
189 2382 272 2420 τῶν
293 2381 562 2432 βαρβαρικῶν
592 2383 730 2427 θεῶν,
753 2375 975 2431 ὁλόχρυσοι
1001 2377 1069 2417 καὶ
1089 2379 1255 2431 βαρεῖς,
1284 2389 1378 2426 quos
1396 2377 1514 2413 urba-

60 2438 246 2474 nissimus
272 2449 407 2474 scurra
435 2437 594 2475 Lucian.
623 2439 667 2475 in
695 2436 777 2475 lov.
807 2434 1000 2486 Tragoed.
1031 2447 1065 2472 c.
1087 2437 1129 2475 8.
1161 2433 1397 2485 lepidissime
1426 2445 1514 2482 per-

65 2495 234 2544 stringit.
262 2491 397 2529 Wess.
456 2535 459 2537 ¹

176 2549 283 2588 366.
314 2549 388 2588 53.
417 2549 607 2588 Χαλκεῒα
627 2544 786 2602 μεγάλα
810 2545 966 2599 κεῖται]
1007 2545 1180 2585 Statuas
1203 2559 1254 2583 ex
1273 2557 1370 2581 aere
1392 2545 1516 2581 inter-

65 2618 164 2655 pres.
201 2604 286 2655 Ego
315 2618 409 2642 vasa
426 2605 571 2643 ahenea
592 2607 714 2645 fuisse
739 2605 907 2642 arbitror
937 2615 986 2640 ex
1005 2617 1079 2641 usu
1100 2605 1238 2646 vocis,
1267 2601 1312 2637 de
1341 2612 1415 2649 quo
1434 2611 1517 2636 non

66 2661 281 2707 dubitabis,
307 2661 422 2698 modo
440 2661 698 2701 Δωδωναῖον
716 2662 909 2712 χαλκεῖον
932 2666 970 2697 et
988 2659 1080 2710 quid
1102 2657 1320 2708 Stephanus
1348 2670 1389 2696 v.
1416 2655 1515 2696 Δω-

68 2713 179 2770 δώνη
203 2717 250 2753 de
279 2730 324 2754 eo
346 2719 634 2767 perscripserit,
662 2721 705 2756 in
732 2719 956 2755 memoriam
974 2715 1181 2766 redegeris.
1206 2714 1347 2752 XVEss.

181 2774 289 2813 366.
313 2775 386 2814 68.
417 2770 609 2825 Οὐρανοῦ
630 2772 804 2828 δίφρος]
835 2772 963 2809 Habet
980 2771 1204 2809 Lactantius
1223 2770 1266 2807 L.
1288 2769 1316 2806 1.
1338 2766 1429 2805 Div.
1448 2765 1516 2803 In-

71 2830 150 2868 stit.
183 2842 215 2866 c.
239 2830 310 2871 11.
340 2842 389 2867 ex
417 2829 538 2868 Ennii
557 2828 677 2869 Sacra
706 2829 881 2868 Historia
899 2835 1089 2876 montem,
1115 2829 1184 2879 qui
1213 2830 1386 2865 vocatur
1417 2823 1521 2861 coeli
