1828 3253
455 164 519 205 IN
547 161 658 202 LlB.
689 162 739 200 1.-
760 160 890 200 CAP.
920 162 992 203 57.
1024 163 1096 204 58.
1429 161 1488 202 95

57 279 158 330 apud
187 277 465 330 Theophylact.
491 273 556 316 Vl.
582 275 687 316 Hist.
718 274 872 315 Maurit.
900 276 970 316 11.
998 280 1038 312 et
1064 271 1123 312 lo.
1139 270 1311 313 Tzetzen
1331 272 1492 313 Chiliad.

58 335 126 374 111.
149 335 221 377 84.
245 335 380 373 Wsess

173 394 245 433 68.
267 392 340 433 65
365 388 450 430 Καὶ
473 386 529 429 δι’
555 385 674 443 ἅοετι)
682 404 703 427 ν
723 386 872 442 ἒπιφαι
875 382 1083 438 εστὰτους]
1101 385 1186 424 Hoc
1206 389 1364 437 iulg-ato
1382 399 1491 436 prae—

60 449 144 485 tuli.
199 446 365 486 Nimium
392 453 450 483 cst
477 442 534 484 δι’
569 424 732 497 ἁπάσης
769 447 864 497 γῆς,
905 456 1017 492 quam
1054 446 1272 481 unixeisam
1304 443 1492 481 Sesostris

60 505 129 541 sub
146 505 345 552 imperium
362 509 401 539 et
422 502 603 540 ditionem
624 501 723 538 haud
745 501 903 552 redegit.
929 500 979 537 W
982 510 1062 539 Ess,

170 561 242 600 68.
265 559 336 600 69
361 553 701 624 ιΥπερβέῥήκὲίαι
723 561 814 603 ταῖς
831 553 1016 609 πράξεσι]
1057 554 1165 593 Nihil
1193 557 1368 592 intererit
1395 555 1488 592 hoc-

57 617 143 653 cine
160 616 338 652 malueris
370 627 420 652 an
446 610 673 667 υπεοβεβ)
652 628 745 652 rsa
749 628 802 652 αι
859 611 1072 660 Utrumque
1101 615 1143 649 in
1161 624 1205 648 eo
1226 625 1379 662 genero,
1407 625 1492 649 cum

59 672 107 708 de
135 673 366 719 praestantia
392 673 540 722 agitur,
568 671 760 718 frequens.
819 668 940 707 Solon
961 668 1087 724 σοφίᾳ
1111 666 1177 706 καὶ
1197 667 1359 706 παιὰέια
1387 663 1492 705 πάν-

57 740 134 772 τας
160 740 257 773 τους
283 723 391 766 καθ’
422 723 570 766 ἑαυτὸν
597 721 887 778 υπεοβεβηκιὺς
926 731 985 762 est
1025 727 1066 762 in
1095 723 1275 774 Excelmpt
1302 724 1428 760 vales.
1456 737 1492 772 p.

57 783 176 829 233,
202 789 241 819 et
269 780 462 820 Daedalus
489 778 608 836 φύσει
636 781 680 822 δὲ
707 778 813 821 710711
835 778 931 828 τοὺς
949 778 1099 827 ἄλλους
1119 776 1199 820 πάι
1202 795 1277 827 τας
1294 775 1493 834 vneossal-

56 853 139 879 νων
158 838 221 876 IV.
247 841 318 879 78.
371 837 432 876 De
449 841 570 876 altero
591 838 679 875 XV.
702 841 773 879 88.
798 838 930 876 WEss.

170 897 243 936 68.
266 897 338 935 72.
384 895 493 949 Τρία
511 892 616 949 πρὸς
634 899 721 941 τοῖς
740 890 960 947 τριάκοντα
980 894 1067 944 etc.]
1097 893 1267 931 African.
1294 899 1332 929 et
1350 891 1489 931 Euscb.

57 950 230 989 Sesostri
245 964 295 989 ex
322 950 553 989 Manethone
581 963 702 988 annos
721 961 853 987 XLan
874 950 1052 988 tribuunt
1081 952 1124 987 in
1146 949 1330 1000 Syncello
1353 963 1388 1000 p.
1421 949 1492 988 59.

59 1009 151 1055 60.,
183 989 321 1056 quibus'
348 1021 396 1046 ne
422 1010 534 1057 plane
562 1007 745 1045 adversus
776 1011 828 1044 sit
854 1006 1070 1053 Diodorus,
1102 1005 1170 1044 hos
1211 1016 1351 1042 xxxln
1381 1007 1494 1056 regni

57 1076 180 1101 annos
199 1077 222 1100 a
249 1064 375 1102 reditu
397 1077 446 1101 ex
465 1065 635 1102 Asiatica
664 1064 929 1112 expeditione,
956 1065 1029 1100 etsi
1048 1062 1136 1100 huic
1156 1065 1327 1112 opinioni
1345 1064 1494 1099 nullum

58 1119 132 1157 hoc
161 1119 313 1170 quidem
342 1123 426 1158 loco
456 1124 507 1158 sit
535 1121 845 1168 fundamentum,
877 1119 931 1159 Io.
963 1118 1165 1157 Marsham.
1196 1118 1288 1158 Can.
1313 1116 1493 1155 Chronol.

56 1188 93 1226 p.
112 1177 218 1217 403.
241 1184 430 1226 conputat.
455 1177 505 1244 SV
508 1187 587 1214 Ess.

169 1234 242 1272 68.
267 1235 339 1275 82.
377 1228 426 1272 Ὀ
451 1248 499 1284 μ
486 1232 527 1272 -“ν
554 1229 762 1286 ἀοχιεοεὺς
790 1230 976 1280 ἀπεῖπε]
1016 1231 1192 1270 Blandni
1225 1238 1353 1282 posset
1392 1230 1492 1268 Cois.

58 1294 97 1325 et
126 1286 264 1326 Mutin.
295 1285 443 1339 ἲεοευς,
481 1289 582 1338 quod
609 1288 1016 1335 Herodot.11.110.,
1046 1289 1234 1326 sacerdoti
1253 1289 1284 1324 Υ
1288 1290 1415 1325 ulcani
1434 1289 1491 1325 τῶ

58 1341 141 1396 ἶρέὶ
154 1347 228 1384 τοῦ
247 1339 330 1398 ζΗᾳ
337 1344 479 1385 αι’στου
508 1345 600 1382 haec
628 1345 843 1393 adsmibat,
883 1348 960 1382 nisi
980 1345 1093 1383 huius
1112 1347 1187 1382 loci
1214 1346 1290 1383 alia
1311 1350 1411 1380 esset
1433 1356 1495 1380 ra-

55 1402 133 1447 tio,
167 1403 310 1437 mentio
342 1401 600 1449 sacerdotum,
644 1414 707 1450 qu
696 1416 739 1439 te
766 1402 944 1451 deinceps
971 1402 1038 1449 fit,
1074 1401 1175 1439 hunc
1206 1403 1376 1470 principe
1409 1401 1492 1435 loco

54 1456 175 1494 fuisse
202 1457 405 1508 significat.
459 1460 615 1507 Alioqui
644 1460 815 1496 insolens
843 1471 922 1496 non
951 1465 1029 1505 est,
1060 1465 1103 1495 ut
1124 1472 1251 1510 ιερευς
1270 1458 1494 1505 simpliciter

56 1512 228 1560 dicatur,
265 1516 332 1562 qui
359 1515 522 1566 collegio
549 1515 787 1552 sacerdotum
826 1521 884 1551 est
910 1517 1170 1564 praepositus,
1221 1514 1334 1551 sicuti
1365 1525 1494 1549 exem-

55 1569 131 1618 plis
165 1568 334 1607 firmavit
358 1569 499 1609 Ezech.
520 1570 725 1620 Spanhem.
757 1570 862 1610 Diss.
883 1569 973 1609 XII.
1005 1571 1051 1608 de
1078 1570 1163 1608 Usu
1192 1576 1230 1607 et
1257 1571 1322 1610 Pr.
1344 1568 1493 1607 Numis.

55 1637 92 1675 p.
114 1625 221 1665 423.
240 1625 374 1664 ἶΥΕεε.

169 1683 241 1722 68.
264 1683 334 1723 85.
373 1679 461 1734 Οὐχ
493 1679 625 1730 ου’-τως
655 1679 952 1750 ηγανάκτησεν]
988 1682 1064 1721 Pro
1095 1679 1171 1734 οὐχ
1201 1696 1332 1729 ουτως
1349 1693 1492 1732 repono

57 1733 133 1787 οὐχ
154 1733 287 1787 ὅπως,
320 1745 364 1775 ut
391 1742 442 1776 sit
471 1737 546 1790 οὐχ
580 1736 692 1786 ὅπως
720 1736 1025 1791 ἤῃανάκτησεν,
1052 1752 1131 1777 non
1151 1741 1274 1777 solum
1292 1752 1371 1776 non
1388 1738 1492 1776 indi-

55 1799 196 1843 gnatus
216 1800 299 1842 est,
331 1795 397 1832 sed
425 1798 536 1833 etiam
559 1803 691 1833 contra
723 1802 795 1832 etc.
816 1797 898 1843 vel,
927 1802 1074 1833 tantum
1092 1797 1217 1842 abest,
1250 1802 1293 1832 ut
1309 1795 1495 1852 indigna-

47 1855 120 1902 'tus
149 1852 221 1898 sit,
252 1857 296 1887 ut
322 1857 456 1889 contra
483 1858 554 1889 etc.
613 1851 679 1889 Sic
708 1853 802 1889 alibi
830 1858 914 1900 post
943 1849 1016 1902 οὐχ
1047 1848 1168 1899 ὅσον,
1198 1854 1279 1889 sive
1311 1848 1386 1901 οἰχ
1406 1853 1493 1889 οιον

56 1902 166 1958 (nam
197 1906 337 1954 duplex
366 1914 426 1945 est
457 1904 592 1960 lectio)
619 1909 817 1959 subiungit
845 1905 950 1946 ἀὶλὰ
980 1907 1046 1946 καὶ
1081 1905 1320 1947 τοῦιαντίον
1350 1921 1384 1957 p.
1418 1907 1490 1945 59.

55 1962 182 2001 initio·
228 1962 281 1999 At
305 1977 341 2014 p·
376 1966 450 2004 23.
481 1967 521 2002 in
551 1964 627 2001 fine
659 1977 724 2013 pos
716 1972 744 2001 t
775 1962 850 2015 οἰχ
881 1960 992 2010 ὅπως
1019 1965 1217 2015 subiungit
1248 1960 1342 2001 ἀλλ’
1385 1959 1492 2002 οῑὸέ

57 2015 253 2056 Caeterum
273 2019 404 2068 quod·
393 2034 435 2058 m
462 2019 533 2058 hac
556 2021 687 2058 eadem
708 2022 811 2058 linea
831 2020 991 2057 habetur
1012 2020 1074 2073 (in
1095 2034 1172 2058 uno
1192 2019 1341 2057 tantum
1363 2019 1494 2056 codiee

54 2071 275 2126 inventum)
310 2075 378 2115 καὶ
409 2074 679 2131 εὐᾳοανθεὶς,
714 2091 782 2127 per
809 2079 976 2125 ineptam
1017 2078 1305 2127 periss010‹riam
1342 2074 1495 2113 videtur

55 2131 176 2168 fuisse
193 2131 382 2180 additum,
411 2146 482 2170 nec
512 2133 643 2171 dubito
674 2136 766 2184 quin
803 2135 967 2184 primum
986 2145 1056 2182 pro
1083 2135 1223 2185 glosse·
1224 2139 1311 2169 nate
1327 2133 1495 2181 positum

57 2187 98 2223 id
121 2187 258 2235 fuerit,
297 2195 362 2226 aut
388 2191 431 2226 in
456 2192 629 2241 margine
660 2197 726 2227 aut
755 2192 855 2226 inter
878 2191 1020 2237 lineas,
1055 2189 1220 2227 deinde*
1210 2202 1252 2227 m
1273 2193 1496 2225 contextum

55 2244 265 2293 irrepserit.
323 2243 424 2282 Sunt
445 2260 537 2284 vero
539 2220 595 2284 Oet
612 2248 687 2284 alia
704 2246 766 2283 hic
786 2245 918 2283 eodem
937 2259 986 2283 ex
1006 2246 1135 2283 codice
1156 2252 1315 2295 sumpta,
1342 2244 1388 2281 de
1411 2246 1496 2294 qui-

55 2298 129 2335 bus
156 2299 258 2345 idem
289 2303 400 2350 plane
425 2304 608 2352 suspicor.
639 2301 793 2340 STEPH.
851 2303 926 2346 Qui
954 2303 1198 2339 mediocriter
1226 2301 1394 2338 Graecae
1418 2302 1494 2337 liu-

58 2367 156 2405 guae
183 2356 403 2407 intelligens
433 2366 508 2405 est,
540 2356 652 2405 ὅπως
679 2373 734 2396 em
731 2358 922 2395 ibendum
954 2372 1060 2406 esse,
1095 2360 1218 2408 primo
1247 2359 1390 2394 intuitu
1411 2357 1496 2393 ani-

59 2411 275 2449 madvertit.
330 2413 558 2452 Assumenta
587 2418 700 2452 etiam
725 2428 818 2464 quae
849 2422 1079 2463 sequuntur,
1126 2414 1193 2453 καὶ
1233 2411 1495 2467 εὖᾳοαιθεις,

61 2465 130 2505 καὶ
158 2465 425 2536 ἔναπομείιῃ,
455 2473 547 2520 quin
575 2483 750 2519 prorsum
775 2471 1028 2508 rescindenda
1055 2473 1158 2517 sint,
1204 2473 1288 2520 quis
1322 2467 1494 2506 dubitet?

61 2520 196 2560 RHOD.
247 2521 375 2575 OvA‘'
355 2541 466 2573 οπως
485 2523 785 2594 ἧγανάκτησει]
813 2526 970 2569 Praeter
983 2527 1114 2603 Steph.
1136 2534 1174 2563 et
1194 2525 1380 2563 Rhodom.
1399 2523 1496 2561 Sca-

59 2579 160 2629 liger
183 2585 221 2615 et
246 2578 297 2618 Is.
319 2581 479 2620 Vossius
497 2583 546 2619 ad
566 2597 671 2621 oram
689 2586 847 2634 quisque
865 2584 955 2620 libri
976 2597 1004 2620 s
998 2586 1035 2620 li
1056 2583 1126 2620 hoc
1149 2583 1379 2631 probarunt,
1412 2583 1496 2630 qui-

60 2634 132 2671 bus
162 2633 263 2672 haud
290 2640 471 2676 assentiri
489 2640 598 2677 nefas
626 2639 697 2677 hac
715 2639 897 2689 quidem
888 2652 928 2676 ιιι
947 2653 989 2676 re
1009 2646 1077 2676 est.
1134 2638 1242 2677 Com
1245 2640 1326 2674 enit
1344 2639 1496 2688 egregie

60 2689 134 2728 hoc
153 2689 346 2739 Musonii,
376 2693 568 2763 Socrates,
594 2696 818 2745 inquientiS,
842 2692 917 2745 oiA
935 2691 1048 2741 ὅπως
1067 2690 1362 2748 ἥγαιάκῖησεν,
1391 2689 1495 2731 ἀῃὰ

61 2745 130 2784 καὶ
160 2744 337 2797 ἐντυχίαν
364 2746 479 2799 ἠξίου
509 2749 558 2790 αἰ
565 2749 636 2792 τὸν
665 2755 706 2790 in
735 2751 891 2789 Stohaei
919 2749 1094 2788 Sermon.
1123 2750 1233 2789 XIV.
1266 2751 1430 2798 p.170.
1456 2754 1495 2784 ct

61 2801 197 2841 Nostri
214 2803 261 2841 de
281 2805 436 2855 regibus
462 2805 569 2858 Aeg>
573 2811 651 2859 pti,
684 2823 759 2859 ουχ
791 2803 902 2853 ὅπως
928 2803 1184 2859 ⁷}yavdztoev
1202 2803 1251 2846 ἀλ
1255 2802 1307 2844 λὰ
1325 2802 1495 2845 worm
