1828 3253
305 146 363 185 76
764 139 1279 180 ANNOTA'rloNES

418 256 489 296 54-
514 255 584 295 14.
615 255 830 308 Πολυτελῆ
859 254 977 306 βίον]
1024 255 1112 294 Non
1142 256 1360 307 displiceret
1392 253 1650 296 πολυτέλειαν
1679 255 1734 304 εἷς

303 311 420 363 βίον,
448 315 481 350 si
510 325 578 361 pro
606 308 906 364 εἰσηγήσασθαι
936 310 1225 364 εἴσαγαγεῗσθαι
1252 315 1432 362 scriptum
1459 313 1570 350 foret.
1598 311 1732 350 Rflon.

303 369 413 406 Nihil
431 375 548 405 muto.
605 367 799 406 Sollcmne
821 367 891 405 hoc
912 369 1079 416 Nostro,
1102 376 1143 406 ut
1163 369 1208 406 V.
1231 370 1301 409 55.
1324 371 1396 409 66.
1417 370 1488 408 73.
1508 376 1578 406 etc.
1614 369 1732 406 Athe-

303 437 399 462 naco
429 425 681 462 Athenienses
710 439 838 462 rerum
865 429 1091 475 optimarum
1119 428 1233 475 primi
1259 432 1431 463 auctores
1460 421 1624 464 πάντων
1652 427 1735 464 τῶν

303 481 533 522 καλλίστων
553 481 759 533 εἰσηγηταὶ
781 483 837 536 τῷ
859 485 942 521 τῶν
961 478 1196 533 ἀνθρώπων
1215 481 1293 535 βίῳ
1312 482 1355 519 L.
1373 481 1460 519 XV.
1486 483 1555 521 13.
1573 494 1608 530 p.
1631 479 1737 522 691.

301 537 355 575 Et
382 537 507 575 Moses
541 540 582 575 in
610 537 780 575 Homilia
811 539 996 587 quadam,
1026 550 1121 587 quae
1149 538 1202 576 Io.
1240 537 1513 588 Chrysostomo
1542 551 1738 588 perperam

300 595 485 632 tribuitur
504 593 550 631 T.
571 594 620 632 H.
644 609 677 644 p.
700 596 802 634 793.
823 595 868 632 A.
894 590 915 635 ὃ
947 597 1110 649 πρῶτος
1138 592 1352 648 εἰσηγητὴς
1384 596 1466 634 τῶν
1500 590 1737 649 συμφερόν-

302 666 386 691 των
406 653 463 706 τῷ
486 651 578 704 βίῳ.
610 651 743 688 WEss.

417 709 488 748 54.
526 709 596 748 16.
630 706 911 761 Τνέφαχθον]
944 707 1033 745 Νοῐι
1064 708 1240 757 displicet
1275 707 1534 761 Γνεφαχθῶ,
1568 709 1660 744 licet
1689 718 1738 744 on

301 766 610 803 terminationem
636 767 874 802 retinuerim.
928 764 1071 816 Regem
1098 778 1190 803 vero
1220 763 1344 811 hunc,
1376 771 1419 801 ut
1447 770 1485 800 et
1506 765 1603 800 alios
1625 775 1740 811 quos-

303 821 412 868 dam,
439 821 658 858 Herodotus
692 824 838 868 omisit3
872 824 938 870 qui
966 828 1099 859 contra
1128 823 1335 858 nonnullos
1365 819 1498 867 habet,
1524 834 1547 857 a
1566 819 1740 856 Diodoro

302 876 404 914 haud
427 880 655 914 nominatos.
686 876 820 914 Rnon.
861 877 907 914 In
927 881 1028 929 regis
1049 878 1160 915 huius
1182 880 1335 914 nomine
1355 890 1494 928 magna
1514 884 1571 913 est
1594 876 1740 913 discor-

301 933 377 973 dia.
411 932 617 972 Plutarcho
639 933 686 970 T.
708 934 755 971 H.
775 947 812 982 p.
834 935 939 974 354.
974 932 1192 984 Τέχνατις,
1221 933 1416 970 Athenaeo
1435 933 1487 971 X.
1511 934 1553 972 4.
1577 946 1612 981 p.
1634 933 1740 976 418.

299 989 342 1028 F.
373 987 600 1041 Νεόχαβις,
630 989 692 1027 hic
714 992 950 1043 Γνεφαχθῶ
971 998 1038 1028 aut
1069 989 1329 1044 Ί’ῑἐἰ[ιαχθος.
1358 1002 1518 1038 quorum
1550 990 1741 1037 quodnam

301 1050 431 1086 verius
455 1050 526 1094 sit,
553 1049 638 1094 quis
660 1046 892 1096 praestabit?
917 1046 975 1084 De
996 1046 1231 1083 Bocchoride
1252 1047 1354 1083 infra
1374 1059 1405 1082 c.
1427 1048 1499 1086 94.
1527 1046 1660 1082 VVESS.

416 1104 487 1144 54.
513 1105 582 1144 17.
614 1104 711 1143 Τῶν
729 1102 966 1156 ἐπιτηδείων
986 1100 1278 1154 ἐκλειπόντων]
1308 1101 1466 1140 Rectius
1495 1097 1741 1142 ἐκλιπόντων

300 1164 503 1212 legeretur.
531 1159 685 1197 STEPH.
1700 1164 1704 1167 “

416 1218 487 1257 54.
508 1218 582 1257 25.
625 1214 714 1269 Τὴν
744 1211 928 1269 κατάραν
965 1211 1230 1269 ἀναγράψαι]
1264 1215 1475 1266 Eleganter
1513 1214 1741 1251 Plutarchus

304 1274 350 1312 T.
373 1274 421 1312 Il.
442 1288 477 1324 p.
507 1274 611 1313 354.
643 1272 685 1310 Β.
725 1274 983 1325 στηλιτεῦσαι
1026 1271 1101 1324 τὴν
1132 1268 1317 1325 κατάραν
1357 1273 1560 1309 columnae
1597 1272 1742 1308 inscri-

294 1333 427 1384 psisse
449 1333 784 1382 imprecationem:
813 1343 887 1379 qua
908 1337 998 1367 nota
1019 1343 1105 1366 eum
1132 1331 1254 1366 malos
1275 1331 1378 1367 cives
1400 1332 1620 1374 inurerent,
1648 1326 1739 1363 hinc

302 1387 549 1425 Demosthen.
578 1386 716 1437 Philip.
736 1386 802 1423 ΙΙΙ.
822 1399 856 1436 p.
883 1388 952 1426 70.
982 1382 1174 1434 ἐκόλαζον
1195 1382 1237 1423 (5³
1267 1382 1375 1425 οὕτω
1397 1384 1462 1424 καὶ
1492 1383 1743 1436 ε”τᾳιωροῦν-

300 1459 362 1494 το,
391 1441 462 1490 οὓς
485 1441 534 1482 ἂν
555 1441 769 1483 αἴσθοιντο
792 1442 1142 1496 δωροδοκοῦντας,
1171 1438 1273 1481 ὥστε
1295 1441 1360 1480 καὶ
1386 1440 1579 1493 στηλίτας
1602 1444 1743 1479 ποιεῖν.

303 1501 415 1545 Quod
443 1501 685 1538 disertissimi
713 1502 897 1547 oratoris,
926 1506 971 1536 ut
999 1500 1140 1546 multa,
1167 1501 1342 1536 imitatur
1367 1496 1551 1535 Libanius
1582 1496 1628 1535 T.
1652 1496 1680 1534 I.
1702 1509 1740 1546 p.

303 1559 411 1598 453.
430 1556 473 1594 Β.
495 1564 533 1594 et
553 1556 599 1593 T.
619 1557 666 1595 11.
688 1570 723 1606 p.
747 1557 850 1597 164.
886 1556 1020 1594 WEss.

419 1615 490 1654 54.
513 1615 585 1654 31.
625 1613 710 1653 Καὶ
739 1610 1042 1665 τετρακοσίων]
1081 1608 1125 1649 Si
1157 1610 1329 1648 scholion
1359 1613 1399 1648 in
1416 1613 1589 1662 margine
1608 1622 1743 1647 verum

303 1677 383 1718 est,
408 1671 564 1721 regibus
586 1672 748 1721 singulis
769 1672 830 1709 20
850 1677 999 1707 tantum
1019 1671 1110 1705 anni
1131 1670 1298 1716 praecise
1319 1669 1552 1704 tribuuntur.
1581 1665 1716 1702 Ruon.

376 1733 379 1737 '
418 1728 490 1767 54.
524 1728 596 1766 33·
638 1725 915 1778 Βουσίριδος]
958 1725 1016 1762 De
1053 1738 1145 1775 rege
1193 1724 1369 1761 Busiride
1410 1726 1558 1761 incerta
1604 1723 1743 1759 omnia.

302 1782 443 1820 Strabo
461 1783 586 1820 XVII.
607 1796 641 1832 p.
671 1783 803 1823 1154.
823 1782 867 1821 Β.
897 1782 968 1819 hoc
991 1784 1145 1819 nomine
1172 1794 1301 1832 regem
1331 1781 1505 1831 Aegypto
1537 1782 1743 1828 imperasse

302 1847 441 1891 negat3
470 1853 593 1889 neque
614 1840 793 1876 dissentit
809 1838 967 1876 Diodor.
988 1853 1020 1876 c.
1044 1841 1115 1879 88.
1144 1837 1196 1874 Et
1215 1839 1307 1874 talia
1325 1839 1496 1887 profecto
1519 1843 1620 1882 sunt‚
1647 1846 1741 1883 quae

303 1896 350 1932 de
378 1910 422 1933 eo
453 1896 678 1944 traduntur,
707 1903 751 1933 ut
781 1902 928 1934 certum
952 1898 995 1934 in
1025 1895 1198 1933 ordinem
1226 1907 1274 1931 ne
1304 1896 1390 1945 cogi
1411 1893 1563 1944 quidem
1582 1894 1745 1941 possint.

302 1952 400 1991 Vide
428 1965 509 2001 sup.
532 1966 563 1989 c.
590 1955 658 1993 17.
690 1953 824 1990 WESS.

417 2010 488 2049 54.
508 2010 581 2049 35.
616 2007 721 2056 Διὸς
750 2006 870 2049 πόλιν
897 2005 974 2061 τὴν
1007 2002 1213 2060 μεγάλην]
1257 2005 1431 2044 Titulum
1462 2005 1563 2043 haud
1601 2006 1744 2041 iniuria

303 2065 429 2113 addit3
471 2072 554 2103 erat
582 2069 685 2104 enim
714 2067 846 2104 eadem
871 2067 913 2103 in
942 2064 1137 2102 Thebaide
1167 2076 1284 2112 prope
1326 2063 1504 2113 Abydum
1541 2061 1745 2112 Diospolis

297 2135 432 2174 parva
467 2121 653 2161 Straboni
679 2123 806 2161 XVII.
827 2136 863 2172 p.
890 2123 1024 2164 1169.
1043 2121 1088 2159 A.
1118 2126 1339 2158 memorata.
1396 2119 1455 2157 De
1475 2131 1614 2170 magna
1643 2117 1744 2154 conf.

304 2191 337 2215 e.
365 2179 435 2219 15.
461 2178 596 2216 WEss.

421 2235 491 2274 54.
513 2237 586 2275 37.
615 2233 804 2275 Σταόίων
834 2231 980 2275 ἑκατὸν
1012 2234 1079 2274 καὶ
1108 2228 1442 2286 τεσσαράκοντα]
1472 2230 1744 2268 Nobilissimae

303 2290 410 2327 urbis
440 2292 726 2341 amplitudinem
754 2305 832 2329 non
860 2293 991 2329 eodem
1021 2304 1151 2328 onmes
1178 2290 1291 2327 modo
1313 2289 1547 2325 describunt.
1605 2285 1744 2323 Strabo

305 2348 587 2397 longitudinem
607 2351 687 2385 eius
705 2351 746 2385 in
764 2349 887 2386 stadia
915 2359 1031 2385 Lxxx
1062 2348 1235 2384 extendit
1260 2344 1385 2383 XVII.
1405 2356 1439 2392 p.
1468 2345 1601 2384 1170.
1632 2355 1744 2391 quam

305 2402 400 2439 Cato
428 2406 471 2440 in
498 2403 799 2455 Ethnioographi
827 2403 932 2451 Διὸς
961 2401 1078 2451 πόλις
1107 2404 1317 2440 stadiorum
1340 2403 1434 2439 facit
1463 2410 1578 2445 cccc,
1608 2405 1646 2434 et
1664 2398 1744 2435 Eu-

305 2458 418 2496 stath.
450 2460 589 2496 additis
619 2471 680 2497 xx
712 2469 826 2513 auget
853 2462 901 2499 ad
922 2461 1102 2510 Dionysii
1122 2460 1313 2509 Perieges.
1331 2459 1437 2498 248.
1458 2469 1551 2505 quae
1572 2456 1743 2503 Pr⁰fect⁰

304 2528 397 2552 vero
423 2528 555 2564 parum
585 2519 736 2554 similia.
794 2517 856 2555 Tu
885 2518 974 2555 vide
1013 2517 1053 2554 S.
1083 2516 1265 2553 Bocharti
1306 2514 1372 2553 lv.
1414 2512 1569 2564 Phaleg.
1608 2525 1640 2548 c.
1668 2512 1743 2550 27.

305 2571 439 2608 WEss.

421 2627 492 2666 55.
511 2628 585 2667 43.
623 2628 728 2682 Περὶ
781 2626 910 2680 αὐτὴν
956 2627 1171 2683 εὐπορίας]
1211 2627 1336 2665 Erunt
1381 2626 1566 2670 fortasse,
1607 2623 1742 2671 quibus

303 2677 510 2736 ὑπερβολὴ
530 2685 605 2734 τῆς
625 2682 822 2738 ἐμπορίας
842 2686 889 2722 ob
911 2700 977 2733 ea,
1008 2698 1103 2734 quae
1129 2690 1363 2733 sequuntur,
1395 2680 1636 2730 probabit11r3
1677 2679 1744 2735 qui

304 2751 363 2775 me
395 2739 666 2788 adstipulatore
693 2754 772 2779 non
801 2748 978 2779 utentur:
1020 2754 1142 2790 neque
1172 2742 1273 2777 euim
1301 2745 1534 2775 mercaturae
1554 2737 1660 2771 locus
1680 2733 1743 2769 hic

305 2795 542 2842 conunodus3
571 2796 672 2844 quod
695 2799 909 2848 peregrinis
931 2805 1019 2834 ante
1040 2797 1197 2835 Homeri
1230 2801 1393 2833 aetatem
1426 2793 1592 2843 Aegypti
1618 2789 1743 2826 aditus
