1828 3253
466 169 529 208 IN
558 169 588 208 L
609 169 678 209 113.
708 169 835 211 xlv,
869 169 993 212 CAP.
1029 173 1101 212 72.
1129 193 1175 200 -—-
1203 174 1274 213 77.
1503 178 1592 215 775

143 285 319 327 οοοίεοες
338 296 463 334 neque
483 295 561 330 eos,
592 285 662 334 qun·
682 285 838 321 reversi
854 290 957 330 sunt,
977 297 1001 321 a
1023 297 1064 322 se
1074 283 1251 333 fugatos
1261 288 1422 336 possint
1438 287 1582 324 dicere.

142 339 354 385 Praedam,
378 353 495 390 quam
515 340 667 376 relictis
686 353 711 376 a
732 352 773 377 se
800 342 947 377 castris
970 340 1218 386 abstulerint,
1243 355 1317 378 uon
1347 355 1428 379 esse
1449 344 1581 390 talem,

140 409 257 446 quam
276 396 385 432 velut
400 397 564 446 spolium
585 397 685 432 victi
714 395 838 433 hostis
860 403 1078 442 ostentent5
1110 398 1181 434 sed
1205 411 1319 447 quam
1334 401 1583 448 possessione

139 465 293 497 vacua,
309 451 505 498 fortuitis
524 453 764 490 dominorum
784 453 993 498 mortibus,
1023 454 1144 489 sicuti
1163 455 1314 490 caduca
1334 457 1579 504 occuparint.

140 507 255 554 Quod
272 509 328 546 ad
346 507 681 559 hostespertiness
706 510 878 545 victores
899 522 938 545 se
960 509 1191 554 recessissem
1222 511 1326 559 quod
1344 512 1399 547 ad
1413 518 1579 561 pestem,

136 566 287 614 vict085
316 563 417 612 apud
438 563 624 601 Iustinum
652 562 694 600 L.
713 563 827 601 XIX.
850 566 894 603 2.
934 563 1039 602 Satis
1072 567 1202 613 utique
1231 567 1420 616 gloriose,
1454 579 1575 616 neque

138 632 185 657 ex
209 632 314 658 vero.
339 619 476 656 Wnss.

248 676 354 715 700.
385 676 461 714 22.
485 670 730 727 Ἐπλήρωσε
752 697 800 703 -
823 671 1000 728 τριήρεις
1019 678 1102 715 τῶν
1121 675 1369 728 πολιτικῶν]
1404 676 1577 727 Scripto-

132 743 218 769 rum
239 730 358 768 Codd.
377 730 582 767 concordia
601 730 672 768 hoe
690 732 918 781 requirebat.
952 730 1061 778 Ίούς
1080 731 1394 783 Καρχηδονίους
1419 734 1576 772 nohu-

131 784 229 833 κοὺς
251 786 352 823 dixit
371 786 507 833 modo,
530 787 624 824 alibi
646 785 854 833 πολιτικὰς
875 784 1086 838 δυνάιιεις,
1117 785 1349 833 πολιτικοὺς
1372 785 1575 840 στρατιώ-

129 856 228 889 τας,
255 839 489 888 πολιτικους
505 839 757 894 κυβερνητας
777 850 850 880 etc.
890 843 982 881 Mox
1002 848 1034 881 si
1052 841 1098 883 τὸ
1120 841 1297 883 λοιπὸν’
1283 840 1394 882 α’παν
1425 858 1568 896 στρατ.

129 901 336 945 malueris,
362 911 440 935 non
466 899 711 936 intercedam.
742 899 876 936 Wess.

245 926 351 994 700.
382 955 457 994 42.
487 951 561 993 Ἐν
577 959 669 1001 ταῖς
693 951 806 1002 boote,-
827 954 893 993 καὶ
915 959 1007 1001 ταῖς
1030 976 1077 982 ——
1101 952 1395 1005 ἐμπίπτοντες]
1429 954 1572 1004 Super-

128 1023 299 1048 vacanea
318 1017 377 1047 est
405 1012 564 1059 copula,
600 1018 714 1061 atque
737 1012 784 1049 ab
805 1013 971 1060 inperito
999 1012 1158 1049 librario
1180 1011 1340 1049 adiecta.
1382 1010 1572 1049 Tollenda

129 1079 234 1118 ergo.
265 1066 402 1104 W'Ess.

243 1124 350 1164 700.
369 1124 445 1163 46.
471 1119 837 1174 Ἔπεκηρυκεῦοντο
860 1122 951 1174 περὶ
971 1121 1226 1173 συμμαχίας]
1255 1121 1414 1159 Monent
1433 1122 1572 1160 Gram-

127 1181 259 1217 matici
292 1174 694 1230 ἐπικηρυκεύσασθαι
717 1181 898 1217 civitates
915 1179 1130 1227 perhiberi,
1168 1192 1253 1215 cum
1273 1179 1422 1227 publice
1444 1174 1570 1229 κήρυ-

128 1248 204 1281 κας
223 1242 262 1272 et
281 1237 429 1286 legatos
446 1237 607 1272 mittunt
625 1236 673 1272 ad
697 1239 918 1272 societatem
936 1242 1002 1272 aut
1019 1236 1228 1272 amicitiam
1248 1235 1477 1271 sociandam.
1522 1234 1568 1271 ld

127 1293 308 1329 conmuni
327 1291 546 1337 iberorum,
572 1294 638 1340 qui
666 1292 735 1328 sub
757 1290 1139 1356 Carthaginiensibus
1169 1291 1360 1338 stipendia
1383 1292 1569 1337 fecerant,

126 1349 308 1397 congruit
327 1345 556 1385 bene.1mo
576 1349 608 1383 si
638 1350 810 1395 privatos
828 1361 892 1384 eos
919 1349 1136 1392 censueris,
1162 1354 1265 1383 recte
1288 1346 1500 1383 dicentur‘
1483 1361 1569 1384 επι-

127 1398 480 1454 κηρυκεύσασθαι.
501 1402 586 1439 Vin!
607 1401 664 1438 Cl.
684 1401 833 1441 Duker.·
855 1405 896 1439 in
918 1402 1135 1451 Thucydid.
1158 1402 1201 1441 L.
1214 1401 1298 1440 Vll.
1321 1403 1394 1441 48.
1417 1402 1568 1438 ethaeo

124 1457 396 1495 Demosthenis
423 1457 586 1507 Except.
618 1459 706 1496 adv
735 1458 958 1496 Zenothem.
989 1470 1026 1507 p.
1053 1459 1159 1497 532
1190 1453 1248 1504 ὥς
1273 1455 1351 1509 γὰρ
1376 1479 1423 1485 -—
1447 1455 1567 1497 οὐδέν

124 1510 265 1564 ἑώρων
296 1513 453 1553 δίκαιον
489 1512 634 1560 αυτοῖς
662 1512 775 1562 ἐνὸν,
813 1511 1168 1564 ἐπικι]ρυκεί·’()ιται
1198 1515 1256 1552 τῶ
1290 1509 1456 1567 Πρώτη)
1499 1513 1569 1552 καὶ

124 1571 316 1609 πείθουσι
345 1567 418 1609 τὸν
445 1566 683 1620 ἄνθρωπον.
712 1570 974 1608 internuntios
991 1572 1106 1616 enim,
1134 1581 1295 1619 quorum
1316 1582 1429 1617 opera
1450 1570 1567 1606 Proto

123 1626 351 1674 persuadere
369 1627 566 1677 litigantes
587 1627 797 1673 volebant2
816 1628 1025 1663 clarissime
1045 1626 1235 1675 designat.
1261 1623 1489 1673 Corruptum
1510 1631 1569 1661 est

124 1684 166 1719 in
195 1681 363 1719 Aristide
395 1680 443 1719 Τ.
472 1681 538 1718 ΙΙΙ.
569 1695 606 1731 p.
629 1683 753 1728 355„
768 1683 905 1719 melius
929 1683 1064 1731 scripti
1090 1682 1181 1719 libri
1215 1676 1457 1732 ΖΙῖΙαρὸόνιος
1489 1679 1566 1731 μὲν

121 1733 225 1791 υπὲρ
247 1736 486 1787 βασιλέως
468 1734 781 1789 ἐπεκηρυκεύετο
802 1743 887 1783 τοῖς
901 1735 1151 1787 'Atffrzmssmg
1181 1737 1323 1777 VVEss

238 1795 344 1834 700
366 1794 439 1833 53
480 1793 649 1843 Ταχέως
674 1792 921 1845 ἕξελεῃχουσι
953 1791 1027 1844 τὴν
1057 1793 1167 1831 ἶὸιάν
1195 1790 1451 1844 ἀσθένειαν]
1478 1791 1565 1828 Hoc

123 1863 215 1888 sane
235 1857 451 1889 venustum.
481 1849 540 1886 De
564 1850 736 1886 dictione
750 1850 966 1887 videbimus
986 1849 1034 1886 ad
1055 1848 1098 1886 L.
1116 1848 1213 1886 XX
1235 1850 1306 1888 80.
1344 1848 1420 1884 wi:
1424 1858 1476 1883 ss.

239 1907 345 1946 701
368 1908 441 1947 72.
470 1899 764 1956 Περιβοητον
737 1920 822 1972 εχῃ
837 1902 910 1944 τὸν
928 1903 1041 1956 βιον]
1065 1904 1290 1941 SiThomae
1304 1903 1563 1954 Magistride-

123 1968 271 1999 cretum
295 1964 463 2009 valeret,
488 1964 586 1999 male
605 1957 850 2028 περιβόητον
870 1963 1060 2009 posuisset
1077 1959 1292 1998 Diodorus:
1319 1955 1564 2011 περιβόητος

123 2014 144 2058 ὃ
165 2017 230 2057 ἐπὶ
250 2015 375 2072 ἀρετῇ
395 2016 659 2070 ἐγνωσμένος,
687 2012 956 2068 διαβόητοςῦ
938 2033 958 2055 ο
993 2015 1055 2054 ἐπὶ
1077 2016 1212 2054 κακία.
1248 2015 1314 2052 Sic
1339 2017 1426 2061 ille,
1453 2028 1565 2062 quem

122 2081 251 2112 tamen
279 2087 372 2111 usus
397 2074 608 2125 redarguit.
647 2069 910 2125 Περιβόητος
940 2073 988 2109 de
1018 2073 1167 2109 famoso
1198 2073 1314 2108 semel
1350 2074 1563 2125 iterumque

121 2129 260 2180 Lysias
282 2130 350 2168 Or.
370 2129 419 2167 ΙΙ.
442 2131 486 2170 9.
513 2137 553 2168 et
577 2130 682 2168 Plut.
706 2132 749 2169 in
769 2128 908 2169 Caton
928 2128 1105 2170 Uticens
1132 2142 1170 2179 p.
1195 2130 1299 2169 761.
1319 2125 1374 2174 C„
1404 2134 1446 2164 ut
1466 2128 1565 2163 alios

121 2189 311 2225 omittam
342 2186 478 2224 Wess.

236 2244 342 2283 701
376 2244 450 2284 78.
480 2238 841 2307 {Anexa9‘ce9vjos}
876 2241 1036 2278 Paullus
1070 2239 1230 2277 Orosius
1257 2239 1299 2276 L.
1334 2238 1396 2276 lv.
1431 2241 1473 2279 6.
1512 2251 1561 2275 ac

123 2297 264 2338 deinde
290 2295 466 2353 (imilco)
501 2298 697 2335 obseratis
726 2299 886 2344 ianuis,
918 2297 1167 2346 exclusisque
1187 2296 1444 2344 etimnfiliis,
1467 2295 1559 2342 glu-

124 2355 188 2393 dio
225 2355 400 2393 dolorem
439 2356 639 2404 vitamque
665 2354 820 2401 finivit.
874 2352 991 2390 Haec
1018 2351 1144 2389 Darii
1174 2352 1410 2404 temporibus
1440 2363 1526 2399 gcs.
1533 2363 1560 2385 α,

123 2417 226 2449 sunt.
269 2410 370 2448 Male
397 2418 612 2459 utrumque.
653 2410 770 2446 Gesta
803 2416 894 2446 sunt
920 2422 1012 2460 rege
1037 2408 1138 2458 apud
1165 2409 1302 2446 Persas
1322 2408 1509 2444 Artaxer->1

124 2473 284 2504 mortem
313 2479 406 2505 vero
432 2467 562 2504 inedia
589 2466 664 2503 sibi
698 2467 920 2503 maturavit.
954 2464 1141 2502 lustinum
1167 2478 1275 2501 suum
1308 2464 1395 2499 dum
1419 2462 1560 2497 (leserit

125 2522 301 2569 Orosius,
328 2527 371 2561 in
389 2536 556 2560 errorem
579 2534 757 2571 praeceps
775 2522 884 2558 abiit.
906 2521 1003 2557 Vide
1021 2522 1137 2558 istum
1159 2519 1203 2557 L.
1218 2519 1333 2557 XlX.
1356 2521 1398 2558 2.
1424 2517 1559 2554 W'Ess.

239 2581 344 2619 701.
379 2580 451 2619 87.
481 2573 584 2617 ιΥπό
607 2580 682 2628 τῆς
710 2576 835 2629 ὀργῆς
856 2574 1198 2627 προσαχθέντας]
1226 2575 1465 2612 Postremum
1486 2586 1558 2609 vo-

125 2637 301 2674 cabulum
329 2648 406 2672 una
432 2636 542 2671 litera
561 2636 712 2671 auctius
732 2639 812 2670 est:
851 2633 926 2669 fuit
947 2633 1039 2669 olim
1057 2629 1374 2696 προαχθέντας,
1399 2631 1453 2665 uti
1482 2631 1557 2665 θυ-

122 2696 218 2743 μοῖς
252 2688 533 2743 προαχθέντες
569 2689 766 2726 L.XV11.
801 2690 870 2728 10.
905 2695 944 2725 et
973 2687 1030 2734 εις
1059 2685 1185 2740 ὀργὴν
1217 2682 1559 2738 ὗπερρίλὶλουσαν

127 2747 355 2801 προαχθεὶς
374 2746 416 2783 L.
438 2745 532 2783 XX.
557 2747 645 2792 33„
665 2745 907 2794 eiusdemque
925 2745 1080 2796 generis
1099 2746 1188 2782 alia.
1219 2742 1358 2779 wass.

245 2806 350 2844 701
381 2804 456 2843 90
499 2799 566 2841 Ἐν
593 2797 790 2855 ιπαιθρῳ
819 2798 1299 2852 κατεστρατοπέδευσαν]
1338 2796 1441 2834 llaec
1470 2808 1566 2832 con-
