1828 3253
322 158 410 201 118
780 153 1297 194 ANNOTATIONES

326 270 499 319 exemplo
528 269 579 305 sit
609 267 680 306 hoc
706 267 859 305 Libanii
885 268 930 304 de
961 266 1167 305 Tisameno
1197 267 1244 305 Τ.
1269 267 1317 304 Π.
1344 280 1379 317 p.
1400 267 1506 308 451.
1535 263 1685 319 πράττε
1706 264 1753 306 τὸ

328 324 426 373 σὸν,
449 323 538 376 ἐμοὶ
559 322 603 362 δὲ
613 352 624 371 ,
652 321 720 378 ἐφ
747 323 854 378 ὥπερ
874 320 1056 375 ἐτάχθην
1035 340 1069 371 2,
1096 320 1261 376 ,nahmen
1280 327 1354 364 τοῦ
1377 340 1430 362 71
1435 338 1516 375 ρος
1537 324 1635 373 quod
1656 326 1758 374 ignis

330 395 483 428 curam,
520 382 554 417 si
573 381 667 417 bene
679 380 863 428 haberet,
899 379 1044 418 homini
1064 382 1267 430 inpositam
1296 381 1506 426 indicaret,
1535 382 1650 419 sicuti
1669 393 1760 416 cen-

331 440 409 476 suit
429 444 467 474 et
489 438 573 473 loco
592 429 794 484 adscripsit
810 435 853 473 F
873 435 1076 473 Morellus:
1105 439 1211 486 atqui
1229 437 1268 474 id
1290 437 1390 473 dixit
1407 435 1648 482 Tisamenus,
1676 449 1762 473 cum

331 494 381 531 ad
400 493 631 541 Euphratem
651 499 846 543 pergeret,
886 505 1066 540 quorsum
1088 490 1145 531 ἐπ’
1169 490 1253 546 ὠνῆ
1274 491 1412 539 σίτου.
1450 499 1494 529 ut
1509 491 1566 538 fr
1569 498 1764 528 amentum

332 552 567 596 redimeret,
605 561 639 597 p.
664 550 770 589 443.
788 547 837 587 D.
862 553 1001 587 missus
1022 556 1124 596 erat3
1171 561 1332 597 pravum
1351 562 1442 599 ergo
1461 550 1683 598 vulgatum,
1727 554 1766 584 et

331 609 377 646 in
400 607 474 645 τοῦ
496 608 627 656 πυροῦ
651 606 963 644 convertendum.
1000 605 1133 642 wass.
1191 603 1300 642 conf.
1329 604 1457 655 Heyn.
1484 604 1624 654 Opusc.
1645 603 1764 643 Acad.

336 664 414 702 vol.
432 661 462 700 Ι.
488 675 524 710 p.
548 662 651 702 144.

451 718 522 758 83.
558 718 629 756 53.
659 713 951 770 Ἀκροατήριον
979 718 1062 756 τῶν
1093 713 1134 755 ἒν
1161 718 1221 771 τῷ
1250 714 1352 771 βίῳ]
1392 715 1437 753 Si
1457 717 1541 764 quis
1563 710 1769 768 κριτήριον

337 773 627 825 praeferendum
645 776 850 822 putaverit,
871 775 1148 811 recitationem
1164 775 1206 810 in
1227 775 1558 810 examinationem
1580 785 1646 809 seu
1668 774 1771 809 diiu-

323 832 576 869 >dicationem
598 836 727 866 mutet.
749 828 882 867 RHOD.
939 825 1162 881 Κριτήριον
1180 831 1263 868 τῶν
1282 828 1323 868 ἔν
1345 831 1403 883 τῷ
1423 828 1529 883 βίῳ]
1559 827 1642 864 Hoc
1661 840 1772 876 prae-

337 887 434 924 fero.
479 885 591 923 Prius
614 888 714 922 enim
733 899 845 935 quam
863 892 1034 923 mortuus
1055 886 1199 921 tumulo
1219 886 1474 931 inferebatur,
1501 885 1545 920 dc
1566 890 1646 920 toto
1669 885 1772 921 vitae

323 944 425 979 eius
453 941 587 978 ordine
616 941 799 980 iudicium
828 941 1122 988 instituebatur,
1168 944 1352 990 permissa
1372 941 1548 978 omnibus
1566 940 1775 979 accusandi

326 998 536 1038 facultate.
567 996 676 1034 Conf.
704 999 807 1035 infra
833 1010 913 1046 cap.
947 998 1020 1036 92.
1058 997 1193 1034 WVEss.

461 1054 531 1103 84.
560 1054 630 1093 58.
670 1050 920 1093 Τοῖ”ναντιον
950 1049 1213 1103 ἐθορύβουν]
1247 1052 1418 1089 Fremitu
1448 1058 1486 1089 et
1512 1053 1675 1090 clamore
1703 1051 1777 1089 sibi

345 1101 548 1157 displicere
567 1109 852 1159 significabant:
884 1110 987 1148 infra
1005 1109 1114 1146 Xlll.
1126 1111 1200 1149 28.
1229 1107 1373 1148 nemci
1393 1101 1465 1148 οὖν
1485 1111 1568 1147 τῶν
1588 1105 1779 1159 καθημέ-

344 1180 428 1205 νων
450 1160 730 1219 ἐθορύβησαν.
777 1165 1024 1204 Demosthen.
1044 1165 1174 1216 Legat.
1197 1164 1335 1202 Falsat.
1357 1178 1392 1214 p.
1412 1166 1518 1204 223.
1548 1164 1593 1202 de
1617 1163 1779 1201 Atheni-

347 1222 502 1259 ensibus
539 1220 606 1261 καὶ
646 1218 944 1274 θορυβούντων
982 1217 1100 1272 υμῶν
1128 1220 1196 1260 καὶ
1234 1218 1308 1260 οὐκ
1339 1217 1458 1259 {ihs
1439 1236 1485 1260 ον
1489 1235 1569 1259 των
1603 1215 1777 1259 ἀκούειν.

345 1274 482 1316 Paullo
512 1277 577 1315 div
580 1280 721 1315 ersiore
752 1291 823 1315 usu
849 1277 890 1316 S.
910 1278 1032 1316 Lucas
1053 1278 1098 1316 A.
1118 1277 1162 1315 A.
1181 1276 1307 1315 XV.11
1332 1277 1370 1316 5.
1400 1283 1437 1314 et
1457 1275 1620 1327 Dionys.
1640 1274 1711 1313 [X.
1733 1275 1778 1312 A.

346 1329 395 1370 R·
421 1345 460 1382 Ρ.
488 1334 593 1373 624.
625 1334 758 1371 WEss.

466 1391 538 1430 84.
555 1391 625 1429 59.
644 1387 739 1429 Ἀπί·
727 1386 1007 1442 -στερηθησαν
1026 1388 1183 1458 ταφῆς]
1195 1389 1379 1438 Exempla
1390 1388 1495 1425 (ledit
1512 1402 1543 1425 c.
1557 1388 1629 1428 64.
1648 1387 1782 1425 WEss.

468 1447 540 1486 84
564 1449 636 1487 68.
666 1444 737 1485 01
730 1444 930 1497 οιιαιεται
962 1443 1118 1498 νομος]
1159 1445 1317 1483 Ploclus
1347 1448 1388 1482 in
1420 1444 1619 1512 'lijmaeum
1652 1457 1686 1492 Ρ.
1710 1445 1783 1483 30.

353 1516 375 1539 0
396 1517 447 1552 με
432 1501 472 1540 :v
493 1502 564 1541 οὖν
595 1499 722 1553 τομὰς
752 1500 830 1541 ἀπὸ
856 1518 928 1542 του
959 1503 1210 1553 α’·ειεμῆσθαι
1231 1499 1306 1553 τὴν
1324 1504 1399 1554 γῆν
1428 1498 1580 1546 αὐτοὺς
1600 1498 1688 1551 ἴσχε
1708 1514 1783 1550 την

352 1555 600 1609 ἒπωνῑ,ιιιάν.
641 1554 749 1598 οἳτω
781 1556 858 1610 7129
889 1555 1059 1597 ἐκάλουν
1088 1554 1308 1609 Αἶγυπτιοι
1336 1555 1411 1603 τὰς
1439 1556 1672 1609 διαιρέσεις,
1709 1553 1785 1601 τὰς

355 1611 460 1653 κατὰ
488 1611 540 1653 τὰ
570 1611 727 1666 μεγάλα
757 1617 830 1666 τῆς
859 1610 1075 1666 Αἴγυπτον
1103 1612 1220 1666 μέρη.
1257 1614 1393 1662 quibus
1421 1616 1572 1664 gemina
1593 1611 1787 1650 DIOdorus

354 1682 436 1718 cap.
451 1671 544 1717 5.4·
564 1671 664 1707 unde
679 1683 793 1718 prave
813 1673 872 1710 illi
890 1673 975 1708 loco
986 1670 1190 1718 adscripsit
1206 1668 1255 1707 H.
1267 1668 1447 1719 Stephan.
1440 1696 1462 1716 .,
1482 1682 1615 1707 vocem
1632 1669 1788 1719 Aegyp-

354 1727 430 1763 tiae
452 1729 613 1777 originis
632 1728 843 1765 illixisam:
864 1734 1013 1764 tantum
1032 1729 1133 1764 enim
1153 1726 1362 1777 Aegyptios
1383 1739 1472 1762 suae
1483 1726 1652 1776 regionis
1663 1731 1789 1773 partes

352 1783 409 1820 ita
426 1785 596 1820 vocitare
613 1783 826 1830 adseverat,
838 1784 939 1832 quod
959 1790 996 1820 et
1015 1782 1105 1835 περὶ
1124 1784 1207 1821 τῶν
1224 1781 1429 1833 μαχίμων,
1449 1784 1514 1829 qui
1535 1784 1616 1819 sine
1635 1787 1790 1818 contro-

355 1841 485 1876 versia
506 1839 687 1877 Graeciae
714 1853 853 1877 nomen
879 1853 990 1877 suum
1017 1839 1168 1885 debent,
1196 1840 1323 1887 paullo
1354 1844 1438 1886 post
1459 1838 1673 1886 profitetur.
1703 1835 1789 1886 Ego

355 1905 444 1932 cum
462 1894 633 1932 Diodoro
655 1902 692 1932 et
708 1895 845 1933 Proclo
862 1896 975 1943 facio,
994 1896 1129 1944 quibus
1150 1896 1266 1931 etiam
1287 1893 1531 1939 subscribunt
1548 1895 1626 1930 viri
1644 1893 1792 1943 egregii

355 1948 407 1987 Is.
419 1950 578 1989 Casaub
599 1954 640 1988 in
659 1950 837 1991 strabon.
855 1951 981 1991 XVII.
999 1965 1037 2002 Ρ.
1062 1950 1195 1993 1135.
1221 1949 1316 1989 etP.
1329 1949 1609 2000 Leopard.vll.
1629 1947 1789 1987 Emend.

362 2007 433 2046 17
472 2008 523 2045 W
525 2018 605 2046 Ε88.

466 2064 538 2105 84
554 2066 625 2106 71
652 2063 726 2111 Εἷς
743 2062 840 2118 τρία
857 2061 994 2118 μέρη]
1025 2060 1166 2100 Confer
1185 2060 1516 2100 Snabon.XV1L
1535 2073 1570 2110 Ρ.
1592 2061 1727 2102 1136.
1746 2058 1790 2098 Β.

360 2116 492 2157 wssss.

476 2177 547 2217 84
570 2177 641 2216 73.
671 2175 744 2223 Εἷς
762 2173 888 2223 θεους
907 2172 1130 2226 εὐσέβειαν]
1156 2174 1312 2213 Nullam
1331 2188 1400 2225 ego
1419 2173 1507 2211 huic
1526 2175 1683 2211 lectioni
1701 2185 1793 2209 con-

362 2235 588 2269 troversiam
608 2246 741 2270 moveo
753 2260 764 2280 ,
805 2233 871 2269 sed
890 2239 1037 2270 veteres
1056 2233 1167 2279 libri,
1204 2234 1270 2280 qui
1288 2244 1427 2282 magno
1448 2243 1636 2267 consensu
1654 2226 1794 2280 ἐπιμέ-

336 2312 341 2316 ‹
363 2288 474 2331 λειαν
494 2290 725 2337 praeferunt.
755 2288 879 2326 Erant
896 2288 937 2326 hi
956 2288 1170 2326 sacerdotes
1188 2294 1336 2336 praeter
1355 2294 1500 2323 ceteros
1523 2299 1652 2323 omnes
1672 2288 1794 2334 pieta-

363 2345 414 2379 tis
435 2345 477 2379 in
501 2343 602 2381 Deos
625 2345 913 2392 studiosissimi,
949 2342 1163 2394 θεοσεβέες
1192 2345 1394 2395 περισσῶς
1420 2339 1601 2393 μάλιστα
1629 2338 1793 2380 πάντων

365 2395 616 2450 ἀνθρώπων,
644 2400 895 2442 Herodot.11.
916 2402 1012 2449 37.·,
1037 2412 1152 2448 eaque
1172 2412 1221 2436 ex
1240 2412 1373 2436 caussa
1391 2399 1537 2436 assidui
1555 2398 1603 2434 ad
1626 2396 1794 2434 Deorum

365 2455 551 2505 imagines
582 2463 647 2492 aut
676 2470 738 2494 eas
765 2458 990 2508 gestabant,
1012 2464 1084 2494 aut
1101 2456 1232 2503 ordine
1254 2457 1442 2492 concinno
1463 2462 1501 2492 et
1519 2454 1655 2493 decoro
1676 2454 1795 2491 collo-

365 2511 515 2548 cabant.
537 2509 609 2565 ’Eq
615 2527 726 2551 αιιον
732 2527 774 2552 το
765 2487 839 2552 Ode*
858 2511 920 2552 ἀεὶ
939 2511 1086 2552 θεῶν
1070 2528 1095 2564 η
1119 2506 1365 2579 ἀγαὶμάτων
1385 2508 1510 2563 ἐγγις,
1536 2507 1626 2562 η’τοι
1650 2508 1795 2574 φέροι-

366 2580 455 2614 τες,
491 2564 517 2618 ἢ
538 2582 831 2634 προηγωμενρι
852 2568 919 2608 καὶ
946 2565 1100 2608 τάσσοι
1103 2582 1167 2614 τες
1185 2564 1288 2617 μετὰ
1307 2563 1464 2618 κόσμου
1489 2581 1531 2606 τε
1551 2565 1619 2613 καὶ
1646 2560 1796 2616 σεμνό-

366 2635 512 2673 τητος,
540 2622 801 2661 Chaeremon
782 2638 832 2664 ιη
851 2623 1334 2675 Porphyr.1V.Abst.6.·.,
1379 2630 1491 2672 atque
1510 2622 1601 2660 haec
1621 2621 1732 2657 credo
1751 2634 1796 2659 ea

368 2675 572 2730 ἐπιμέλεια
599 2686 677 2725 est,
715 2691 827 2728 quam
854 2680 944 2718 Μ88.
974 2682 1141 2728 malunt,
1175 2691 1360 2728 quamque
1386 2679 1446 2716 his
1469 2679 1514 2715 de
1537 2677 1796 2716 sacerdotibus

369 2746 488 2829 agfins
513 2750 589 2830 fxv!
611 2734 701 2788 περὶ
725 2750 822 2783 τους
839 2734 965 2784 θεοὺς
981 2734 1207 2791 θεραπείαν
1227 2735 1382 2774 Isocrat.
1401 2733 1524 2773 Busir.
1548 2746 1582 2783 p.
1603 2734 1706 2774 332.
1730 2746 1796 2782 ap-

366 2803 412 2840 pe
445 2799 495 2830 at.
577 2803 656 2829 Ess.
