1828 3253
493 141 557 183 ιΝ
590 140 700 181 mn.
730 141 787 181 ιι.
829 139 956 181 cAr.
985 144 1027 184 6.
1057 142 1130 193 7.:
1420 144 1509 186 165

179 258 283 298 119.
311 257 386 298 67.
429 252 648 305 Κατέλαβε
669 251 716 295 τὸ
745 252 872 308 μέρος
891 255 966 307 τῆς
986 250 1279 308 ἀκροπόλεως]
1311 255 1372 293 Ob
1391 269 1504 295 occu—

61 320 188 365 patam
217 327 262 351 ea
292 319 374 350 arte
405 324 531 348 arcem
554 310 778 348 Semiramis
799 310 994 364 κρείττων
1016 313 1090 351 τοῦ
1112 311 1322 364 Βακτρίου
1342 308 1505 365 Ζοροά-

62 384 190 423 στρου
212 372 253 406 in
273 367 419 406 Theon.
441 367 650 418 Progymn.
678 380 712 407 c.
735 368 777 407 9.
806 379 895 419 pag
920 369 1045 416 112.,
1034 378 1044 387 ·
1086 366 1161 406 huc
1180 371 1283 407 enim
1303 382 1348 406 ea
1364 370 1503 408 referri

65 433 239 476 oportere
261 425 438 462 arbitror.
469 423 603 461 IVESS.

177 482 278 522 119.
303 482 375 520 76.
414 478 624 519 Συνοικεῖν
642 475 718 531 τὴν
737 477 847 518 ιὸίαν
867 476 1109 532 θυγατέρα]
1143 478 1238 517 Sine
1261 480 1376 518 dubio
1397 495 1498 520 συν-

61 541 197 577 οικιεῖν
219 537 398 586 scripsit3
435 536 476 572 id
493 540 597 572 enim
619 542 677 572 est
693 537 831 585 nuptui
851 537 1052 583 collocare,
1073 548 1152 573 non
1169 537 1350 573 alterum:
1393 538 1498 574 infra

59 594 124 631 lv.
152 594 220 634 10.
249 587 270 632 ὃ
299 589 494 642 βασιλεὺς
507 589 668 660 Κρέων
695 588 772 658 τὴν
793 589 1006 644 θυγατέρα
1036 586 1243 658 Μεγάραν
1273 587 1496 646 συνῴκισεν

59 647 185 704 αὐτῷ.
231 655 270 685 et
301 661 333 685 c.
362 649 435 687 30.
470 644 547 699 τὴν
582 645 659 698 μὲν
691 642 841 687 ἑαυτοῦ
867 652 1042 700 γυναῖκα
1079 643 1304 687 συνιῦκισεν
1333 633 1495 688 Ἰιολάαν

56 707 166 756 plura
193 703 243 741 ad
275 704 446 741 eiusdem
474 705 565 741 libri
594 717 628 743 e.
651 704 728 743 27
755 703 809 741 Ιο.
837 711 964 742 autem
987 702 1154 741 T'zetzes
1171 704 1327 742 videtur
1346 690 1496 742 Sosan-

55 775 147 798 nam
167 761 394 809 praetulisse
413 772 463 797 ex·
479 762 567 798 eius
581 761 746 798 feminae
765 759 950 807 historia,
977 773 1074 811 quae
1097 761 1218 811 vulgo
1232 759 1407 798 Danielis
1425 774 1494 798 va-

54 819 192 855 ticinio
209 817 364 853 adnecti
383 818 501 854 solet:
539 817 641 854 forte
668 823 797 854 tamen
823 823 1027 869 utrumque
1047 816 1223 855 eiusdem
1238 819 1401 868 originis
1423 829 1494 854 no-

53 885 143 911 men
171 879 241 910 est.
278 872 412 910 IVESS.

170 930 274 969 119.
308 929 383 970 83
425 927 478 967 E³
463 942 500 974 ς
518 924 734 978 βασιλικὸν
751 919 859 979 ἦλθε
878 923 1134 981 πρόσχημα]
1171 927 1497 967 Decus-maiesta-

53 992 206 1034 temque
225 986 393 1036 regiam,
422 992 465 1021 ut
483 987 525 1022 in
547 983 733 1022 Strabon
752 983 825 1022 XI.
851 998 888 1035 p.
915 986 1020 1026 798.
1049 984 1094 1021 A.
1114 992 1153 1022 et
1181 981 1256 1032 dd}
1258 1000 1288 1023 α
1312 984 1381 1024 καὶ
1399 982 1495 1024 τοῦ-

53 1056 164 1090 νομα
194 1040 261 1078 καὶ.
279 1038 326 1079 τὸ
357 1036 581 1092 πρόσχημα
602 1042 676 1092 τῆς
693 1036 1004 1107 Ἐπαμινώνδου
1036 1040 1296 1108 στρατηγίας
1319 1043 1366 1078 in
1382 1041 1495 1078 Pelo-

54 1097 146 1146 pida
167 1095 268 1133 Plut.
290 1109 326 1146 p.
348 1097 457 1136 293.
494 1096 536 1133 F.
574 1095 719 1133 Hinc-
701 1095 765 1134 επὶ
796 1092 1093 1149 προσχήματός
1112 1112 1223 1143 τινος
1252 1090 1358 1137 οὖσα
1397 1109 1494 1145 quae

54 1155 184 1202 aliquo
217 1153 310 1189 loeo
337 1165 419 1190 esse
447 1155 584 1201 incipit
614 1151 812 1189 Demosth.
842 1155 884 1190 in
905 1153 1042 1191 Neaer.
1070 1167 1107 1204 p.
1135 1155 1240 1193 73)
1286 1153 1495 1204 Eleganter

54 1221 154 1247 vero
174 1204 399 1261 πρόσχημα
428 1208 475 1244 de
507 1209 624 1255 urbe,
659 1221 759 1275 quae²
783 1210 886 1246 inter
918 1216 1064 1246 ceteras
1097 1211 1203 1247 cultu
1234 1216 1276 1245 et
1304 1208 1494 1260 dignitate

54 1265 227 1302 excellit.
262 1263 448 1301 Herodot.
477 1264 523 1302 V.
552 1266 627 1305 28.
657 1266 739 1316 τῆς
748 1257 944 1316 ’Ῑιονιἠς·’
921 1280 973 1316 ην
1003 1260 1227 1318 πρόσχημα
1266 1265 1313 1302 d'e
1347 1265 1496 1313 Mileto,

52 1324 127 1359 etsi
148 1321 246 1358 male
275 1323 475 1368 interpres.
514 1319 695 1370 Sophocl.
722 1319 847 1359 Eleet.
883 1322 990 1362 683.
1012 1321 1174 1360 Aristid.
1202 1320 1250 1358 'l.
1271 1320 1302 1359 Ι.
1329 1336 1373 1373 p.
1391 1324 1491 1362 170.

54 1384 93 1415 et
112 1377 223 1419 293.
251 1377 354 1414 Plut.
382 1375 430 1413 T.
452 1375 502 1413 ΙΙ.
523 1390 560 1426 p.
585 1377 689 1416 794.
709 1374 752 1413 Β.
777 1375 913 1414 Wess.

52 1487 76 1525 x
171 1434 277 1473 1-20.
304 1433 381 1473 95.
404 1429 762 1485 Κατεσκαμμένης
782 1427 864 1472 ὑπὸ
886 1428 1084 1486 Mtfidwv}
1102 1432 1191 1472 vid.
1221 1434 1332 1472 infra⁴
1358 1448 1391 1474 c.
1417 1437 1490 1475 28.

75 1488 189 1526 Vssss.

172 1546 280 1585 120
295 1545 370 1585 97
416 1537 537 1585 Ουσα
556 1540 678 1611 φύσει
695 1542 1046 1598 μεγαλεπίβολος]
1085 1545 1153 1584 Sic
1170 1552 1359 1594 praestat,
1378 1560 1497 1596 quam

54 1603 200 1639 tumvis
228 1596 350 1654 φύσει
377 1597 715 1653 μεγαλεπήβολος
742 1601 811 1640 καὶ
830 1599 1020 1655 τολμηρὰ
1049 1602 1183 1640 eadem
1208 1601 1433 1640 Semiramis
1464 1618 1497 1640 c.

55 1659 158 1704 203
187 1656 321 1694 haeret
338 1659 442 1694 enim
468 1657 566 1694 illud
597 1656 732 1693 eodem
757 1659 799 1695 in
827 1658 923 1696 luto.
974 1654 1333 1710 Μῑγαλεπηβολος
1358 1661 1425 1707 qui
1456 1662 1498 1697 in

53 1715 207 1765 magnis
228 1713 342 1750 rebus
362 1726 544 1762 prospero
568 1725 749 1749 successu
767 1716 914 1760 utitur,
933 1720 977 1750 ut
997 1713 1024 1751 1.
1053 1715 1123 1754 19.
1153 1715 1314 1752 abunde·
1327 1715 1499 1752 declara—-

54 1776 162 1817 tum;
199 1768 523 1821 μεγαλεπίβολος
563 1770 631 1818 qui
660 1781 800 1818 magna
829 1771 1007 1817 molitur,
1035 1783 1120 1819 qfuo,
1142 1773 1300 1821 ingenio
1329 1770 1498 1808 Semira-

53 1827 128 1863 mis
158 1827 359 1863 excelluit.
391 1825 487 1865 vid.
510 1824 563 1864 V..
589 1825 664 1866 48.
696 1823 806 1863 XIII.
834 1827 908 1866 68.
943 1832 983 1862 et
1008 1824 1164 1866 XVIII
1185 1828 1231 1866 7.
1255 1841 1343 1864 eum
1362 1826 1495 1875 Steph.

49 1888 160 1920 nota
190 1880 326 1919 Wssss.

170 1939 274 1979 120.
298 1937 372 1977 99.
403 1931 541 1976 Πόλιτ
561 1933 744 1985 κτίζειν’
725 1951 767 1975 εν
790 1937 841 1990 τῇ
867 1935 1148 1994 Βαβυλωνία]
1176 1937 1417 1989 Babylonem
1431 1938 1502 1976 Se-

53 1994 274 2041 ῐιιῖῐειιιιίἀο,
310 2006 420 2030 secus
448 2006 493 2030 ac
522 1995 675 2030 censuit
701 1991 870 2041 Ctesias,
908 1995 1041 2031 multis
1068 1996 1184 2032 annis
1210 1997 1381 2045 priorem
1404 2009 1500 2043 esse,

54 2058 168 2100 atq-ue
196 2063 220 2088 a
254 2049 347 2087 Belo
386 2049 601 2097 conditam,
647 2051 821 2099 plerique
853 2056 1033 2088 veterum.
1059 2064 1276 2101 agnovere.
1313 2051 1500 2089 Ammian.

54 2106 208 2144 XXIII.
230 2108 272 2147 6.
310 2105 513 2155 Babylon,
553 2106 666 2143 euius·
683 2107 840 2143 moenia
860 2105 1048 2144 bitumine
1070 2107 1502 2155 Semiramisstrnxim

56 2177 196 2201 arcem
222 2164 328 2200 enim
353 2164 653 2213 antiquissimus
683 2175 758 2199 rea:
790 2164 969 2201 condidit
1001 2162 1136 2201 Belus.
1194 2163 1349 2200 Curtius
1381 2165 1426 2204 V,
1467 2168 1500 2205 l.

59 2219 292 2257 Semiramis
325 2232 412 2256 eam
439 2215 718 2271 (Babylonem)
742 2220 1001 2266 condiderat,
1029 2221 1115 2266 vel,
1141 2227 1194 2257 ut
1207 2221 1394 2271 plerique
1412 2236 1502 2258 cm-

58 2277 215 2321 elidere,
242 2274 389 2321 Belus‚
418 2277 531 2312 euius
549 2277 666 2325 regia
689 2276 922 2313 ostenditur.
953 2274 1077 2326 Atque
1097 2275 1138 2313 hi
1157 2276 1376 2314 sufficiunt:
1404 2280 1501 2314 alios

59 2331 166 2369 dabit
195 2330 272 2370 Iac.
292 2331 469 2368 Perizon.
499 2330 608 2382 Offrig
635 2330 825 2381 Babylon.
864 2345 895 2368 c.
919 2333 988 2380 7.,
1042 2334 1181 2370 merito
1210 2345 1342 2370 eorum
1372 2340 1502 2381 patro-

58 2390 203 2426 ciuium
229 2388 434 2436 professus.
480 2387 617 2425 Wnss.
1012 2390 1017 2396 “

176 2444 282 2483 120
303 2443 343 2483 5.
381 2443 572 2483 §radim
600 2441 848 2499 τριακοσίων
882 2438 1103 2496 ἑξήκοντα]
1133 2444 1318 2481 Herodot.
1344 2445 1370 2481 l.
1398 2447 1501 2487 178.

62 2499 159 2536 stad.
187 2509 422 2547 cccc1xxx,
463 2507 501 2536 et
531 2512 618 2537 eum
645 2507 798 2537 secutus
828 2498 1050 2538 Philostrat.
1082 2501 1112 2537 Ι.
1151 2501 1227 2537 Vit.
1256 2501 1381 2550 Apoll.
1412 2504 1504 2566 25,

61 2556 128 2592 ubi
155 2554 400 2592 doctissimus
427 2555 557 2594 Olear.
588 2555 790 2593 discordes
809 2562 984 2593 veterum
1013 2558 1223 2606 opiniones
1238 2563 1429 2605 utcunque
1462 2559 1503 2594 in

62 2611 236 2648 ordinem
253 2611 425 2662 redigere
445 2619 618 2649 conatur.
659 2611 766 2649 Adde
789 2612 904 2649 Barn.
927 2611 1098 2651 Brisson.
1117 2613 1147 2651 Ι.
1165 2612 1210 2650 R.
1233 2613 1340 2651 Pers.
1366 2615 1437 2653 82.
1465 2619 1505 2650 et

64 2667 117 2705 Io.
148 2666 282 2704 Tzetz.
315 2666 570 2704 Cl1i1iad.lX.
592 2670 695 2708 570.
731 2669 866 2705 Wess.

179 2724 283 2763 120.
312 2725 380 2763 ll.
409 2723 668 2776 Τριακοσίων
690 2720 890 2776 ἑξήκοντα
915 2723 983 2763 καὶ
1004 2722 1153 2775 πέντε]
1185 2724 1409 2763 Genitivum
1434 2739 1507 2764 πο-

66 2777 149 2819 δῶν
169 2780 264 2831 legit
292 2779 452 2818 Latinus
483 2781 672 2831 interpres
700 2787 790 2818 ante
818 2779 1087 2834 τριακοσίων,
1122 2787 1189 2818 aut
1220 2787 1323 2818 certe
1357 2783 1515 2829 putavit
