1828 3253
431 235 496 275 IN
524 234 637 275 LIB.
666 234 775 274 X11.
807 234 934 275 CAP.
964 237 1188 281 60.-⁸-62.
1437 248 1526 292 611

80 363 175 400 quae
195 349 319 401 proris
338 350 380 387 in
399 348 547 387 hostem
568 349 742 388 obversis
761 356 866 388 stant
884 356 952 387 aut
971 351 1195 400 procedunt.
1225 354 1410 406 Polybius
1431 359 1472 398 L.
1493 361 1522 399 1.

83 409 156 447 50.
187 405 280 461 παρ’
307 404 438 458 αὐτὴν
460 403 534 457 τὴν
564 408 640 457 γῆν
662 404 819 456 ταχέως
840 405 1004 446 ἐποίουν
1034 404 1317 463 ἀντιπρώρους
1345 420 1432 461 τοῖς
1451 432 1526 457 710-

78 462 244 514 λεμιόις.
284 470 364 500 tum
384 468 470 512 post
487 475 618 511 pauca,
649 457 852 513 ὗπέστησε
873 460 948 513 τὴν
968 458 1118 502 ἑαυτοῦ
1137 469 1240 504 ναῦν
1265 465 1523 523 ἀντίπρωρον

78 525 166 565 τοῖς
186 518 409 568 πολεμίοις.
447 516 564 554 Recte
595 519 705 566 proin
733 516 810 555 Cel.
844 517 991 555 Duker.
1019 520 1060 556 in
1081 518 1310 573 Thucydide
1330 525 1372 562 L.
1394 528 1458 566 lV.
1481 533 1521 571 8.

78 578 181 621 ναῦς
209 570 492 626 ἀντιπρώρους
513 572 612 610 haud
633 574 895 622 adspernatur.
928 575 1060 612 IVEss.

195 631 296 670 520.
330 631 401 669 70.
442 628 797 682 Παρατεταμείἰμ
820 628 861 668 δ’
896 629 958 669 ἐπὶ
978 632 1138 683 μῆκος]
1169 633 1265 671 Vide
1289 635 1520 680 Strabonem

77 686 121 724 L.
142 686 242 723 Vffl.
263 699 298 735 p.
322 686 425 725 551.
444 684 488 722 Α.
509 693 546 722 et
568 684 835 735 Thucydidem
857 687 1031 737 inprimis
1051 686 1092 725 L.
1113 688 1173 725 lV.
1201 694 1240 730 8.
1273 691 1406 732 WVEss.

192 743 295 781 520.
319 742 391 781 75.
412 737 738 793 Διημερεύοντες
759 740 803 780 δὲ
822 747 913 788 ταῖς
932 743 1226 795 τειχομαχίαις]
1253 747 1521 800 Addet-eprae-

76 800 304 847 positionem
325 797 525 844 adsuevit,
553 793 646 836 τότε
675 796 752 848 μὲν
781 796 822 836 ἕν
852 801 910 852 τῷ
941 796 1114 853 κινδύνῳ
1145 800 1451 857 διημερεύοντες
1480 809 1523 848 L.

75 853 182 890 XVI.
203 854 278 893 46.
322 853 404 890 Nec
423 865 571 902 semper
591 860 741 901 tamen,
768 856 883 892 sicuti
904 867 952 891 ex
970 854 1013 892 L.
1034 855 1179 894 XVIII.
1202 859 1275 899 34.
1296 866 1520 911 perspicies.

75 909 226 948 IVEss..

190 966 293 1006 521.
320 967 392 1007 89.
416 961 752 1018 Προσαγόντων]
781 964 840 1002 De
861 967 1042 1016 loquendi
1058 981 1198 1019 genere
1219 970 1269 1009 ad
1288 971 1333 1013 L.
1355 973 1427 1013 XI.
1444 978 1520 1018 60,

75 1020 212 1060 wass.

189 1079 293 1117 521.
331 1078 368 1118 I.
402 1072 461 1116 tH
472 1074 549 1129 μὲν
570 1073 742 1131 τριήρης
763 1073 1004 1130 ε’πώκειλεν]
1040 1079 1137 1118 Vide
1158 1089 1239 1122 not.
1263 1085 1305 1122 in
1325 1083 1369 1125 L.
1394 1086 1423 1124 I.
1446 1089 1520 1130 31.

75 1131 212 1171 WEss.

191 1190 294 1230 521.
315 1190 357 1229 2.
385 1185 474 1227 Ἐπὶ
495 1185 571 1240 τὴν
592 1190 667 1241 τῆς
685 1186 787 1236 νεὼς
806 1185 1069 1243 ἐπιβάθραν]
1095 1189 1386 1248 Ἀποβάθραν
1406 1198 1521 1238 Thu..

75 1245 233 1295 cydides
261 1245 325 1283 IV.
359 1248 429 1287 12.
465 1259 550 1282 cum
581 1253 673 1283 nota
704 1245 851 1282 Duker.
892 1246 969 1283 Sed
998 1247 1068 1285 hae
1098 1263 1213 1288 voces
1242 1257 1522 1300 permiscentur

75 1314 208 1349 saepe,
241 1303 354 1338 sicuti
373 1303 414 1338 in
434 1301 595 1338 Luciani
614 1301 662 1338 D.
686 1301 798 1339 Mort.
812 1301 869 1347 Χ.
898 1305 935 1342 1.
970 1303 1115 1342 Scala-s·
1145 1307 1343 1358 designat,
1381 1313 1519 1360 quibus

72 1358 117 1394 in
145 1359 274 1395 navim
302 1357 566 1394 escendebant.
609 1357 813 1394 Translate
833 1357 945 1395 Philo
966 1359 1048 1396 lud.
1074 1363 1114 1397 in
1137 1361 1263 1400 Flacc.
1284 1378 1320 1414 p.
1344 1367 1449 1407 993,
1472 1369 1519 1406 A.

74 1412 227 1466 κυρίοις
256 1409 456 1463 ὀνόμασιν
485 1411 703 1452 ἀδυνατῶν
737 1409 948 1469 ἕπιβάθρᾳ
970 1418 1161 1469 χρῆσθαι
1192 1417 1296 1472 πρὸς
1327 1419 1520 1474 δήλωσιν.

72 1469 125 1507 Et
148 1470 193 1506 de
215 1469 302 1520 Leg.
325 1468 490 1517 Special.
517 1482 553 1518 p.
578 1470 682 1509 805.
705 1468 748 1507 Β.
782 1467 994 1524 ἐπιβάθρςι
1019 1472 1259 1524 χρωμένους
1285 1473 1439 1517 ἅπασιν
1463 1472 1520 1520 ὧν

73 1523 226 1578 γένεσίς
245 1524 342 1564 ἐστι.
365 1525 454 1563 Alia
469 1525 512 1561 P.
533 1525 751 1573 Leopardus
772 1525 931 1563 Emend.
946 1527 1052 1566 XIV.
1079 1531 1148 1570 10.
1171 1538 1210 1567 et
1230 1531 1370 1571 Ezech.
1392 1534 1519 1583 Span-

78 1581 177 1619 hem.
197 1581 244 1618 ad
263 1580 413 1619 Callim.
432 1580 483 1618 H.
504 1583 545 1618 in
564 1580 649 1618 Del.
670 1595 709 1620 v.
728 1583 803 1621 22.
829 1582 963 1620 ἎῙΕεΒ.

189 1639 295 1677 521.
322 1641 356 1677 8.
383 1632 432 1676 cO
450 1635 526 1688 μὲν
544 1636 730 1689 βραχίων
758 1637 981 1690 προέπεσεν
1002 1637 1046 1678 ἐκ
1064 1643 1138 1692 τῆς
1159 1640 1260 1690 νεὼς
1278 1645 1377 1696 etc.]
1409 1646 1523 1685 Falsa.

78 1700 139 1730 est
158 1692 250 1731 haec
270 1696 455 1740 narratio,
485 1705 598 1741 quam
619 1706 667 1730 ex
686 1692 914 1743 Thucydide
934 1698 1126 1746 corrigere
1147 1698 1347 1748 debemus,
1375 1709 1413 1739 et
1432 1717 1523 1752 pro-

77 1749 258 1787 culdubio
279 1756 358 1789 vox
385 1748 570 1802 βραχίων
600 1749 863 1787 emendatione
886 1758 992 1800 eget:
1034 1764 1121 1790 nam
1151 1767 1199 1791 ex
1229 1762 1311 1794 tota
1340 1757 1522 1796 Brasidae

76 1804 276 1858 historias
302 1818 414 1855 quam
445 1813 621 1842 accurate
651 1809 854 1854 exequitur
875 1805 1147 1857 Thucydides,
1192 1818 1297 1860 patet
1327 1825 1413 1852 eum
1443 1828 1523 1852 non

76 1865 249 1899 amisisse
271 1862 467 1899 brachium
486 1864 526 1899 in
547 1875 590 1898 ea
609 1875 760 1912 pugna,
790 1862 836 1898 de
856 1875 930 1912 qua
953 1862 1014 1899 hie
1036 1863 1242 1904 Diodorus.
1288 1868 1404 1907 Forte
1427 1874 1525 1910 seri-

75 1925 205 1968 pserat
230 1914 368 1970 βραχύ
398 1933 450 1965 τι,
478 1919 542 1955 vel
564 1916 605 1955 ἐν
624 1920 792 1968 βραχεῖ,
819 1920 884 1955 vel
906 1920 995 1968 quid
1017 1922 1115 1967 tale,
1146 1936 1190 1958 eo
1215 1936 1351 1972 sensu,
1371 1940 1523 1978 parum

78 1974 247 2021 abfuit,
271 1975 365 2025 quin
396 1987 415 2011 e
449 1987 550 2012 nave
582 1976 769 2021 caderet,
808 1980 846 2010 et
871 1976 1120 2022 proculdubio
1145 1977 1243 2015 hanc
1277 1980 1476 2030 historiam
1501 1997 1525 2021 a

77 2030 304 2080 Thucydide
342 2033 491 2078 accepit
528 2029 724 2067 Diodorus
764 2031 892 2068 verbis
921 2033 1114 2079 paululum
1145 2037 1366 2074 immutatis.
1411 2038 1526 2076 Dixit

77 2086 387 2137 ThucydidesL.
408 2086 473 2126 IV.
501 2088 570 2127 12.
589 2082 614 2138 ἡ
638 2084 760 2132 ἀσπὶς
780 2084 997 2139 περιερρύη
1022 2088 1076 2134 εἷς
1097 2087 1172 2141 τὴν
1195 2088 1433 2143 θάλασσαν,
1456 2095 1523 2133 καὶ

76 2142 354 2193 ἐξενεχθείσης
384 2140 512 2194 αὐτῆς
544 2142 599 2188 εἷς
626 2140 703 2193 τὴν
729 2145 806 2194 γῆν
829 2140 867 2181 οἳ
891 2141 1125 2194 )Αι“)ἰ]ιίιΐοι
1151 2142 1408 2198 ἀνελόμενοι,
1443 2152 1525 2201 elya

69 2212 174 2251 peu-9
198 2201 237 2236 in
258 2206 368 2236 mare
394 2197 570 2247 effluxit,
612 2206 653 2235 et
678 2201 718 2235 in
743 2206 893 2235 terram
917 2201 1090 2238 delatum
1111 2200 1370 2243 Athenienses
1390 2206 1526 2245 abstu-

78 2257 221 2293 lerunt.
249 2254 443 2292 Diodorus
465 2269 556 2293 vero
576 2257 631 2291 sic
653 2254 698 2291 de
719 2255 850 2292 eodem
873 2257 1049 2306 negotio:
1078 2253 1101 2308 ἦ
1127 2258 1171 2297 δὲ
1192 2257 1315 2306 ἀσπὶς
1334 2261 1527 2317 περιξζρῑ.-

80 2316 169 2350 εἴστι
189 2310 460 2349 καὶπεσοῧσα
480 2310 536 2357 εἷς
558 2308 633 2362 τὴν
660 2306 885 2349 θάλασσαν
906 2308 1137 2362 ὑποχείριος
1158 2313 1311 2367 ἐγένετο
1339 2323 1426 2364 τοῖς
1449 2334 1527 2358 πο·-

80 2365 246 2416 λεμιόις,
274 2368 434 2417 clypeus
454 2368 612 2418 elapsus
631 2381 715 2404 cum
739 2369 778 2404 in
801 2380 911 2404 mare
933 2370 1159 2417 cecidisset,
1201 2375 1366 2410 venitin
1388 2387 1529 2412 memus

81 2423 264 2463 hostium.
298 2422 406 2461 Nihil
424 2425 601 2460 similius.
642 2422 754 2459 Unde
775 2425 974 2474 colligitur
1006 2437 1140 2462 vocem
1160 2428 1348 2479 βραχίων
1368 2431 1527 2468 mendo..

82 2492 162 2515 sam
193 2491 285 2515 esse.
331 2477 430 2515 Nam
453 2481 486 2516 si
507 2478 703 2516 brachium
728 2481 919 2516 amisisset
936 2478 1138 2529 Erasmus,
1166 2483 1204 2519 id
1236 2497 1313 2521 non
1347 2490 1530 2523 tacuisset:

83 2534 343 2584 Thucydides.
383 2536 487 2578 Quae
511 2535 618 2572 addit
645 2534 839 2571 Diodorus
868 2535 914 2571 de
943 2546 1101 2574 numero
1128 2550 1324 2577 caesorum
1352 2555 1374 2579 a
1395 2542 1528 2579 Brasi-
1569 2565 1571 2567 ·

83 2591 145 2637 da,
176 2591 275 2627 bella
297 2598 398 2637 sunt,
434 2603 512 2627 non
531 2603 643 2628 vera:
673 2604 761 2627 nam
779 2591 966 2639 quomodo
985 2594 1127 2630 vetitus
1147 2597 1187 2632 in
1206 2603 1345 2633 terram
1368 2598 1528 2634 descen-

85 2648 173 2683 dere
203 2647 249 2682 ob
282 2648 359 2682 tela
387 2648 608 2697 ingruentia
636 2647 674 2683 id
703 2654 896 2696 praestare
920 2649 1121 2698 potuisset,
1160 2653 1226 2699 qui
1248 2655 1420 2690 cominus
1442 2668 1527 2690 cum

84 2703 194 2740 hoste
217 2715 294 2739 non
318 2704 440 2751 potuit
459 2715 642 2752 pugnare,
671 2705 713 2740 in
733 2716 800 2739 sua
820 2706 911 2740 navi
936 2717 1106 2752 manens,
1128 2707 1192 2743 ubi
1216 2715 1254 2744 et
1274 2706 1529 2761 ).217101‚l¹v2tJ-1

86 2773 163 2805 σας
180 2756 343 2796 cecidit?
364 2757 493 2795 PALM.
523 2757 666 2796 Auctor
685 2761 718 2795 si
742 2760 897 2805 diceret,
910 2759 1106 2797 Brasidam
1126 2763 1321 2800 brachium
1341 2768 1529 2811 amisisse,

82 2818 170 2852 viro
204 2814 427 2851 doctissimo
459 2815 613 2863 obloqui
642 2815 750 2852 nefas
779 2823 962 2864 putarem.
1020 2817 1138 2865 Atqui
1168 2819 1203 2854 id
1233 2821 1297 2855 ille
1328 2832 1527 2869 nusquam.

85 2870 254 2908 Tantum
283 2870 486 2921 significat,
518 2869 729 2928 Brasidam,
757 2872 906 2909 viribus
935 2872 982 2909 ob
1014 2875 1175 2911 vulnera
1206 2876 1529 2925 profluentemque

1161 2932 1219 2969 39
