<?xml version="1.0" encoding="UTF-8"?>
<!DOCTYPE html PUBLIC "-//W3C//DTD XHTML 1.0 Transitional//EN"
    "http://www.w3.org/TR/xhtml1/DTD/xhtml1-transitional.dtd">
<html xmlns="http://www.w3.org/1999/xhtml" xml:lang="en" lang="en">
 <head>
  <title>
</title>
<meta http-equiv="Content-Type" content="text/html;charset=utf-8" />
  <meta name='ocr-system' content='tesseract 3.04.00' />
  <meta name='ocr-capabilities' content='ocr_page ocr_carea ocr_par ocr_line ocrx_word'/>
</head>
<body>
  <div class='ocr_page' id='page_1' title='image "./bibliothecahisto04dioduoft_0597.png"; bbox 0 0 1828 3253; ppageno 0'>
   <div class='ocr_carea' id='block_1_1' title="bbox 434 243 1515 283">
    <p class='ocr_par' dir='ltr' id='par_1_1' title="bbox 434 243 1515 283">
     <span class='ocr_line' id='line_1_1' title="bbox 434 243 1515 283; baseline 0 -1"><span class='ocrx_word' id='word_1_1' title='bbox 434 245 496 282; x_wconf 83' lang='lat' dir='ltr'>1N</span> <span class='ocrx_word' id='word_1_2' title='bbox 530 243 642 282; x_wconf 64' lang='lat' dir='ltr'><strong>121ss.</strong></span> <span class='ocrx_word' id='word_1_3' title='bbox 671 243 779 282; x_wconf 75' lang='lat' dir='ltr'>xli.</span> <span class='ocrx_word' id='word_1_4' title='bbox 816 243 942 280; x_wconf 78' lang='lat' dir='ltr'><strong>CAP.</strong></span> <span class='ocrx_word' id='word_1_5' title='bbox 983 245 1028 282; x_wconf 78' lang='lat'><strong>4.</strong></span> <span class='ocrx_word' id='word_1_6' title='bbox 1055 264 1102 270; x_wconf 87' lang='lat'>-</span> <span class='ocrx_word' id='word_1_7' title='bbox 1127 244 1169 283; x_wconf 84' lang='lat'><strong>7.</strong></span> <span class='ocrx_word' id='word_1_8' title='bbox 1424 243 1515 282; x_wconf 78' lang='lat'>565</span> 
     </span>
    </p>
   </div>
   <div class='ocr_carea' id='block_1_2' title="bbox 48 352 1511 2939">
    <p class='ocr_par' dir='ltr' id='par_1_2' title="bbox 67 352 1511 631">
     <span class='ocr_line' id='line_1_2' title="bbox 70 352 1511 408; baseline -0.004 -10"><span class='ocrx_word' id='word_1_9' title='bbox 70 359 113 398; x_wconf 86' lang='lat' dir='ltr'><strong>L.</strong></span> <span class='ocrx_word' id='word_1_10' title='bbox 143 359 209 398; x_wconf 87' lang='lat' dir='ltr'>Ill.</span> <span class='ocrx_word' id='word_1_11' title='bbox 242 360 316 400; x_wconf 88' lang='grc'>31.</span> <span class='ocrx_word' id='word_1_12' title='bbox 348 357 566 396; x_wconf 83' lang='lat' dir='ltr'>osten’dunt.</span> <span class='ocrx_word' id='word_1_13' title='bbox 589 355 723 393; x_wconf 77' lang='lat' dir='ltr'><strong>Nostri</strong></span> <span class='ocrx_word' id='word_1_14' title='bbox 744 352 976 408; x_wconf 68' lang='grc' dir='ltr'><em>’,Αστέριος,</em></span> <span class='ocrx_word' id='word_1_15' title='bbox 997 356 1030 392; x_wconf 91' lang='lat' dir='ltr'>si</span> <span class='ocrx_word' id='word_1_16' title='bbox 1048 357 1194 403; x_wconf 87' lang='lat' dir='ltr'>lapsum</span> <span class='ocrx_word' id='word_1_17' title='bbox 1214 355 1417 393; x_wconf 77' lang='lat' dir='ltr'>scribentis</span> <span class='ocrx_word' id='word_1_18' title='bbox 1437 357 1511 392; x_wconf 92' lang='lat' dir='ltr'>tol-</span> 
     </span>
     <span class='ocr_line' id='line_1_3' title="bbox 69 411 1510 463; baseline -0.003 -9"><span class='ocrx_word' id='word_1_19' title='bbox 69 418 141 463; x_wconf 84' lang='lat' dir='ltr'>las,</span> <span class='ocrx_word' id='word_1_20' title='bbox 160 417 341 454; x_wconf 77' lang='lat' dir='ltr'>Aterium</span> <span class='ocrx_word' id='word_1_21' title='bbox 369 415 551 462; x_wconf 85' lang='lat' dir='ltr'>requirit,</span> <span class='ocrx_word' id='word_1_22' title='bbox 580 413 681 460; x_wconf 87' lang='lat' dir='ltr'>quod</span> <span class='ocrx_word' id='word_1_23' title='bbox 712 419 749 448; x_wconf 88' lang='lat' dir='ltr'>et</span> <span class='ocrx_word' id='word_1_24' title='bbox 776 425 919 450; x_wconf 73' lang='lat' dir='ltr'>verum.</span> <span class='ocrx_word' id='word_1_25' title='bbox 956 412 1057 449; x_wconf 89' lang='lat' dir='ltr'>Nota</span> <span class='ocrx_word' id='word_1_26' title='bbox 1085 415 1185 449; x_wconf 91' lang='lat' dir='ltr'>enim</span> <span class='ocrx_word' id='word_1_27' title='bbox 1216 425 1312 463; x_wconf 83' lang='lat' dir='ltr'>gens</span> <span class='ocrx_word' id='word_1_28' title='bbox 1338 411 1510 450; x_wconf 79' lang='lat' dir='ltr'>Romana</span> 
     </span>
     <span class='ocr_line' id='line_1_4' title="bbox 68 468 1506 519; baseline -0.004 -8"><span class='ocrx_word' id='word_1_29' title='bbox 68 474 213 511; x_wconf 74' lang='lat' dir='ltr'>Ater-ia</span> <span class='ocrx_word' id='word_1_30' title='bbox 241 480 320 519; x_wconf 87' lang='lat' dir='ltr'>est,</span> <span class='ocrx_word' id='word_1_31' title='bbox 352 473 459 507; x_wconf 88' lang='lat' dir='ltr'>cuius</span> <span class='ocrx_word' id='word_1_32' title='bbox 490 481 629 505; x_wconf 89' lang='lat' dir='ltr'>nomen</span> <span class='ocrx_word' id='word_1_33' title='bbox 653 468 890 505; x_wconf 88' lang='lat' dir='ltr'>multimodis</span> <span class='ocrx_word' id='word_1_34' title='bbox 919 471 1109 517; x_wconf 87' lang='lat' dir='ltr'>corrumpi</span> <span class='ocrx_word' id='word_1_35' title='bbox 1140 470 1265 518; x_wconf 88' lang='lat' dir='ltr'>potuit</span> <span class='ocrx_word' id='word_1_36' title='bbox 1288 468 1438 505; x_wconf 86' lang='lat' dir='ltr'>Latinis</span> <span class='ocrx_word' id='word_1_37' title='bbox 1466 470 1506 505; x_wconf 91' lang='lat' dir='ltr'>in</span> 
     </span>
     <span class='ocr_line' id='line_1_5' title="bbox 68 523 1505 575; baseline -0.003 -9"><span class='ocrx_word' id='word_1_38' title='bbox 68 530 192 575; x_wconf 87' lang='lat' dir='ltr'>libris,</span> <span class='ocrx_word' id='word_1_39' title='bbox 217 531 256 565; x_wconf 90' lang='lat' dir='ltr'>in</span> <span class='ocrx_word' id='word_1_40' title='bbox 280 528 437 564; x_wconf 87' lang='lat' dir='ltr'>Graecis</span> <span class='ocrx_word' id='word_1_41' title='bbox 457 525 662 561; x_wconf 89' lang='lat' dir='ltr'>difficilius.</span> <span class='ocrx_word' id='word_1_42' title='bbox 705 524 800 561; x_wconf 83' lang='lat' dir='ltr'>Vide</span> <span class='ocrx_word' id='word_1_43' title='bbox 823 531 949 561; x_wconf 88' lang='lat' dir='ltr'>tamen</span> <span class='ocrx_word' id='word_1_44' title='bbox 972 531 1010 560; x_wconf 83' lang='lat' dir='ltr'>et</span> <span class='ocrx_word' id='word_1_45' title='bbox 1031 523 1212 575; x_wconf 84' lang='lat' dir='ltr'>Pighium</span> <span class='ocrx_word' id='word_1_46' title='bbox 1235 527 1275 562; x_wconf 91' lang='lat' dir='ltr'>in</span> <span class='ocrx_word' id='word_1_47' title='bbox 1297 524 1435 561; x_wconf 84' lang='lat' dir='ltr'>Annal.</span> <span class='ocrx_word' id='word_1_48' title='bbox 1457 524 1505 562; x_wconf 88' lang='lat' dir='ltr'>ad</span> 
     </span>
     <span class='ocr_line' id='line_1_6' title="bbox 67 579 1463 631; baseline -0.003 -9"><span class='ocrx_word' id='word_1_49' title='bbox 67 598 156 622; x_wconf 86' lang='lat' dir='ltr'>ann.</span> <span class='ocrx_word' id='word_1_50' title='bbox 179 594 339 621; x_wconf 85' lang='lat' dir='ltr'>ccxc1x.</span> <span class='ocrx_word' id='word_1_51' title='bbox 367 582 502 620; x_wconf 69' lang='lat' dir='ltr'><strong>VVESS.</strong></span> <span class='ocrx_word' id='word_1_52' title='bbox 534 581 723 618; x_wconf 78' lang='lat' dir='ltr'><em>Aternius</em></span> <span class='ocrx_word' id='word_1_53' title='bbox 748 594 833 618; x_wconf 87' lang='lat' dir='ltr'>cum</span> <span class='ocrx_word' id='word_1_54' title='bbox 856 582 966 618; x_wconf 84' lang='lat' dir='ltr'>fastis</span> <span class='ocrx_word' id='word_1_55' title='bbox 985 579 1106 629; x_wconf 81' lang='lat' dir='ltr'><strong>Capit.</strong></span> <span class='ocrx_word' id='word_1_56' title='bbox 1128 579 1309 631; x_wconf 83' lang='lat' dir='ltr'>Borghes.</span> <span class='ocrx_word' id='word_1_57' title='bbox 1332 594 1367 630; x_wconf 89' lang='lat' dir='ltr'>p.</span> <span class='ocrx_word' id='word_1_58' title='bbox 1392 581 1463 620; x_wconf 89' lang='lat'>73.</span> 
     </span>
    </p>

    <p class='ocr_par' dir='ltr' id='par_1_3' title="bbox 62 633 1502 913">
     <span class='ocr_line' id='line_1_7' title="bbox 178 633 1502 690; baseline -0.005 -9"><span class='ocrx_word' id='word_1_59' title='bbox 178 642 284 681; x_wconf 79' lang='lat'><strong>481.</strong></span> <span class='ocrx_word' id='word_1_60' title='bbox 314 640 384 679; x_wconf 87' lang='lat'>59.</span> <span class='ocrx_word' id='word_1_61' title='bbox 430 635 544 678; x_wconf 69' lang='grc' dir='ltr'>Καθ’</span> <span class='ocrx_word' id='word_1_62' title='bbox 579 635 628 687; x_wconf 69' lang='grc' dir='ltr'>ἢν</span> <span class='ocrx_word' id='word_1_63' title='bbox 662 637 873 688; x_wconf 56' lang='grc' dir='ltr'>Τυλμίὸής</span> <span class='ocrx_word' id='word_1_64' title='bbox 906 637 981 687; x_wconf 66' lang='grc' dir='ltr'>μὲν</span> <span class='ocrx_word' id='word_1_65' title='bbox 1020 633 1254 687; x_wconf 70' lang='grc' dir='ltr'><em>μαχόμενος</em></span> <span class='ocrx_word' id='word_1_66' title='bbox 1291 635 1502 690; x_wconf 63' lang='grc' dir='ltr'>ἀνῃρέθη]</span> 
     </span>
     <span class='ocr_line' id='line_1_8' title="bbox 67 692 1502 742; baseline -0.003 -8"><span class='ocrx_word' id='word_1_67' title='bbox 67 695 243 734; x_wconf 87' lang='lat' dir='ltr'>Thebani</span> <span class='ocrx_word' id='word_1_68' title='bbox 263 697 376 732; x_wconf 88' lang='lat' dir='ltr'>ductu</span> <span class='ocrx_word' id='word_1_69' title='bbox 399 701 437 731; x_wconf 84' lang='lat' dir='ltr'>et</span> <span class='ocrx_word' id='word_1_70' title='bbox 454 696 634 742; x_wconf 81' lang='lat' dir='ltr'>auspiciis</span> <span class='ocrx_word' id='word_1_71' title='bbox 655 692 859 741; x_wconf 84' lang='lat' dir='ltr'>Spartonis</span> <span class='ocrx_word' id='word_1_72' title='bbox 880 692 1095 730; x_wconf 90' lang='lat' dir='ltr'>Tolmidem</span> <span class='ocrx_word' id='word_1_73' title='bbox 1115 700 1226 741; x_wconf 90' lang='lat' dir='ltr'>atque</span> <span class='ocrx_word' id='word_1_74' title='bbox 1248 692 1502 730; x_wconf 65' lang='lat' dir='ltr'>Athenienses</span> 
     </span>
     <span class='ocr_line' id='line_1_9' title="bbox 62 749 1500 800; baseline -0.003 -10"><span class='ocrx_word' id='word_1_75' title='bbox 62 754 267 799; x_wconf 85' lang='lat' dir='ltr'>fuderunt,</span> <span class='ocrx_word' id='word_1_76' title='bbox 304 758 400 788; x_wconf 86' lang='lat' dir='ltr'>teste</span> <span class='ocrx_word' id='word_1_77' title='bbox 431 749 636 787; x_wconf 83' lang='lat' dir='ltr'>Plutarcho</span> <span class='ocrx_word' id='word_1_78' title='bbox 667 752 810 800; x_wconf 82' lang='lat' dir='ltr'>Agesil.</span> <span class='ocrx_word' id='word_1_79' title='bbox 840 762 875 798; x_wconf 90' lang='lat' dir='ltr'><strong>p.</strong></span> <span class='ocrx_word' id='word_1_80' title='bbox 901 752 1006 789; x_wconf 80' lang='grc'><strong>606.</strong></span> <span class='ocrx_word' id='word_1_81' title='bbox 1028 749 1086 796; x_wconf 63' lang='grc' dir='ltr'>Α..</span> <span class='ocrx_word' id='word_1_82' title='bbox 1119 752 1183 799; x_wconf 93' lang='lat' dir='ltr'>qui</span> <span class='ocrx_word' id='word_1_83' title='bbox 1213 761 1360 799; x_wconf 87' lang='lat' dir='ltr'>quoque</span> <span class='ocrx_word' id='word_1_84' title='bbox 1382 749 1500 786; x_wconf 86' lang='lat' dir='ltr'>cladis</span> 
     </span>
     <span class='ocr_line' id='line_1_10' title="bbox 64 805 1497 856; baseline -0.004 -10"><span class='ocrx_word' id='word_1_85' title='bbox 64 813 146 846; x_wconf 86' lang='lat' dir='ltr'>eius</span> <span class='ocrx_word' id='word_1_86' title='bbox 163 811 336 846; x_wconf 86' lang='lat' dir='ltr'>meminit</span> <span class='ocrx_word' id='word_1_87' title='bbox 359 810 399 844; x_wconf 89' lang='lat' dir='ltr'>in</span> <span class='ocrx_word' id='word_1_88' title='bbox 421 806 557 844; x_wconf 89' lang='lat' dir='ltr'>Pericl.</span> <span class='ocrx_word' id='word_1_89' title='bbox 580 821 614 856; x_wconf 89' lang='lat' dir='ltr'>p.</span> <span class='ocrx_word' id='word_1_90' title='bbox 640 808 741 847; x_wconf 83' lang='lat'><strong>163.</strong></span> <span class='ocrx_word' id='word_1_91' title='bbox 763 805 820 853; x_wconf 61' lang='lat' dir='ltr'>B„</span> <span class='ocrx_word' id='word_1_92' title='bbox 843 808 954 843; x_wconf 86' lang='lat' dir='ltr'>sicuti</span> <span class='ocrx_word' id='word_1_93' title='bbox 976 813 1013 843; x_wconf 91' lang='lat' dir='ltr'>et</span> <span class='ocrx_word' id='word_1_94' title='bbox 1032 805 1242 844; x_wconf 81' lang='lat' dir='ltr'>Pausanias</span> <span class='ocrx_word' id='word_1_95' title='bbox 1261 806 1302 842; x_wconf 88' lang='lat' dir='ltr'>L.</span> <span class='ocrx_word' id='word_1_96' title='bbox 1318 805 1345 842; x_wconf 91' lang='lat'><strong>1.</strong></span> <span class='ocrx_word' id='word_1_97' title='bbox 1366 807 1439 845; x_wconf 86' lang='grc'>27.</span> <span class='ocrx_word' id='word_1_98' title='bbox 1463 818 1497 854; x_wconf 90' lang='lat' dir='ltr'>p.</span> 
     </span>
     <span class='ocr_line' id='line_1_11' title="bbox 64 862 970 913; baseline -0.004 -10"><span class='ocrx_word' id='word_1_99' title='bbox 64 867 136 906; x_wconf 76' lang='lat'><strong>(35.</strong></span> <span class='ocrx_word' id='word_1_100' title='bbox 157 872 195 902; x_wconf 87' lang='lat' dir='ltr'>et</span> <span class='ocrx_word' id='word_1_101' title='bbox 216 864 273 901; x_wconf 91' lang='lat' dir='ltr'>his</span> <span class='ocrx_word' id='word_1_102' title='bbox 294 866 399 913; x_wconf 88' lang='lat' dir='ltr'>prior</span> <span class='ocrx_word' id='word_1_103' title='bbox 419 862 636 913; x_wconf 83' lang='lat' dir='ltr'>Thucydid.</span> <span class='ocrx_word' id='word_1_104' title='bbox 660 863 686 900; x_wconf 90' lang='lat' dir='ltr'>l.</span> <span class='ocrx_word' id='word_1_105' title='bbox 712 865 814 903; x_wconf 86' lang='grc'><strong>112.</strong></span> <span class='ocrx_word' id='word_1_106' title='bbox 837 863 970 900; x_wconf 61' lang='lat' dir='ltr'>W&#39;Ess.</span> 
     </span>
    </p>

    <p class='ocr_par' dir='ltr' id='par_1_4' title="bbox 53 916 1496 1477">
     <span class='ocr_line' id='line_1_12' title="bbox 172 916 1496 966; baseline -0.003 -6"><span class='ocrx_word' id='word_1_107' title='bbox 172 921 279 961; x_wconf 87' lang='grc'><strong>482.</strong></span> <span class='ocrx_word' id='word_1_108' title='bbox 303 923 375 961; x_wconf 86' lang='grc'>67.</span> <span class='ocrx_word' id='word_1_109' title='bbox 410 918 588 966; x_wconf 61' lang='grc' dir='ltr'><em>Σέξστον</em></span> <span class='ocrx_word' id='word_1_110' title='bbox 609 920 820 965; x_wconf 75' lang='grc' dir='ltr'><em>Κοΐντιον]</em></span> <span class='ocrx_word' id='word_1_111' title='bbox 851 919 1042 958; x_wconf 67' lang='grc' dir='ltr'>Κοΐντιον</span> <span class='ocrx_word' id='word_1_112' title='bbox 1064 924 1169 955; x_wconf 86' lang='lat' dir='ltr'>muta</span> <span class='ocrx_word' id='word_1_113' title='bbox 1188 919 1229 955; x_wconf 91' lang='lat' dir='ltr'>in</span> <span class='ocrx_word' id='word_1_114' title='bbox 1251 916 1496 956; x_wconf 76' lang='grc' dir='ltr'><strong>Κυϊντίλιον.</strong></span> 
     </span>
     <span class='ocr_line' id='line_1_13' title="bbox 59 973 1496 1025; baseline -0.002 -12"><span class='ocrx_word' id='word_1_115' title='bbox 59 976 110 1014; x_wconf 88' lang='lat' dir='ltr'>At</span> <span class='ocrx_word' id='word_1_116' title='bbox 140 975 291 1024; x_wconf 60' lang='grc' dir='ltr'><em>Σέξτον</em></span> <span class='ocrx_word' id='word_1_117' title='bbox 322 989 531 1025; x_wconf 82' lang='lat' dir='ltr'>pronomen</span> <span class='ocrx_word' id='word_1_118' title='bbox 561 976 689 1023; x_wconf 87' lang='lat' dir='ltr'>deest,</span> <span class='ocrx_word' id='word_1_119' title='bbox 736 983 779 1012; x_wconf 91' lang='lat' dir='ltr'>ut</span> <span class='ocrx_word' id='word_1_120' title='bbox 807 978 846 1012; x_wconf 91' lang='lat' dir='ltr'>in</span> <span class='ocrx_word' id='word_1_121' title='bbox 869 977 988 1011; x_wconf 83' lang='lat' dir='ltr'>altero</span> <span class='ocrx_word' id='word_1_122' title='bbox 1019 973 1104 1011; x_wconf 79' lang='lat' dir='ltr'>Cos,</span> <span class='ocrx_word' id='word_1_123' title='bbox 1127 987 1356 1025; x_wconf 74' lang='lat' dir='ltr'>praenomen</span> <span class='ocrx_word' id='word_1_124' title='bbox 1385 981 1496 1022; x_wconf 86' lang='lat' dir='ltr'>atquc</span> 
     </span>
     <span class='ocr_line' id='line_1_14' title="bbox 58 1027 1495 1084; baseline -0.003 -14"><span class='ocrx_word' id='word_1_125' title='bbox 58 1046 198 1070; x_wconf 87' lang='lat' dir='ltr'>nomen</span> <span class='ocrx_word' id='word_1_126' title='bbox 219 1035 346 1079; x_wconf 82' lang='lat' dir='ltr'>simul,</span> <span class='ocrx_word' id='word_1_127' title='bbox 376 1046 508 1082; x_wconf 84' lang='lat' dir='ltr'>nempe</span> <span class='ocrx_word' id='word_1_128' title='bbox 529 1028 745 1071; x_wconf 71' lang='grc' dir='ltr'>Πούπλιον</span> <span class='ocrx_word' id='word_1_129' title='bbox 759 1027 961 1084; x_wconf 50' lang='grc' dir='ltr'><strong>(Οράτιον.</strong></span> <span class='ocrx_word' id='word_1_130' title='bbox 982 1030 1117 1069; x_wconf 78' lang='lat' dir='ltr'>Ruon.</span> <span class='ocrx_word' id='word_1_131' title='bbox 1166 1031 1206 1067; x_wconf 93' lang='lat' dir='ltr'>ln</span> <span class='ocrx_word' id='word_1_132' title='bbox 1228 1029 1495 1067; x_wconf 84' lang='lat' dir='ltr'>Rhodomanni</span> 
     </span>
     <span class='ocr_line' id='line_1_15' title="bbox 58 1087 1495 1137; baseline -0.002 -11"><span class='ocrx_word' id='word_1_133' title='bbox 58 1098 151 1127; x_wconf 89' lang='lat' dir='ltr'>nota</span> <span class='ocrx_word' id='word_1_134' title='bbox 168 1090 351 1137; x_wconf 85' lang='lat' dir='ltr'>quaedam</span> <span class='ocrx_word' id='word_1_135' title='bbox 370 1091 500 1125; x_wconf 81' lang='lat' dir='ltr'>luxata</span> <span class='ocrx_word' id='word_1_136' title='bbox 520 1096 620 1125; x_wconf 89' lang='lat' dir='ltr'>sunt.</span> <span class='ocrx_word' id='word_1_137' title='bbox 656 1089 801 1134; x_wconf 77' lang='lat' dir='ltr'>Voluit,</span> <span class='ocrx_word' id='word_1_138' title='bbox 831 1088 957 1131; x_wconf 78' lang='lat' dir='ltr'>credo,</span> <span class='ocrx_word' id='word_1_139' title='bbox 981 1087 1101 1124; x_wconf 87' lang='lat' dir='ltr'>Sexto</span> <span class='ocrx_word' id='word_1_140' title='bbox 1121 1088 1334 1131; x_wconf 82' lang='lat' dir='ltr'>Quinctilio</span> <span class='ocrx_word' id='word_1_141' title='bbox 1354 1100 1495 1137; x_wconf 85' lang='lat' dir='ltr'>cogno-</span> 
     </span>
     <span class='ocr_line' id='line_1_16' title="bbox 57 1139 1494 1195; baseline -0.002 -12"><span class='ocrx_word' id='word_1_142' title='bbox 57 1159 145 1183; x_wconf 88' lang='lat' dir='ltr'>men</span> <span class='ocrx_word' id='word_1_143' title='bbox 168 1147 312 1190; x_wconf 84' lang='lat' dir='ltr'>deesse,</span> <span class='ocrx_word' id='word_1_144' title='bbox 336 1147 448 1182; x_wconf 84' lang='lat' dir='ltr'>sicuti</span> <span class='ocrx_word' id='word_1_145' title='bbox 470 1157 699 1192; x_wconf 74' lang='lat' dir='ltr'>praenomen</span> <span class='ocrx_word' id='word_1_146' title='bbox 722 1152 760 1181; x_wconf 88' lang='lat' dir='ltr'>et</span> <span class='ocrx_word' id='word_1_147' title='bbox 782 1158 920 1181; x_wconf 88' lang='lat' dir='ltr'>nomen</span> <span class='ocrx_word' id='word_1_148' title='bbox 942 1143 1195 1195; x_wconf 84' lang='lat' dir='ltr'>Tergemino:</span> <span class='ocrx_word' id='word_1_149' title='bbox 1235 1156 1345 1193; x_wconf 86' lang='lat' dir='ltr'>quem</span> <span class='ocrx_word' id='word_1_150' title='bbox 1375 1139 1494 1182; x_wconf 82' lang='grc' dir='ltr'><em>ΙῙού-</em></span> 
     </span>
     <span class='ocr_line' id='line_1_17' title="bbox 56 1197 1493 1253; baseline -0.004 -13"><span class='ocrx_word' id='word_1_151' title='bbox 56 1204 171 1240; x_wconf 63' lang='grc' dir='ltr'>πλιοιν</span> <span class='ocrx_word' id='word_1_152' title='bbox 199 1198 390 1253; x_wconf 58' lang='grc' dir='ltr'>ίΟροίτιον</span> <span class='ocrx_word' id='word_1_153' title='bbox 418 1202 635 1249; x_wconf 70' lang='lat' dir='ltr'>adpellans,</span> <span class='ocrx_word' id='word_1_154' title='bbox 673 1205 865 1238; x_wconf 81' lang='lat' dir='ltr'>consentit</span> <span class='ocrx_word' id='word_1_155' title='bbox 885 1201 1035 1250; x_wconf 83' lang='lat' dir='ltr'>quidem</span> <span class='ocrx_word' id='word_1_156' title='bbox 1056 1214 1139 1237; x_wconf 88' lang='lat' dir='ltr'>cum</span> <span class='ocrx_word' id='word_1_157' title='bbox 1164 1199 1355 1249; x_wconf 67' lang='lat' dir='ltr'>Dionysio</span> <span class='ocrx_word' id='word_1_158' title='bbox 1378 1198 1419 1235; x_wconf 86' lang='lat' dir='ltr'><strong>L.</strong></span> <span class='ocrx_word' id='word_1_159' title='bbox 1439 1197 1493 1235; x_wconf 91' lang='lat' dir='ltr'>X.</span> 
     </span>
     <span class='ocr_line' id='line_1_18' title="bbox 55 1256 1491 1307; baseline -0.003 -12"><span class='ocrx_word' id='word_1_160' title='bbox 55 1256 166 1295; x_wconf 82' lang='lat' dir='ltr'>Rom.</span> <span class='ocrx_word' id='word_1_161' title='bbox 179 1258 307 1306; x_wconf 87' lang='lat' dir='ltr'>Antiq.</span> <span class='ocrx_word' id='word_1_162' title='bbox 327 1272 362 1307; x_wconf 88' lang='lat' dir='ltr'><strong>p.</strong></span> <span class='ocrx_word' id='word_1_163' title='bbox 379 1259 496 1304; x_wconf 72' lang='lat'>670,</span> <span class='ocrx_word' id='word_1_164' title='bbox 518 1264 557 1294; x_wconf 86' lang='lat' dir='ltr'>at</span> <span class='ocrx_word' id='word_1_165' title='bbox 577 1258 655 1293; x_wconf 89' lang='lat' dir='ltr'>abit</span> <span class='ocrx_word' id='word_1_166' title='bbox 679 1270 701 1293; x_wconf 92' lang='lat' dir='ltr'>a</span> <span class='ocrx_word' id='word_1_167' title='bbox 721 1257 833 1294; x_wconf 81' lang='lat' dir='ltr'>Livio</span> <span class='ocrx_word' id='word_1_168' title='bbox 858 1257 919 1293; x_wconf 83' lang='grc' dir='ltr'><strong>ΙΙΙ.</strong></span> <span class='ocrx_word' id='word_1_169' title='bbox 943 1258 1029 1304; x_wconf 78' lang='grc'><strong>3·.)..,</strong></span> <span class='ocrx_word' id='word_1_170' title='bbox 1051 1258 1112 1292; x_wconf 90' lang='lat' dir='ltr'>cui</span> <span class='ocrx_word' id='word_1_171' title='bbox 1137 1257 1354 1303; x_wconf 74' lang='lat' dir='ltr'>Curiatius,</span> <span class='ocrx_word' id='word_1_172' title='bbox 1376 1257 1432 1292; x_wconf 84' lang='lat' dir='ltr'>uti</span> <span class='ocrx_word' id='word_1_173' title='bbox 1452 1259 1491 1292; x_wconf 91' lang='lat' dir='ltr'>in</span> 
     </span>
     <span class='ocr_line' id='line_1_19' title="bbox 54 1311 1494 1364; baseline -0.003 -13"><span class='ocrx_word' id='word_1_174' title='bbox 54 1315 246 1352; x_wconf 81' lang='lat' dir='ltr'>versione.</span> <span class='ocrx_word' id='word_1_175' title='bbox 277 1314 353 1351; x_wconf 89' lang='lat' dir='ltr'>Pro</span> <span class='ocrx_word' id='word_1_176' title='bbox 372 1314 548 1351; x_wconf 76' lang='lat' dir='ltr'>Horatio</span> <span class='ocrx_word' id='word_1_177' title='bbox 569 1320 713 1363; x_wconf 82' lang='lat' dir='ltr'>pugnat</span> <span class='ocrx_word' id='word_1_178' title='bbox 735 1313 895 1364; x_wconf 85' lang='lat' dir='ltr'>Pighius</span> <span class='ocrx_word' id='word_1_179' title='bbox 914 1312 1063 1352; x_wconf 85' lang='lat' dir='ltr'>Fastor.</span> <span class='ocrx_word' id='word_1_180' title='bbox 1087 1312 1126 1349; x_wconf 85' lang='lat' dir='ltr'><strong>L.</strong></span> <span class='ocrx_word' id='word_1_181' title='bbox 1140 1313 1185 1349; x_wconf 91' lang='lat' dir='ltr'>ll.</span> <span class='ocrx_word' id='word_1_182' title='bbox 1207 1325 1241 1360; x_wconf 92' lang='lat' dir='ltr'><strong>p.</strong></span> <span class='ocrx_word' id='word_1_183' title='bbox 1257 1314 1375 1357; x_wconf 63' lang='lat'>136„</span> <span class='ocrx_word' id='word_1_184' title='bbox 1393 1311 1494 1348; x_wconf 88' lang='lat' dir='ltr'>Pan-</span> 
     </span>
     <span class='ocr_line' id='line_1_20' title="bbox 54 1368 1490 1419; baseline -0.003 -11"><span class='ocrx_word' id='word_1_185' title='bbox 54 1373 185 1408; x_wconf 80' lang='lat' dir='ltr'>vinius</span> <span class='ocrx_word' id='word_1_186' title='bbox 208 1383 276 1419; x_wconf 85' lang='lat' dir='ltr'>pro</span> <span class='ocrx_word' id='word_1_187' title='bbox 299 1370 481 1407; x_wconf 73' lang='lat' dir='ltr'>Curiatio</span> <span class='ocrx_word' id='word_1_188' title='bbox 509 1370 558 1407; x_wconf 92' lang='lat' dir='ltr'>ad</span> <span class='ocrx_word' id='word_1_189' title='bbox 577 1383 666 1406; x_wconf 84' lang='lat' dir='ltr'>ann.</span> <span class='ocrx_word' id='word_1_190' title='bbox 690 1379 789 1405; x_wconf 78' lang='lat' dir='ltr'>ecel.</span> <span class='ocrx_word' id='word_1_191' title='bbox 802 1381 815 1416; x_wconf 88' lang='lat'>‚·</span> <span class='ocrx_word' id='word_1_192' title='bbox 843 1369 937 1405; x_wconf 90' lang='lat' dir='ltr'>mihi</span> <span class='ocrx_word' id='word_1_193' title='bbox 958 1383 1018 1405; x_wconf 89' lang='lat' dir='ltr'>res</span> <span class='ocrx_word' id='word_1_194' title='bbox 1040 1369 1154 1406; x_wconf 88' lang='lat' dir='ltr'>dubia</span> <span class='ocrx_word' id='word_1_195' title='bbox 1175 1377 1245 1406; x_wconf 83' lang='lat' dir='ltr'>est.</span> <span class='ocrx_word' id='word_1_196' title='bbox 1288 1368 1366 1405; x_wconf 80' lang='lat' dir='ltr'>T·e1</span> <span class='ocrx_word' id='word_1_197' title='bbox 1367 1370 1490 1417; x_wconf 78' lang='lat' dir='ltr'>gemi-</span> 
     </span>
     <span class='ocr_line' id='line_1_21' title="bbox 53 1396 1460 1494; baseline -0.002 -30"><span class='ocrx_word' id='word_1_198' title='bbox 53 1439 127 1464; x_wconf 74' lang='lat' dir='ltr'>nus</span> <span class='ocrx_word' id='word_1_199' title='bbox 144 1429 272 1478; x_wconf 83' lang='lat' dir='ltr'>gentis</span> <span class='ocrx_word' id='word_1_200' title='bbox 294 1428 492 1474; x_wconf 86' lang='lat' dir='ltr'>utriusque</span> <span class='ocrx_word' id='word_1_201' title='bbox 513 1433 570 1463; x_wconf 89' lang='lat' dir='ltr'>est</span> <span class='ocrx_word' id='word_1_202' title='bbox 588 1439 829 1494; x_wconf 86' lang='lat' dir='ltr'>cognomen.</span> <span class='ocrx_word' id='word_1_203' title='bbox 842 1425 978 1464; x_wconf 67' lang='lat' dir='ltr'>wass.</span> <span class='ocrx_word' id='word_1_204' title='bbox 1010 1425 1053 1462; x_wconf 88' lang='lat' dir='ltr'>V.</span> <span class='ocrx_word' id='word_1_205' title='bbox 1074 1424 1258 1476; x_wconf 77' lang='lat' dir='ltr'>Borglies.</span> <span class='ocrx_word' id='word_1_206' title='bbox 1277 1439 1312 1475; x_wconf 88' lang='lat' dir='ltr'><strong>p.</strong></span> <span class='ocrx_word' id='word_1_207' title='bbox 1337 1396 1408 1464; x_wconf 87' lang='grc'>79.</span> <span class='ocrx_word' id='word_1_208' title='bbox 1431 1438 1460 1461; x_wconf 85' lang='lat' dir='ltr'>s.</span> 
     </span>
    </p>

    <p class='ocr_par' dir='ltr' id='par_1_5' title="bbox 48 1457 1495 2267">
     <span class='ocr_line' id='line_1_22' title="bbox 144 1457 1491 1534; baseline -0.005 -9.921"><span class='ocrx_word' id='word_1_209' title='bbox 144 1457 267 1524; x_wconf 60' lang='lat' dir='ltr'>t³482</span> <span class='ocrx_word' id='word_1_210' title='bbox 294 1484 367 1523; x_wconf 97' lang='grc'><strong>69</strong></span> <span class='ocrx_word' id='word_1_211' title='bbox 396 1482 502 1534; x_wconf 63' lang='grc' dir='ltr'>Περὶ</span> <span class='ocrx_word' id='word_1_212' title='bbox 522 1478 697 1533; x_wconf 71' lang='grc' dir='ltr'><strong><em>Χαιρώι</em></strong></span> <span class='ocrx_word' id='word_1_213' title='bbox 688 1497 784 1522; x_wconf 75' lang='grc' dir='ltr'><strong><em>ειαν</em></strong></span> <span class='ocrx_word' id='word_1_214' title='bbox 804 1473 933 1533; x_wconf 76' lang='grc' dir='ltr'><strong><em>ἧτται</em></strong></span> <span class='ocrx_word' id='word_1_215' title='bbox 943 1485 959 1528; x_wconf 89' lang='grc'>]</span> <span class='ocrx_word' id='word_1_216' title='bbox 992 1481 1177 1530; x_wconf 83' lang='lat' dir='ltr'>Suspicor</span> <span class='ocrx_word' id='word_1_217' title='bbox 1195 1484 1378 1529; x_wconf 84' lang='lat' dir='ltr'>scriptum</span> <span class='ocrx_word' id='word_1_218' title='bbox 1399 1482 1491 1517; x_wconf 91' lang='lat' dir='ltr'>olim</span> 
     </span>
     <span class='ocr_line' id='line_1_23' title="bbox 49 1535 1490 1590; baseline -0.001 -14"><span class='ocrx_word' id='word_1_219' title='bbox 49 1540 171 1577; x_wconf 83' lang='lat' dir='ltr'>fuisse</span> <span class='ocrx_word' id='word_1_220' title='bbox 185 1538 274 1590; x_wconf 78' lang='grc' dir='ltr'>περὶ</span> <span class='ocrx_word' id='word_1_221' title='bbox 296 1535 446 1588; x_wconf 73' lang='grc' dir='ltr'><em>Κορώι</em></span> <span class='ocrx_word' id='word_1_222' title='bbox 449 1554 546 1577; x_wconf 66' lang='grc' dir='ltr'><strong>ειαπ.</strong></span> <span class='ocrx_word' id='word_1_223' title='bbox 575 1539 635 1577; x_wconf 83' lang='lat' dir='ltr'>Ad</span> <span class='ocrx_word' id='word_1_224' title='bbox 655 1552 736 1577; x_wconf 86' lang='lat' dir='ltr'>eam</span> <span class='ocrx_word' id='word_1_225' title='bbox 754 1540 857 1575; x_wconf 88' lang='lat' dir='ltr'>enim</span> <span class='ocrx_word' id='word_1_226' title='bbox 876 1539 1022 1585; x_wconf 86' lang='lat' dir='ltr'>urbem,</span> <span class='ocrx_word' id='word_1_227' title='bbox 1049 1538 1154 1588; x_wconf 77' lang='lat' dir='ltr'>quod</span> <span class='ocrx_word' id='word_1_228' title='bbox 1171 1538 1283 1575; x_wconf 83' lang='lat' dir='ltr'>modo</span> <span class='ocrx_word' id='word_1_229' title='bbox 1304 1550 1490 1574; x_wconf 85' lang='lat' dir='ltr'>memora-</span> 
     </span>
     <span class='ocr_line' id='line_1_24' title="bbox 51 1593 1492 1645; baseline -0.001 -13"><span class='ocrx_word' id='word_1_230' title='bbox 51 1597 124 1643; x_wconf 72' lang='lat' dir='ltr'>vit,</span> <span class='ocrx_word' id='word_1_231' title='bbox 153 1596 301 1632; x_wconf 85' lang='lat' dir='ltr'>infelici</span> <span class='ocrx_word' id='word_1_232' title='bbox 319 1596 462 1645; x_wconf 88' lang='lat' dir='ltr'>praelio</span> <span class='ocrx_word' id='word_1_233' title='bbox 482 1597 578 1632; x_wconf 81' lang='lat' dir='ltr'>victi</span> <span class='ocrx_word' id='word_1_234' title='bbox 596 1595 850 1633; x_wconf 87' lang='lat' dir='ltr'>Athenienses</span> <span class='ocrx_word' id='word_1_235' title='bbox 868 1595 1138 1632; x_wconf 84' lang='lat' dir='ltr'>discesserunt.</span> <span class='ocrx_word' id='word_1_236' title='bbox 1167 1593 1295 1631; x_wconf 84' lang='lat' dir='ltr'>Simili</span> <span class='ocrx_word' id='word_1_237' title='bbox 1313 1595 1492 1630; x_wconf 90' lang='lat' dir='ltr'>librario-</span> 
     </span>
     <span class='ocr_line' id='line_1_25' title="bbox 50 1650 1491 1703; baseline -0.001 -15"><span class='ocrx_word' id='word_1_238' title='bbox 50 1665 135 1688; x_wconf 78' lang='lat' dir='ltr'>rum</span> <span class='ocrx_word' id='word_1_239' title='bbox 154 1659 308 1700; x_wconf 86' lang='lat' dir='ltr'>peccato</span> <span class='ocrx_word' id='word_1_240' title='bbox 327 1653 370 1688; x_wconf 88' lang='lat' dir='ltr'>in</span> <span class='ocrx_word' id='word_1_241' title='bbox 391 1651 568 1689; x_wconf 85' lang='lat' dir='ltr'>Isocratis</span> <span class='ocrx_word' id='word_1_242' title='bbox 588 1651 696 1689; x_wconf 84' lang='lat' dir='ltr'>Orat.</span> <span class='ocrx_word' id='word_1_243' title='bbox 714 1651 760 1688; x_wconf 89' lang='lat' dir='ltr'>de</span> <span class='ocrx_word' id='word_1_244' title='bbox 779 1651 862 1703; x_wconf 78' lang='lat' dir='ltr'>Big.</span> <span class='ocrx_word' id='word_1_245' title='bbox 885 1665 918 1701; x_wconf 91' lang='lat' dir='ltr'>p.</span> <span class='ocrx_word' id='word_1_246' title='bbox 943 1653 1046 1691; x_wconf 86' lang='lat'><strong>521.</strong></span> <span class='ocrx_word' id='word_1_247' title='bbox 1072 1651 1117 1687; x_wconf 88' lang='lat' dir='ltr'>de</span> <span class='ocrx_word' id='word_1_248' title='bbox 1139 1658 1245 1699; x_wconf 87' lang='lat' dir='ltr'>patre</span> <span class='ocrx_word' id='word_1_249' title='bbox 1267 1650 1491 1697; x_wconf 79' lang='lat' dir='ltr'>Alcibiadis,</span> 
     </span>
     <span class='ocr_line' id='line_1_26' title="bbox 51 1703 1492 1762; baseline -0.001 -15"><span class='ocrx_word' id='word_1_250' title='bbox 51 1703 71 1746; x_wconf 76' lang='grc' dir='ltr'><em>ὃ</em></span> <span class='ocrx_word' id='word_1_251' title='bbox 100 1707 144 1747; x_wconf 71' lang='grc' dir='ltr'>δὲ</span> <span class='ocrx_word' id='word_1_252' title='bbox 173 1705 310 1759; x_wconf 78' lang='grc' dir='ltr'><em>πατὴρ</em></span> <span class='ocrx_word' id='word_1_253' title='bbox 334 1705 462 1746; x_wconf 72' lang='grc' dir='ltr'><em>αὐτοῦ</em></span> <span class='ocrx_word' id='word_1_254' title='bbox 482 1704 717 1759; x_wconf 80' lang='grc' dir='ltr'><em>μαχόμενος</em></span> <span class='ocrx_word' id='word_1_255' title='bbox 739 1706 780 1746; x_wconf 73' lang='grc' dir='ltr'>ἓν</span> <span class='ocrx_word' id='word_1_256' title='bbox 799 1707 1036 1762; x_wconf 62' lang='grc' dir='ltr'>λ’(ιιραηέίᾳ</span> <span class='ocrx_word' id='word_1_257' title='bbox 1056 1711 1142 1752; x_wconf 77' lang='grc' dir='ltr'>τοῖς</span> <span class='ocrx_word' id='word_1_258' title='bbox 1165 1706 1373 1756; x_wconf 60' lang='grc' dir='ltr'><em>πολεμίοις</em></span> <span class='ocrx_word' id='word_1_259' title='bbox 1392 1704 1492 1745; x_wconf 73' lang='grc' dir='ltr'>ἀπέ-</span> 
     </span>
     <span class='ocr_line' id='line_1_27' title="bbox 50 1762 1493 1815; baseline -0.003 -12"><span class='ocrx_word' id='word_1_260' title='bbox 50 1766 170 1803; x_wconf 74' lang='grc' dir='ltr'><strong>θανε.</strong></span> <span class='ocrx_word' id='word_1_261' title='bbox 189 1764 308 1812; x_wconf 90' lang='lat' dir='ltr'>Atqui</span> <span class='ocrx_word' id='word_1_262' title='bbox 327 1762 473 1801; x_wconf 91' lang='lat' dir='ltr'>Clinias</span> <span class='ocrx_word' id='word_1_263' title='bbox 494 1772 648 1802; x_wconf 87' lang='lat' dir='ltr'>strenue</span> <span class='ocrx_word' id='word_1_264' title='bbox 671 1777 846 1815; x_wconf 89' lang='lat' dir='ltr'>pugnans</span> <span class='ocrx_word' id='word_1_265' title='bbox 865 1764 911 1800; x_wconf 86' lang='lat' dir='ltr'>ad</span> <span class='ocrx_word' id='word_1_266' title='bbox 924 1762 1137 1801; x_wconf 87' lang='lat' dir='ltr'>Coroneam</span> <span class='ocrx_word' id='word_1_267' title='bbox 1158 1764 1349 1809; x_wconf 80' lang='lat' dir='ltr'>occubuit,</span> <span class='ocrx_word' id='word_1_268' title='bbox 1379 1763 1493 1799; x_wconf 90' lang='lat' dir='ltr'>sicuti</span> 
     </span>
     <span class='ocr_line' id='line_1_28' title="bbox 51 1819 1492 1870; baseline 0 -13"><span class='ocrx_word' id='word_1_269' title='bbox 51 1821 99 1858; x_wconf 88' lang='lat' dir='ltr'>ad</span> <span class='ocrx_word' id='word_1_270' title='bbox 120 1820 288 1858; x_wconf 82' lang='lat' dir='ltr'>Hierocl.</span> <span class='ocrx_word' id='word_1_271' title='bbox 308 1819 535 1870; x_wconf 83' lang='lat' dir='ltr'>Synecdem.</span> <span class='ocrx_word' id='word_1_272' title='bbox 556 1835 592 1870; x_wconf 88' lang='lat' dir='ltr'><strong>p.</strong></span> <span class='ocrx_word' id='word_1_273' title='bbox 610 1821 716 1861; x_wconf 88' lang='grc'><strong>644.</strong></span> <span class='ocrx_word' id='word_1_274' title='bbox 735 1821 896 1857; x_wconf 85' lang='lat' dir='ltr'>ostendi</span> <span class='ocrx_word' id='word_1_275' title='bbox 926 1819 1017 1856; x_wconf 89' lang='lat' dir='ltr'>Fuit</span> <span class='ocrx_word' id='word_1_276' title='bbox 1037 1833 1128 1870; x_wconf 82' lang='lat' dir='ltr'>ergo</span> <span class='ocrx_word' id='word_1_277' title='bbox 1150 1826 1187 1855; x_wconf 84' lang='lat' dir='ltr'>et</span> <span class='ocrx_word' id='word_1_278' title='bbox 1209 1819 1299 1856; x_wconf 83' lang='lat' dir='ltr'>ibi</span> <span class='ocrx_word' id='word_1_279' title='bbox 1282 1834 1323 1857; x_wconf 72' lang='grc' dir='ltr'>ει</span> <span class='ocrx_word' id='word_1_280' title='bbox 1345 1820 1492 1869; x_wconf 76' lang='grc' dir='ltr'><em>Κορω-</em></span> 
     </span>
     <span class='ocr_line' id='line_1_29' title="bbox 51 1874 1492 1932; baseline -0.003 -17"><span class='ocrx_word' id='word_1_281' title='bbox 51 1876 159 1932; x_wconf 71' lang='grc' dir='ltr'>νειά,</span> <span class='ocrx_word' id='word_1_282' title='bbox 189 1876 536 1927; x_wconf 79' lang='lat' dir='ltr'>quemadmodum</span> <span class='ocrx_word' id='word_1_283' title='bbox 525 1890 568 1914; x_wconf 83' lang='lat' dir='ltr'>ln</span> <span class='ocrx_word' id='word_1_284' title='bbox 588 1876 816 1926; x_wconf 88' lang='lat' dir='ltr'>Thucydide</span> <span class='ocrx_word' id='word_1_285' title='bbox 841 1877 867 1914; x_wconf 89' lang='lat'><strong>1.</strong></span> <span class='ocrx_word' id='word_1_286' title='bbox 895 1878 996 1916; x_wconf 89' lang='grc'><strong>112.</strong></span> <span class='ocrx_word' id='word_1_287' title='bbox 1039 1875 1137 1912; x_wconf 89' lang='lat' dir='ltr'>Nam</span> <span class='ocrx_word' id='word_1_288' title='bbox 1158 1876 1256 1924; x_wconf 86' lang='lat' dir='ltr'>quod</span> <span class='ocrx_word' id='word_1_289' title='bbox 1280 1874 1492 1913; x_wconf 88' lang='lat' dir='ltr'>Palmerius</span> 
     </span>
     <span class='ocr_line' id='line_1_30' title="bbox 50 1919 1492 1984; baseline -0.006 -10"><span class='ocrx_word' id='word_1_290' title='bbox 50 1919 221 1971; x_wconf 75' lang='lat' dir='ltr'>Exercit</span> <span class='ocrx_word' id='word_1_291' title='bbox 244 1947 278 1984; x_wconf 88' lang='lat' dir='ltr'><strong>p.</strong></span> <span class='ocrx_word' id='word_1_292' title='bbox 300 1934 375 1973; x_wconf 84' lang='grc'>46.</span> <span class='ocrx_word' id='word_1_293' title='bbox 405 1932 447 1971; x_wconf 76' lang='grc' dir='ltr'>ἓν</span> <span class='ocrx_word' id='word_1_294' title='bbox 466 1928 762 1984; x_wconf 79' lang='grc' dir='ltr'><em>Κορωνειάτιὸι</em></span> <span class='ocrx_word' id='word_1_295' title='bbox 783 1935 920 1970; x_wconf 89' lang='lat' dir='ltr'>melius</span> <span class='ocrx_word' id='word_1_296' title='bbox 941 1931 974 1968; x_wconf 90' lang='lat' dir='ltr'>&#39;I</span> <span class='ocrx_word' id='word_1_297' title='bbox 980 1931 1206 1982; x_wconf 64' lang='lat' dir='ltr'>huc3dn1mu</span> <span class='ocrx_word' id='word_1_298' title='bbox 1227 1933 1346 1968; x_wconf 85' lang='lat' dir='ltr'>fuisse</span> <span class='ocrx_word' id='word_1_299' title='bbox 1366 1931 1492 1968; x_wconf 87' lang='lat' dir='ltr'>dictu-</span> 
     </span>
     <span class='ocr_line' id='line_1_31' title="bbox 48 1987 1492 2036; baseline -0.003 -9"><span class='ocrx_word' id='word_1_300' title='bbox 48 2002 134 2027; x_wconf 85' lang='lat' dir='ltr'>rum</span> <span class='ocrx_word' id='word_1_301' title='bbox 147 1990 333 2036; x_wconf 86' lang='lat' dir='ltr'>adfirmat,</span> <span class='ocrx_word' id='word_1_302' title='bbox 350 1989 390 2026; x_wconf 92' lang='lat' dir='ltr'>id</span> <span class='ocrx_word' id='word_1_303' title='bbox 401 1991 547 2026; x_wconf 91' lang='lat' dir='ltr'>nullius</span> <span class='ocrx_word' id='word_1_304' title='bbox 559 2003 642 2026; x_wconf 88' lang='lat' dir='ltr'>esse</span> <span class='ocrx_word' id='word_1_305' title='bbox 660 1992 844 2026; x_wconf 87' lang='lat' dir='ltr'>momenti</span> <span class='ocrx_word' id='word_1_306' title='bbox 862 2003 886 2026; x_wconf 77' lang='lat' dir='ltr'>v</span> <span class='ocrx_word' id='word_1_307' title='bbox 890 2002 952 2026; x_wconf 85' lang='lat' dir='ltr'>ere</span> <span class='ocrx_word' id='word_1_308' title='bbox 971 1990 1122 2025; x_wconf 85' lang='lat' dir='ltr'>monuit</span> <span class='ocrx_word' id='word_1_309' title='bbox 1135 1987 1213 2024; x_wconf 88' lang='lat' dir='ltr'>Cel.</span> <span class='ocrx_word' id='word_1_310' title='bbox 1227 1987 1370 2025; x_wconf 82' lang='lat' dir='ltr'>Duker.</span> <span class='ocrx_word' id='word_1_311' title='bbox 1372 1987 1492 2031; x_wconf 77' lang='lat' dir='ltr'>Quid</span> 
     </span>
     <span class='ocr_line' id='line_1_32' title="bbox 49 2040 1495 2097; baseline -0.002 -14"><span class='ocrx_word' id='word_1_312' title='bbox 49 2048 152 2083; x_wconf 87' lang='lat' dir='ltr'>enim</span> <span class='ocrx_word' id='word_1_313' title='bbox 172 2047 327 2085; x_wconf 81' lang='lat' dir='ltr'>obvium</span> <span class='ocrx_word' id='word_1_314' title='bbox 347 2048 469 2097; x_wconf 25' lang='lat' dir='ltr'>magi-s</span> <span class='ocrx_word' id='word_1_315' title='bbox 490 2045 560 2083; x_wconf 87' lang='lat' dir='ltr'>hac</span> <span class='ocrx_word' id='word_1_316' title='bbox 582 2044 800 2084; x_wconf 66' lang='lat' dir='ltr'>structura?</span> <span class='ocrx_word' id='word_1_317' title='bbox 821 2040 912 2083; x_wconf 78' lang='lat' dir='ltr'>‘H’</span> <span class='ocrx_word' id='word_1_318' title='bbox 895 2059 936 2083; x_wconf 74' lang='grc' dir='ltr'>εν</span> <span class='ocrx_word' id='word_1_319' title='bbox 959 2044 1178 2089; x_wconf 75' lang='grc' dir='ltr'><em>Φιλίπποις</em></span> <span class='ocrx_word' id='word_1_320' title='bbox 1198 2043 1286 2095; x_wconf 74' lang='grc' dir='ltr'>νίκη</span> <span class='ocrx_word' id='word_1_321' title='bbox 1311 2043 1495 2081; x_wconf 82' lang='lat' dir='ltr'>Straboni</span> 
     </span>
     <span class='ocr_line' id='line_1_33' title="bbox 49 2098 1494 2152; baseline -0.001 -14"><span class='ocrx_word' id='word_1_322' title='bbox 49 2101 92 2139; x_wconf 78' lang='lat' dir='ltr'>I..</span> <span class='ocrx_word' id='word_1_323' title='bbox 113 2101 218 2140; x_wconf 90' lang='lat' dir='ltr'><strong>XlV.</strong></span> <span class='ocrx_word' id='word_1_324' title='bbox 239 2116 275 2152; x_wconf 90' lang='lat' dir='ltr'>p.</span> <span class='ocrx_word' id='word_1_325' title='bbox 299 2103 405 2142; x_wconf 82' lang='lat'><strong>991.</strong></span> <span class='ocrx_word' id='word_1_326' title='bbox 426 2101 489 2150; x_wconf 89' lang='lat' dir='ltr'>D.,</span> <span class='ocrx_word' id='word_1_327' title='bbox 521 2115 617 2151; x_wconf 90' lang='lat' dir='ltr'>quae</span> <span class='ocrx_word' id='word_1_328' title='bbox 645 2102 695 2139; x_wconf 86' lang='lat' dir='ltr'>ad</span> <span class='ocrx_word' id='word_1_329' title='bbox 716 2100 913 2151; x_wconf 89' lang='lat' dir='ltr'>Philippos</span> <span class='ocrx_word' id='word_1_330' title='bbox 941 2108 1060 2152; x_wconf 85' lang='lat' dir='ltr'>parta.</span> <span class='ocrx_word' id='word_1_331' title='bbox 1106 2098 1166 2140; x_wconf 81' lang='grc' dir='ltr'>Τὸ</span> <span class='ocrx_word' id='word_1_332' title='bbox 1193 2100 1234 2138; x_wconf 74' lang='grc' dir='ltr'>ἐν</span> <span class='ocrx_word' id='word_1_333' title='bbox 1256 2101 1494 2145; x_wconf 77' lang='grc' dir='ltr'><strong><em>ῙΙλαταιαῖς</em></strong></span> 
     </span>
     <span class='ocr_line' id='line_1_34' title="bbox 50 2155 1492 2210; baseline -0.003 -14"><span class='ocrx_word' id='word_1_334' title='bbox 50 2155 119 2210; x_wconf 61' lang='grc' dir='ltr'>ἕρ)</span> <span class='ocrx_word' id='word_1_335' title='bbox 121 2173 167 2198; x_wconf 87' lang='grc' dir='ltr'>ον</span> <span class='ocrx_word' id='word_1_336' title='bbox 199 2161 241 2196; x_wconf 89' lang='lat' dir='ltr'>iu</span> <span class='ocrx_word' id='word_1_337' title='bbox 272 2158 396 2207; x_wconf 86' lang='lat' dir='ltr'>Epist.</span> <span class='ocrx_word' id='word_1_338' title='bbox 424 2161 622 2209; x_wconf 87' lang='lat' dir='ltr'>personati</span> <span class='ocrx_word' id='word_1_339' title='bbox 648 2157 920 2197; x_wconf 85' lang='lat' dir='ltr'>Themistoclis</span> <span class='ocrx_word' id='word_1_340' title='bbox 938 2157 984 2194; x_wconf 89' lang='lat' dir='ltr'>ll.</span> <span class='ocrx_word' id='word_1_341' title='bbox 1010 2169 1044 2206; x_wconf 89' lang='lat' dir='ltr'><strong>p.</strong></span> <span class='ocrx_word' id='word_1_342' title='bbox 1067 2158 1107 2196; x_wconf 88' lang='grc'>9.</span> <span class='ocrx_word' id='word_1_343' title='bbox 1129 2158 1315 2206; x_wconf 78' lang='lat' dir='ltr'>praelium</span> <span class='ocrx_word' id='word_1_344' title='bbox 1335 2157 1382 2194; x_wconf 88' lang='lat' dir='ltr'>ad</span> <span class='ocrx_word' id='word_1_345' title='bbox 1403 2157 1492 2195; x_wconf 89' lang='lat' dir='ltr'>Pla-</span> 
     </span>
     <span class='ocr_line' id='line_1_35' title="bbox 49 2213 1308 2267; baseline -0.004 -15"><span class='ocrx_word' id='word_1_346' title='bbox 49 2222 165 2253; x_wconf 84' lang='lat' dir='ltr'>taeas.</span> <span class='ocrx_word' id='word_1_347' title='bbox 185 2214 327 2253; x_wconf 91' lang='lat' dir='ltr'>Verum</span> <span class='ocrx_word' id='word_1_348' title='bbox 349 2214 421 2253; x_wconf 90' lang='lat' dir='ltr'>hoc</span> <span class='ocrx_word' id='word_1_349' title='bbox 441 2215 488 2252; x_wconf 88' lang='lat' dir='ltr'>de</span> <span class='ocrx_word' id='word_1_350' title='bbox 506 2228 647 2267; x_wconf 85' lang='lat' dir='ltr'>genere</span> <span class='ocrx_word' id='word_1_351' title='bbox 667 2217 763 2252; x_wconf 88' lang='lat' dir='ltr'>alias</span> <span class='ocrx_word' id='word_1_352' title='bbox 786 2216 950 2253; x_wconf 84' lang='lat' dir='ltr'>fortasse</span> <span class='ocrx_word' id='word_1_353' title='bbox 970 2214 1138 2252; x_wconf 82' lang='lat' dir='ltr'>uberius.</span> <span class='ocrx_word' id='word_1_354' title='bbox 1172 2213 1220 2250; x_wconf 82' lang='lat' dir='ltr'>W</span> <span class='ocrx_word' id='word_1_355' title='bbox 1225 2223 1248 2248; x_wconf 74' lang='lat' dir='ltr'><strong>F.</strong></span> <span class='ocrx_word' id='word_1_356' title='bbox 1253 2224 1308 2248; x_wconf 84' lang='lat' dir='ltr'>ss.</span> 
     </span>
    </p>

    <p class='ocr_par' dir='ltr' id='par_1_6' title="bbox 50 2265 1496 2821">
     <span class='ocr_line' id='line_1_36' title="bbox 161 2265 1494 2323; baseline -0.006 -11"><span class='ocrx_word' id='word_1_357' title='bbox 161 2273 269 2312; x_wconf 86' lang='grc'><strong>482.</strong></span> <span class='ocrx_word' id='word_1_358' title='bbox 299 2272 370 2311; x_wconf 90' lang='grc'>73.</span> <span class='ocrx_word' id='word_1_359' title='bbox 415 2269 505 2322; x_wconf 78' lang='grc' dir='ltr'>Τὴν</span> <span class='ocrx_word' id='word_1_360' title='bbox 535 2270 611 2323; x_wconf 73' lang='grc' dir='ltr'>μὲν</span> <span class='ocrx_word' id='word_1_361' title='bbox 634 2267 753 2310; x_wconf 79' lang='grc' dir='ltr'><em>πόλιν</em></span> <span class='ocrx_word' id='word_1_362' title='bbox 786 2265 1280 2316; x_wconf 58' lang='lat' dir='ltr'>v‹.›v‘Eorm.1÷&#39;‹02÷‘.7w2]</span> <span class='ocrx_word' id='word_1_363' title='bbox 1310 2268 1494 2305; x_wconf 81' lang='lat' dir='ltr'>Videatur</span> 
     </span>
     <span class='ocr_line' id='line_1_37' title="bbox 50 2323 1494 2378; baseline 0 -17"><span class='ocrx_word' id='word_1_364' title='bbox 50 2323 278 2364; x_wconf 87' lang='lat' dir='ltr'>Plutarchus</span> <span class='ocrx_word' id='word_1_365' title='bbox 304 2331 346 2365; x_wconf 88' lang='lat' dir='ltr'>in</span> <span class='ocrx_word' id='word_1_366' title='bbox 369 2327 507 2365; x_wconf 87' lang='lat' dir='ltr'>Pericl.</span> <span class='ocrx_word' id='word_1_367' title='bbox 527 2341 564 2378; x_wconf 87' lang='lat' dir='ltr'><strong>p.</strong></span> <span class='ocrx_word' id='word_1_368' title='bbox 587 2328 691 2369; x_wconf 88' lang='grc'><strong>164.</strong></span> <span class='ocrx_word' id='word_1_369' title='bbox 710 2327 755 2364; x_wconf 92' lang='grc' dir='ltr'><strong>Ε.</strong></span> <span class='ocrx_word' id='word_1_370' title='bbox 785 2326 954 2375; x_wconf 89' lang='lat' dir='ltr'>Tempus</span> <span class='ocrx_word' id='word_1_371' title='bbox 975 2328 1152 2363; x_wconf 84' lang='lat' dir='ltr'>subactae</span> <span class='ocrx_word' id='word_1_372' title='bbox 1170 2325 1347 2362; x_wconf 84' lang='lat' dir='ltr'>Euboeae</span> <span class='ocrx_word' id='word_1_373' title='bbox 1367 2325 1494 2362; x_wconf 87' lang='lat' dir='ltr'>firmat</span> 
     </span>
     <span class='ocr_line' id='line_1_38' title="bbox 51 2381 1493 2451; baseline -0.001 -32"><span class='ocrx_word' id='word_1_374' title='bbox 51 2385 203 2433; x_wconf 71' lang='lat' dir='ltr'>egregie</span> <span class='ocrx_word' id='word_1_375' title='bbox 214 2382 392 2430; x_wconf 63' lang='lat' dir='ltr'>Pausan,</span> <span class='ocrx_word' id='word_1_376' title='bbox 405 2397 490 2421; x_wconf 90' lang='lat' dir='ltr'>cum</span> <span class='ocrx_word' id='word_1_377' title='bbox 511 2385 557 2422; x_wconf 86' lang='lat' dir='ltr'>de</span> <span class='ocrx_word' id='word_1_378' title='bbox 575 2385 739 2451; x_wconf 86' lang='lat' dir='ltr'>triginta</span> <span class='ocrx_word' id='word_1_379' title='bbox 756 2396 945 2420; x_wconf 87' lang='lat' dir='ltr'>annorum</span> <span class='ocrx_word' id='word_1_380' title='bbox 967 2385 1067 2420; x_wconf 87' lang='lat' dir='ltr'>inter</span> <span class='ocrx_word' id='word_1_381' title='bbox 1081 2382 1294 2432; x_wconf 84' lang='lat' dir='ltr'>Spartanos</span> <span class='ocrx_word' id='word_1_382' title='bbox 1316 2388 1353 2418; x_wconf 90' lang='lat' dir='ltr'>et</span> <span class='ocrx_word' id='word_1_383' title='bbox 1375 2381 1493 2418; x_wconf 78' lang='lat' dir='ltr'>Athe-</span> 
     </span>
     <span class='ocr_line' id='line_1_39' title="bbox 50 2435 1492 2491; baseline 0.001 -18"><span class='ocrx_word' id='word_1_384' title='bbox 50 2440 202 2476; x_wconf 86' lang='lat' dir='ltr'>nienses</span> <span class='ocrx_word' id='word_1_385' title='bbox 224 2439 390 2477; x_wconf 86' lang='lat' dir='ltr'>induciis</span> <span class='ocrx_word' id='word_1_386' title='bbox 408 2440 451 2477; x_wconf 87' lang='lat' dir='ltr'>L</span> <span class='ocrx_word' id='word_1_387' title='bbox 470 2441 515 2478; x_wconf 92' lang='lat' dir='ltr'><strong>V.</strong></span> <span class='ocrx_word' id='word_1_388' title='bbox 537 2442 611 2481; x_wconf 87' lang='lat'>23.</span> <span class='ocrx_word' id='word_1_389' title='bbox 633 2454 789 2487; x_wconf 82' lang='grc' dir='ltr'><strong><em>ταυτας</em></strong></span> <span class='ocrx_word' id='word_1_390' title='bbox 810 2435 922 2491; x_wconf 63' lang='grc' dir='ltr'><em>ἔποιή</em></span> <span class='ocrx_word' id='word_1_391' title='bbox 930 2453 1071 2486; x_wconf 79' lang='grc' dir='ltr'><em>σαντο,</em></span> <span class='ocrx_word' id='word_1_392' title='bbox 1096 2441 1236 2487; x_wconf 87' lang='lat' dir='ltr'>inquit,</span> <span class='ocrx_word' id='word_1_393' title='bbox 1261 2436 1492 2504; x_wconf 70' lang='grc' dir='ltr'>Ἀθηναῖοι</span> 
     </span>
     <span class='ocr_line' id='line_1_40' title="bbox 51 2473 1496 2550; baseline -0.001 -17"><span class='ocrx_word' id='word_1_394' title='bbox 51 2491 413 2546; x_wconf 61' lang='grc' dir='ltr'><em>παραστησάμενοι</em></span> <span class='ocrx_word' id='word_1_395' title='bbox 432 2493 479 2536; x_wconf 82' lang='grc' dir='ltr'>τὸ</span> <span class='ocrx_word' id='word_1_396' title='bbox 500 2493 691 2550; x_wconf 74' lang='grc' dir='ltr'>δεύτερον</span> <span class='ocrx_word' id='word_1_397' title='bbox 711 2473 950 2546; x_wconf 48' lang='lat' dir='ltr'>Ez‘ssssmmsst</span> <span class='ocrx_word' id='word_1_398' title='bbox 938 2494 1013 2534; x_wconf 63' lang='grc' dir='ltr'>ἔτει</span> <span class='ocrx_word' id='word_1_399' title='bbox 1035 2494 1159 2549; x_wconf 69' lang='grc' dir='ltr'><em>τρίτη)</em></span> <span class='ocrx_word' id='word_1_400' title='bbox 1180 2497 1230 2546; x_wconf 74' lang='grc' dir='ltr'>τῆ</span> <span class='ocrx_word' id='word_1_401' title='bbox 1236 2509 1256 2541; x_wconf 85' lang='grc' dir='ltr'><strong><em>ς</em></strong></span> <span class='ocrx_word' id='word_1_402' title='bbox 1271 2492 1340 2533; x_wconf 74' lang='grc'>’07</span> <span class='ocrx_word' id='word_1_403' title='bbox 1332 2489 1496 2544; x_wconf 82' lang='grc' dir='ltr'><strong><em>υμπιά-</em></strong></span> 
     </span>
     <span class='ocr_line' id='line_1_41' title="bbox 52 2547 1495 2604; baseline -0.007 -9"><span class='ocrx_word' id='word_1_404' title='bbox 52 2547 146 2595; x_wconf 63' lang='grc' dir='ltr'><em>ὁθς,</em></span> <span class='ocrx_word' id='word_1_405' title='bbox 175 2549 226 2600; x_wconf 75' lang='grc' dir='ltr'>ἢν</span> <span class='ocrx_word' id='word_1_406' title='bbox 255 2551 425 2602; x_wconf 79' lang='grc' dir='ltr'><em>Κρίσων</em></span> <span class='ocrx_word' id='word_1_407' title='bbox 439 2548 642 2604; x_wconf 74' lang='grc' dir='ltr'>Ιμεραΐος</span> <span class='ocrx_word' id='word_1_408' title='bbox 672 2551 784 2592; x_wconf 71' lang='grc' dir='ltr'><strong><em>ἐνίκα</em></strong></span> <span class='ocrx_word' id='word_1_409' title='bbox 810 2548 990 2592; x_wconf 69' lang='grc' dir='ltr'><em>στάδιοι</em></span> <span class='ocrx_word' id='word_1_410' title='bbox 1031 2551 1135 2588; x_wconf 90' lang='lat' dir='ltr'>Idem</span> <span class='ocrx_word' id='word_1_411' title='bbox 1156 2553 1260 2587; x_wconf 91' lang='lat' dir='ltr'>enim</span> <span class='ocrx_word' id='word_1_412' title='bbox 1280 2564 1403 2587; x_wconf 88' lang='lat' dir='ltr'>annus</span> <span class='ocrx_word' id='word_1_413' title='bbox 1424 2556 1495 2596; x_wconf 86' lang='lat' dir='ltr'>est,</span> 
     </span>
     <span class='ocr_line' id='line_1_42' title="bbox 53 2603 1494 2661; baseline -0.001 -17"><span class='ocrx_word' id='word_1_414' title='bbox 53 2605 164 2642; x_wconf 85' lang='lat' dir='ltr'>modo</span> <span class='ocrx_word' id='word_1_415' title='bbox 191 2609 368 2653; x_wconf 83' lang='lat' dir='ltr'>suppleas</span> <span class='ocrx_word' id='word_1_416' title='bbox 391 2605 670 2661; x_wconf 82' lang='grc' dir='ltr'><strong><em>Ὀ7υμπιάὸος</em></strong></span> <span class='ocrx_word' id='word_1_417' title='bbox 692 2607 833 2661; x_wconf 75' lang='grc' dir='ltr'><em>τρίτης</em></span> <span class='ocrx_word' id='word_1_418' title='bbox 861 2622 964 2660; x_wconf 74' lang='grc' dir='ltr'>προς</span> <span class='ocrx_word' id='word_1_419' title='bbox 987 2613 1080 2654; x_wconf 76' lang='grc' dir='ltr'><strong><em>ταῖς</em></strong></span> <span class='ocrx_word' id='word_1_420' title='bbox 1101 2603 1368 2659; x_wconf 54' lang='lat' dir='ltr'>‹iydowyzmrcm</span> <span class='ocrx_word' id='word_1_421' title='bbox 1400 2619 1494 2655; x_wconf 86' lang='lat' dir='ltr'>quae</span> 
     </span>
     <span class='ocr_line' id='line_1_43' title="bbox 54 2661 1493 2715; baseline 0.001 -19"><span class='ocrx_word' id='word_1_422' title='bbox 54 2661 147 2698; x_wconf 88' lang='lat' dir='ltr'>mihi</span> <span class='ocrx_word' id='word_1_423' title='bbox 168 2664 382 2699; x_wconf 87' lang='lat' dir='ltr'>necessaria</span> <span class='ocrx_word' id='word_1_424' title='bbox 400 2665 596 2712; x_wconf 85' lang='lat' dir='ltr'>videntur,</span> <span class='ocrx_word' id='word_1_425' title='bbox 625 2665 726 2715; x_wconf 90' lang='lat' dir='ltr'>quod</span> <span class='ocrx_word' id='word_1_426' title='bbox 752 2665 897 2714; x_wconf 91' lang='lat' dir='ltr'>alioqui</span> <span class='ocrx_word' id='word_1_427' title='bbox 918 2664 1032 2701; x_wconf 83' lang='lat' dir='ltr'>(lubia</span> <span class='ocrx_word' id='word_1_428' title='bbox 1055 2667 1238 2712; x_wconf 83' lang='lat' dir='ltr'>temporis</span> <span class='ocrx_word' id='word_1_429' title='bbox 1259 2666 1309 2699; x_wconf 89' lang='lat' dir='ltr'>sit</span> <span class='ocrx_word' id='word_1_430' title='bbox 1332 2664 1493 2699; x_wconf 89' lang='lat' dir='ltr'>notatio.</span> 
     </span>
     <span class='ocr_line' id='line_1_44' title="bbox 53 2717 1495 2769; baseline 0.001 -16"><span class='ocrx_word' id='word_1_431' title='bbox 53 2717 224 2767; x_wconf 72' lang='lat' dir='ltr'>Namque</span> <span class='ocrx_word' id='word_1_432' title='bbox 254 2724 312 2754; x_wconf 87' lang='lat' dir='ltr'>ter</span> <span class='ocrx_word' id='word_1_433' title='bbox 338 2717 476 2756; x_wconf 91' lang='lat' dir='ltr'>Crison</span> <span class='ocrx_word' id='word_1_434' title='bbox 502 2728 539 2758; x_wconf 87' lang='lat' dir='ltr'>et</span> <span class='ocrx_word' id='word_1_435' title='bbox 566 2720 637 2759; x_wconf 87' lang='lat' dir='ltr'>hac</span> <span class='ocrx_word' id='word_1_436' title='bbox 659 2731 837 2759; x_wconf 79' lang='lat' dir='ltr'>Lxxxlll.</span> <span class='ocrx_word' id='word_1_437' title='bbox 859 2727 897 2757; x_wconf 87' lang='lat' dir='ltr'>et</span> <span class='ocrx_word' id='word_1_438' title='bbox 919 2720 1064 2758; x_wconf 88' lang='lat' dir='ltr'>duabus</span> <span class='ocrx_word' id='word_1_439' title='bbox 1087 2720 1333 2769; x_wconf 86' lang='lat' dir='ltr'>sequentibus</span> <span class='ocrx_word' id='word_1_440' title='bbox 1356 2718 1495 2769; x_wconf 76' lang='lat' dir='ltr'>Olym-</span> 
     </span>
     <span class='ocr_line' id='line_1_45' title="bbox 54 2774 656 2821; baseline 0.007 -11"><span class='ocrx_word' id='word_1_441' title='bbox 54 2774 227 2821; x_wconf 88' lang='lat' dir='ltr'>piadibus</span> <span class='ocrx_word' id='word_1_442' title='bbox 246 2775 372 2810; x_wconf 88' lang='lat' dir='ltr'>victor</span> <span class='ocrx_word' id='word_1_443' title='bbox 392 2775 497 2813; x_wconf 88' lang='lat' dir='ltr'>abiit.</span> <span class='ocrx_word' id='word_1_444' title='bbox 520 2777 656 2814; x_wconf 67' lang='lat' dir='ltr'>Wnss.</span> 
     </span>
    </p>

    <p class='ocr_par' dir='ltr' id='par_1_7' title="bbox 55 2828 1499 2939">
     <span class='ocr_line' id='line_1_46' title="bbox 165 2828 1496 2885; baseline -0.003 -16"><span class='ocrx_word' id='word_1_445' title='bbox 165 2831 272 2870; x_wconf 83' lang='grc'><strong>482.</strong></span> <span class='ocrx_word' id='word_1_446' title='bbox 300 2831 371 2870; x_wconf 86' lang='lat'><em>&#39;77-</em></span> <span class='ocrx_word' id='word_1_447' title='bbox 402 2831 587 2871; x_wconf 77' lang='grc' dir='ltr'>Καλλίου</span> <span class='ocrx_word' id='word_1_448' title='bbox 608 2832 674 2872; x_wconf 74' lang='grc' dir='ltr'>καὶ</span> <span class='ocrx_word' id='word_1_449' title='bbox 695 2828 894 2885; x_wconf 67' lang='grc' dir='ltr'>λ’άρητος</span> <span class='ocrx_word' id='word_1_450' title='bbox 915 2831 1208 2883; x_wconf 69' lang='grc' dir='ltr'>συνθεμένων]</span> <span class='ocrx_word' id='word_1_451' title='bbox 1239 2831 1347 2869; x_wconf 83' lang='lat' dir='ltr'>Missi</span> <span class='ocrx_word' id='word_1_452' title='bbox 1366 2830 1496 2866; x_wconf 88' lang='lat' dir='ltr'>decem</span> 
     </span>
     <span class='ocr_line' id='line_1_47' title="bbox 55 2885 1499 2939; baseline 0.001 -18"><span class='ocrx_word' id='word_1_453' title='bbox 55 2885 337 2923; x_wconf 73' lang='lat' dir='ltr'>Lacedaemona</span> <span class='ocrx_word' id='word_1_454' title='bbox 355 2888 473 2938; x_wconf 83' lang='lat' dir='ltr'>legati</span> <span class='ocrx_word' id='word_1_455' title='bbox 493 2896 595 2936; x_wconf 85' lang='lat' dir='ltr'>sunt,</span> <span class='ocrx_word' id='word_1_456' title='bbox 609 2902 769 2938; x_wconf 85' lang='lat' dir='ltr'>quorum</span> <span class='ocrx_word' id='word_1_457' title='bbox 789 2891 966 2939; x_wconf 88' lang='lat' dir='ltr'>princeps</span> <span class='ocrx_word' id='word_1_458' title='bbox 977 2888 1194 2926; x_wconf 87' lang='lat' dir='ltr'>Andocides</span> <span class='ocrx_word' id='word_1_459' title='bbox 1209 2890 1372 2925; x_wconf 89' lang='lat' dir='ltr'>oratoris</span> <span class='ocrx_word' id='word_1_460' title='bbox 1390 2899 1499 2932; x_wconf 76' lang='lat' dir='ltr'>avuS,</span> 
     </span>
    </p>
   </div>
  </div>
 </body>
</html>
