1828 3253
431 159 495 200 IN
524 157 756 200 LIB.111.
793 157 919 197 CAP.
949 158 1022 200 50.
1051 159 1122 200 51.
1403 161 1497 202 283

61 274 164 313 Hinc
184 287 249 324 spe
270 281 383 325 atque
404 273 693 323 exspectatione
718 272 865 310 maiora
885 269 1135 322 προσδοκίας
1163 267 1300 325 πάσης
1319 269 1500 312 ἐπέκεινα

52 331 194 369 liban.
217 331 263 369 T.
279 332 326 372 11,
353 345 388 382 p.
404 329 566 371 923.st
592 336 630 366 et
652 328 815 376 ἒλπίὸὀς
836 327 1016 368 ἐπέκεινα
1043 327 1243 368 Heliodor.
1257 329 1326 366 IX.
1340 343 1375 380 p.
1390 331 1497 370 417.

61 388 199 426 Wssss.

173 445 279 485 219.
303 444 374 484 60.
395 441 479 482 Καὶ
499 436 750 492 παλμώδεις]
771 440 854 491 lpse
873 441 1039 490 explicat
1059 447 1145 489 post
1161 454 1294 491 pauca,
1308 441 1374 480 καὶ
1395 444 1499 481 παλ-

58 497 164 550 μοὺς
185 502 406 545 ποιοῦντες.
436 498 662 548 Hippocrati
682 498 710 534 Ι.
734 497 906 535 Prorhet-
938 511 972 547 Ρ.
997 499 1070 538 69.
1106 495 1145 537 οἱ
1174 493 1407 549 παλμώδεις
1436 495 1495 537 δι’

62 552 186 604 ὅλου,
215 558 280 606 qui
303 562 383 593 toto
408 568 565 604 corpore
586 556 784 604 palpitant.
809 554 943 591 Wssss.

175 614 281 653 219.
305 607 655 663 68.’Ἀβληχροὺς
674 609 740 649 καὶ
773 607 969 664 κωφοὺς]
1005 608 1117 647 Nihil
1145 611 1308 648 interest
1342 611 1500 659 priusne

61 670 228 706 retineas
264 681 313 705 an
339 665 570 720 βληχροὺς,
597 665 786 715 quomodo
809 666 836 703 1.
858 669 956 714 27„
986 668 1111 703 malis.
1153 667 1351 704 Posterius
1380 666 1498 704 Codd.

60 727 180 762 maior
209 723 415 762 concordia
444 725 616 772 requirit.
647 719 811 773 Ἄνεμοι
845 721 977 776 κωφοὶ
1008 729 1098 759 sunt
1126 723 1256 770 surdi,
1288 730 1326 759 et
1345 723 1502 772 debiles,

61 795 159 827 cum,
192 787 237 818 ut
256 779 485 817 Theocritus
505 781 701 830 eleganter
720 778 832 828 ldyll.
853 778 901 816 ll.
925 780 998 819 36.
1030 781 1122 835 σιγᾷ
1141 778 1217 829 μὲν
1238 775 1411 828 πόντος,
1442 796 1503 820 σι-

61 839 184 890 γῶντι
215 833 258 875 ‹5'
297 833 432 888 ἀῆται.
475 835 532 872 Ita
550 843 697 874 mutum
717 838 887 872 marein
907 835 1020 872 Milit.
1043 834 1108 871 lll.
1130 838 1168 875 1.
1194 837 1265 875 70.
1294 836 1436 884 Plauti,
1464 844 1503 875 et

63 895 175 943 κῦμα
191 891 334 943 με’λαν,
356 887 497 945 κωφόν
517 907 559 931 τε
589 891 656 931 καὶ
675 888 863 943 ἄβρομον
897 891 1074 941 Apollon.
1093 890 1217 928 Rhod.
1238 891 1303 929 IV.
1327 893 1429 933 153.
1452 907 1502 931 ex

62 948 221 986 Homeri
242 949 468 994 imitatione,
495 950 558 985 cui
582 956 619 985 et
642 946 784 1000 κωφὸν
808 949 934 998 κῦμα,
962 945 1104 998 κωφὸν
1122 947 1262 998 βέλος,
1298 948 1344 985 (le
1367 951 1504 997 quibus

61 1004 288 1042 Eustathius
309 1007 350 1041 in
368 1003 523 1041 Homer.
546 1017 580 1052 Ρ.
603 1005 706 1045 852.
733 1011 770 1040 et
791 1003 927 1040 Theon
950 1005 992 1041 in
1012 1003 1181 1041 Diosem.
1203 1019 1240 1042 v.
1256 1005 1357 1045 190.
1381 1005 1502 1045 Arati.

63 1061 175 1098 Philo
200 1060 280 1097 lud.
300 1060 346 1096 de
368 1059 564 1097 Exsecrat.
586 1075 620 1110 p.
644 1061 748 1099 932.
771 1059 816 1096 E.
843 1055 898 1106 ὡς
915 1059 1045 1112 μηδὲν
1067 1057 1277 1112 ἀφεθῆναι
1296 1063 1379 1100 τῶν
1398 1064 1506 1115 βλη-

61 1113 206 1168 μάτων
227 1112 450 1170 κιυᾳκόνφίἰιι
471 1124 516 1153 ιιιι
532 1118 677 1154 nullam
692 1116 832 1153 hostile
845 1118 960 1154 telum
975 1118 1113 1154 inutile
1125 1119 1354 1155 intercidat.
1365 1118 1504 1156 WVESS.

177 1174 283 1212 219.
310 1174 381 1211 70.
411 1169 497 1212 Διὰ
526 1170 572 1212 τὸ
599 1169 703 1223 μήτε
733 1168 866 1218 νάπας
886 1171 980 1224 etc.]
1012 1172 1124 1212 Sitne
1147 1172 1218 1210 hoc
1238 1186 1507 1226 usquequaque

64 1242 199 1267 verum
229 1229 398 1266 dubitari
430 1235 566 1278 potest.
605 1229 689 1265 vid.
710 1227 890 1265 Strabon.
909 1228 1036 1265 XVII.
1057 1242 1092 1278 p.
1117 1231 1254 1270 1192.
1285 1230 1424 1268 Wssss.

175 1286 282 1325 219.
309 1285 379 1324 75.
410 1283 494 1322 Καὶ
517 1280 733 1330 συστάσεις
754 1284 972 1335 εἶσπνοῶν]
996 1283 1272 1325 Reducendum
1292 1300 1312 1323 e
1332 1291 1506 1340 margine

63 1337 320 1393 πνευμάτων.
349 1339 484 1378 ΒΗΟΙ).

175 1398 282 1437 219.
305 1398 377 1437 78.
413 1394 691 1447 Τυπουμὲνων
715 1394 852 1443 ἰδεῶν]
886 1395 1035 1447 Sequor
1056 1399 1219 1447 scriptos
1240 1397 1358 1437 codd.
1380 1396 1507 1442 Ἰὃεάν

67 1454 242 1503 quamvis
273 1453 436 1504 figuram
465 1459 597 1490 notare
626 1465 760 1501 posse,
802 1460 936 1490 notum
965 1460 1034 1490 est.
1076 1455 1188 1498 Quod
1214 1458 1315 1493 enim
1339 1455 1508 1497 Thomas

66 1509 251 1560 Magister
261 1509 546 1555 animadvertit,
561 1503 617 1554 ὦς
637 1506 771 1555 οὐδεὶς
792 1511 875 1547 τῶν
899 1506 1192 1560 δοκιμωτάτων
1213 1510 1326 1551 ἷὸἕαν
1347 1511 1409 1551 ἐπὶ
1433 1512 1509 1554 ἀν-

68 1561 243 1617 θρώπου
277 1562 400 1616 λέγει,
439 1562 545 1603 ἀλλὰ
577 1561 684 1610 εῗὸος
714 1564 781 1602 καὶ
813 1562 934 1614 ὄψιν,
967 1566 1005 1603 id
1031 1567 1281 1605 falsissimum
1309 1582 1392 1606 esse
1420 1570 1509 1609 Ari-

71 1620 242 1670 stophan.
262 1619 365 1659 Plut.
387 1634 423 1657 v.
450 1621 553 1659 559.
585 1619 831 1659 Demosthen.
848 1621 980 1672 Legat.
994 1621 1137 1660 Falsat.
1150 1626 1193 1673 Ῥ.
1209 1625 1317 1664 249.
1349 1624 1506 1665 Isocrat.

69 1676 188 1714 Laud.
210 1676 346 1713 Helen.
371 1690 406 1725 Ρ.
429 1677 532 1716 318.
564 1676 785 1713 Philostrat.
807 1677 962 1717 Heroic.
993 1680 1062 1718 10.
1087 1693 1122 1728 p.
1148 1681 1252 1719 715.
1279 1684 1506 1722 ostendunt:

69 1732 285 1770 Diodorum
307 1733 408 1769 enim
428 1730 539 1778 ι’ὸέἀς
560 1728 797 1784 ἀνθρώπων
820 1747 920 1783 supr.
940 1733 968 1771 I.
995 1737 1063 1774 12.
1097 1735 1288 1774 dicentem
1315 1740 1418 1777 inter
1437 1740 1511 1780 ‹50-

71 1785 328 1840 κιμωτάτους
347 1789 509 1826 fortasse
530 1801 607 1825 non
626 1789 867 1826 transcribet.
903 1790 1037 1827 lVEss.

183 1846 289 1884 219.
315 1845 386 1885 84.
413 1841 558 1899 Βαρὺν
589 1841 720 1895 ὄντα]
752 1841 999 1899 Βαρύνοντα
1031 1845 1096 1883 Co.
1127 1848 1207 1887 vid,
1236 1861 1337 1900 supr.
1364 1850 1413 1889 11.
1439 1853 1509 1892 12.

69 1900 205 1941 WEss.

183 1957 290 1997 219.
317 1957 389 1997 89.
420 1952 485 1994 Τὰ
504 1953 642 2007 μέντοι
664 1955 748 2004 ζῶα
776 1979 823 1984 -
848 1954 958 1997 αἶ’τια
979 1960 1053 2011 τῆς
1071 1959 1299 2013 μεταρσίας
1320 1963 1419 2013 ete]
1447 1963 1513 2002 Si-

71 2013 161 2049 mile
182 2012 361 2063 quiddam
380 2014 420 2048 in
445 2013 620 2063 ignibuS‚
659 2025 753 2061 quos
763 2013 913 2060 fatuos
933 2017 1014 2053 sive
1035 2016 1219 2055 erran'tes
1239 2018 1429 2067 adpellare
1451 2034 1515 2057 so·-

72 2069 168 2115 lent,
188 2081 259 2106 usu
271 2071 403 2106 venire
416 2071 612 2105 novimus:
642 2071 742 2106 ultro
759 2071 928 2121 fugiunt,
949 2085 1034 2109 cum
1053 2074 1319 2124 progrederis3
1348 2088 1514 2124 sequun-

73 2131 160 2172 tur,
188 2125 255 2161 ubi
282 2127 322 2163 in
351 2127 541 2161 contraria
571 2127 813 2174 perrexeris3
855 2129 963 2164 cuius
992 2136 1117 2166 motus
1142 2143 1221 2166 non
1241 2133 1317 2168 alia
1338 2138 1450 2180 atque
1471 2147 1516 2171 ea

75 2193 210 2217 caussa
230 2188 310 2227 est,
348 2192 460 2229 quam
481 2187 612 2217 auctor
630 2182 776 2230 adfert,
818 2183 977 2220 docente
1010 2186 1098 2223 viro
1118 2184 1341 2224 Clarissimo
1378 2196 1416 2226 et
1436 2191 1517 2226 col-

74 2237 169 2287 legii
196 2238 351 2274 vinculo
379 2236 476 2274 mihi
508 2238 750 2276 iunctissimo
788 2238 830 2277 Ρ.
867 2239 1195 2281 Musschenbroek
1231 2243 1388 2294 Physic.
1421 2252 1514 2286 sect.

80 2293 215 2333 1687.
249 2292 383 2330 WEss.

190 2349 295 2388 219.
317 2350 389 2388 90.
418 2344 684 2400 Προςιόντων
717 2347 854 2390 αὐτῶν
884 2364 952 2401 pro
976 2349 1197 2404 προςιόντα
1228 2352 1335 2395 αὐτὰ
1365 2356 1518 2396 schema

79 2409 138 2440 est
159 2401 329 2441 Diodoro
349 2412 481 2442 nostro
505 2407 799 2456 frequentatum.
837 2406 905 2444 Sic
925 2421 961 2456 p.
984 2410 1092 2449 490.
1116 2412 1191 2450 21.
1223 2414 1299 2463 τῆς
1325 2412 1518 2464 γυναικὸς

81 2459 338 2511 κωλυθείσης
362 2482 409 2487 -
433 2459 566 2513 ἔγημε,
589 2475 656 2511 pro
677 2458 701 2513 ἡ
723 2460 821 2514 γυνὴ
845 2465 1094 2514 κωλυθεῖσα,
1130 2474 1167 2503 et
1185 2468 1240 2504 ibi
1260 2474 1341 2507 not.
1362 2469 1518 2507 YVesse-

79 2515 191 2565 lingi.
220 2514 285 2552 Sic
311 2529 346 2565 Ρ.
369 2519 474 2556 261.
498 2519 567 2557 57.
598 2517 865 2569 Προμηθέως
897 2517 1157 2573 παραδόντος
1188 2536 1257 2572 pro
1277 2524 1517 2577 Προμηθέα

81 2567 337 2622 παραδόντα.
373 2571 420 2611 Τ.
454 2572 500 2610 ll.
532 2587 565 2622 Ρ.
597 2575 703 2614 491.
741 2578 811 2615 82.
846 2576 947 2615 500.
971 2577 1046 2617 41.
1081 2578 1184 2618 501.
1209 2580 1282 2619 30.
1317 2582 1420 2621 547.
1442 2583 1515 2622 92.

89 2627 191 2666 552.
217 2629 253 2666 1.
285 2629 389 2667 603.
411 2630 482 2667 95.
516 2628 661 2668 Rfflsx.

195 2684 301 2722 220.
326 2686 362 2723 l.
392 2682 756 2735 Περιθρῦβεσθαι]
787 2685 887 2736 Lege
913 2687 1234 2741 περιτρῖβεσθαι.
1255 2689 1390 2731 Ruon,
1421 2691 1519 2730 Cre-

84 2737 133 2775 do
171 2752 305 2776 verum
342 2741 553 2788 pervidisse
591 2740 778 2780 Rhodum.
834 2742 971 2780 Posses
1001 2747 1147 2795 alioqui
1171 2746 1518 2799 περιθρυβέσθαι,

84 2806 170 2831 sese
190 2794 417 2845 frangere,
443 2803 509 2833 aut
536 2794 906 2851 περιθρύπτεσθαι.
939 2799 1017 2839 Sed
1037 2809 1215 2840 neutrum
1236 2804 1338 2854 quod
1367 2805 1520 2853 quidem
