1828 3253
444 145 508 186 ΙΝ
540 143 650 183 LIB.
680 143 709 181 1.
751 141 877 180 CAP.
909 144 980 184 88.
1011 143 1082 183 89.
1394 141 1484 182 139

51 274 173 312 neque
200 262 302 298 enim
329 218 604 309 Elephantine,
637 263 772 294 contra
792 255 990 305 Syenem
979 266 1020 291 ιιι
1046 254 1190 291 ultimis
1209 254 1375 305 Aegypti
1396 254 1485 292 fini-

50 320 121 356 bus
140 321 284 368 posita,
311 319 351 354 in
380 316 502 353 Nomo
526 314 802 364 Lycopolitano
830 313 916 348 fuit.
962 311 1078 357 Vult,
1106 318 1218 359 puto,
1248 312 1411 348 Nonium
1443 314 1484 348 in

50 378 270 412 memoriam
305 371 532 419 Aethiopum
561 372 662 407 ultra
701 368 996 416 Elephantinem
1025 380 1047 403 a
1077 368 1175 415 lupis
1217 369 1487 417 compulsorum

52 443 192 468 nomen
220 431 410 477 accepisse
444 429 559 475 inque
588 426 780 475 Luporum
806 425 922 471 urbe,
958 419 1119 462 Λύκων
1151 418 1415 472 7107.et‚quae
1444 427 1486 461 in

53 486 283 532 Thebaidis,
321 485 354 521 si
381 482 548 532 Memphi
576 482 623 519 ad
662 483 856 529 superiora
896 493 1094 530 pergeres,
1132 481 1342 528 principio,
1377 482 1488 528 lupos

53 544 129 580 coli
150 548 314 591 coeptos.
339 539 425 577 vid.
451 538 578 576 Strab.
605 537 734 576 XVII.
763 551 798 588 Ρ.
833 537 967 578 1167.
997 534 1050 585 Β..
1061 542 1098 572 et
1117 535 1165 572 ad
1183 535 1325 573 Anton.
1355 536 1487 573 Itiner.

53 611 89 648 Ρ.
117 599 217 639 158.
266 595 398 633 Wnss.

165 654 237 693 99
262 653 332 693 13.
371 648 437 690 Τὰ
458 646 673 690 δεινότατα
694 645 982 697 διατιθέντας]
1027 646 1093 685 Sic
1114 660 1216 697 supr.
1244 661 1276 685 c.
1300 649 1372 689 83.
1404 650 1488 688 τῶν

53 706 125 760 ῧχ)
131 724 186 748 ων
203 706 277 748 τὸν
301 703 461 760 πράξαι
465 722 514 746 τα
533 702 637 745 δειν’
608 721 748 745 νοτατα
769 704 955 744 διατιθέι
949 719 1053 744 τιον.
1078 717 1174 754 quae
1192 705 1302 742 verbi
1322 711 1490 755 potestas

52 768 94 803 in
122 764 392 803 vexationibus
419 763 767 811 afflictionibusque
799 761 1034 798 domicilium
1056 761 1246 811 quoddam
1267 767 1388 800 tenet.
1429 761 1491 798 Io-

53 820 158 870 seph.
191 820 287 858 XX.
307 820 353 859 A.
376 819 404 856 Ι.
429 822 466 860 l.
494 822 530 859 l.
559 819 605 855 de
625 818 880 886 Tholomaeo,
909 819 1102 854 latronum
1131 819 1324 866 principe,
1357 817 1491 856 διατε-

51 874 203 923 θεικιιις
224 875 394 928 μέγιστα
424 872 529 914 κακὰ
551 872 627 926 τὴν
646 872 891 925 ΗΙδουμαιαν
912 872 979 912 καὶ
1004 871 1102 919 τοὺς
1113 871 1313 940 Ἄραβας.
1345 880 1383 910 et
1406 887 1489 922 cap.

57 935 128 974 ll
148 935 189 972 2.
213 932 304 972 τίνα
330 947 373 971 τε
396 931 558 983 Πέρσαι
588 929 656 969 καὶ
675 926 921 975 ΙΙΙακεδονες
949 929 1253 969 διατεθείκασιν
1280 926 1401 981 ημᾶς·
1426 931 1495 966 ubi

55 1002 124 1039 ego
146 988 306 1037 quidem
311 990 440 1025 malim
461 1001 546 1024 cum
567 986 657 1024 Cod.
679 985 793 1023 Busb.
813 983 924 1025 δεινα
945 985 1237 1025 ὁιατεθέικασι.
1265 986 1494 1024 Plutarchus

56 1045 102 1082 de
128 1045 262 1083 Exsul.
294 1043 411 1082 ’1.ΙΙ.
438 1045 604 1092 Ρ.6Ο6.
635 1042 677 1078 Β.
703 1039 834 1088 οὑτως
863 1038 939 1094 ἔγω
974 1041 1144 1080 διατιθι
1146 1058 1193 1093 ιιι
1226 1039 1325 1088 τοὺς
1357 1045 1494 1088 κακῶς

54 1116 106 1152 με
125 1102 357 1146 ποιοῦντας·
381 1100 538 1148 quibus,
570 1100 680 1149 plura
708 1101 741 1135 si
770 1098 984 1144 desideres,
1023 1098 1119 1135 adde
1151 1111 1200 1135 ex
1222 1098 1356 1136 Nostri
1384 1098 1493 1135 ΧΙΙΙ.

60 1155 280 1198 112.X1V.
293 1157 367 1196 27.
385 1155 483 1194 XX.
501 1157 585 1202 52..
607 1162 644 1191 et
669 1166 764 1203 quae
783 1157 861 1191 viri
881 1154 1094 1191 doctissimi
1116 1154 1248 1203 Steph.
1262 1154 1431 1205 Bergler.
1452 1157 1494 1191 in

55 1212 278 1260 Alciphron.
306 1211 353 1248 ΙΙ.
381 1211 450 1259 Ep.
488 1213 526 1251 1.
544 1225 579 1260 p.
602 1212 676 1250 20.
709 1218 746 1247 et
766 1209 812 1247 T.
831 1209 1049 1246 Hemsterh.
1076 1213 1117 1247 in
1148 1210 1303 1262 Nigrin.
1336 1212 1499 1248 Luciani

56 1282 89 1306 c.
113 1269 186 1309 38.
217 1281 363 1305 summa
392 1268 593 1317 diligentia
616 1267 897 1304 conduxerunt.
935 1265 994 1302 De
1018 1267 1204 1305 crocodili
1236 1274 1363 1305 autem
1391 1269 1497 1304 cultu

59 1338 159 1375 supr.
180 1338 212 1361 c.
237 1325 311 1364 35.
336 1330 373 1360 et
391 1323 540 1362 Aelian.
564 1322 617 1360 X.
640 1322 690 1362 ll.
712 1323 756 1359 Α.
778 1325 852 1363 21.
881 1322 1016 1359 XVEss.

170 1382 244 1421 99.
270 1382 342 1420 16.
375 1377 472 1426 τοὺς
488 1377 643 1432 λῃστὰς
662 1376 758 1424 τούς
770 1394 811 1418 τε
833 1376 913 1417 ἀπὸ
933 1375 1217 1432 τῆςἈραβιάς
1228 1375 1498 1432 καῖΛιβῦης]

55 1437 264 1475 Eusebium
292 1439 360 1486 qui
381 1451 423 1475 τε
456 1437 597 1472 omittit
627 1441 809 1484 sequutus
840 1442 898 1471 est
923 1435 1217 1487 WVesselingius.
1261 1436 1394 1483 Quod,
1424 1438 1503 1473 nisi

58 1496 214 1559 gravior
251 1492 407 1529 accedat
435 1494 662 1539 auctoritas,
702 1504 782 1528 non
811 1493 951 1528 imiter.
1009 1491 1068 1529 Ita
1094 1506 1130 1542 p.
1165 1494 1268 1533 175.
1305 1495 1373 1533 12.
1400 1489 1425 1544 ἣ
1455 1506 1500 1531 τε

60 1544 337 1602 Σεμιράμιδος
365 1547 516 1600 γένεσις
536 1563 603 1587 και
625 1544 804 1598 αὔξησις.
827 1561 862 1597 Ρ.
888 1548 995 1587 233.
1023 1549 1095 1588 30.
1118 1545 1348 1588 συλλύοντα
1376 1545 1429 1588 τά
1457 1562 1503 1587 τε

59 1605 168 1656 νείκη
187 1607 270 1644 τῶν
291 1603 427 1643 ἐθνῶν
447 1603 514 1642 καὶ
534 1599 706 1643 πόλεων.
724 1617 759 1653 Ρ.
777 1605 851 1644 48.
876 1605 948 1644 73
970 1600 1155 1657 ῥαγάδας
1174 1620 1217 1644 τε
1224 1620 1311 1673 ,ιιεγ
1304 1601 1363 1644 ’ἄλ
1369 1620 1417 1650 ας
1436 1603 1504 1643 καὶ

61 1658 289 1712 διηνεκεῖς
276 1659 388 1710 ἔχειν.
408 1673 442 1709 p.
458 1660 532 1700 65.
553 1661 624 1699 73.
645 1656 941 1698 κατεσκείασεν
961 1658 1021 1713 3‘97
1022 1675 1059 1698 ‘a
1078 1676 1121 1699 τε
1131 1658 1292 1713 μεγάλα
1312 1660 1380 1700 καὶ
1395 1663 1504 1700 θαυ-

60 1715 202 1769 μαστὰ
224 1722 315 1762 ταῖς
335 1715 528 1762 ἐπινοίαις
548 1731 615 1754 και
638 1730 729 1761 ταις
742 1730 969 1767 χοοτῃιαις,
995 1717 1062 1753 ubi
1085 1729 1163 1753 non
1184 1718 1330 1755 deleam
1353 1732 1410 1765 τε,
1432 1719 1509 1754 etsi

63 1772 159 1826 ἔργα
177 1769 336 1838 μεγάλα
361 1787 428 1810 και
448 1769 678 1822 θαιιιαστα
701 1774 755 1808 sic
777 1779 835 1808 est
865 1785 901 1821 p.
926 1773 999 1811 37.
1026 1773 1100 1811 34.
1136 1772 1258 1810 Ροιϊο
1279 1787 1315 1843 Ρ.
1331 1775 1406 1813 23.
1426 1774 1503 1812 44.

62 1828 104 1868 37
125 1828 225 1868 ἐκειν
229 1844 260 1867 ω
281 1824 397 1882 μόνῳ
419 1842 476 1866 τι)
501 1824 614 1866 τόπω
638 1830 720 1866 τῶν
739 1842 781 1866 τε
806 1825 911 1866 κατὰ
931 1825 1006 1879 τὴν
1023 1825 1174 1880 Ἰνδικὴ
1182 1844 1204 1867 ν
1222 1830 1290 1868 καὶ
1310 1827 1357 1881 τὴ
1364 1845 1386 1868 ν
1407 1826 1507 1880 ὅμο-

64 1900 136 1939 ρον
151 1881 308 1937 χώραν.
347 1884 494 1928 Quibus
513 1897 592 1920 non
610 1884 811 1920 dissimilia
829 1890 918 1920 sunt
948 1896 983 1932 p.
1006 1886 1079 1924 60.
1101 1886 1174 1925 98.
1198 1883 1297 1932 τοὺς
1315 1885 1481 1936 gmina,
1458 1901 1510 1923 7-

63 1940 262 1992 σομένους
271 1942 354 1980 τῶν
363 1954 405 1979 τε
417 1936 629 1993 προςόδων
640 1942 722 1979 τῶν
735 1941 859 1990 βασιλ
864 1955 961 1979 ικων
971 1955 1038 1979 και
1029 1936 1369 2007 61017tyc501'vag‘'
1347 1955 1510 1980 απαντιι

63 2011 117 2037 τα
141 2011 247 2050 κατα
279 1993 352 2042 τὰς
373 1995 480 2042 ἲδιάς
502 1995 692 2050 μερίδας.
721 2009 756 2046 p.
778 1997 882 2036 366.
907 1999 977 2037 86.
1000 1992 1181 2050 διάφορα
1212 2002 1305 2044 ταῖς
1324 2012 1367 2037 τε
1387 2012 1510 2048 προς-

65 2050 187 2105 όψεσι
219 2052 286 2092 καὶ
313 2057 404 2098 ταῖς
425 2046 568 2098 ἀλκαῖς
586 2049 830 2103 θατμαστά.
854 2067 888 2102 Ρ.
902 2054 1006 2093 385.
1018 2054 1092 2093 40
1101 2053 1352 2103 μεταδοῦναι
1372 2056 1447 2105 τῆς
1466 2067 1510 2092 τε

67 2109 224 2163 δωρεᾶς
244 2108 311 2148 καὶ
322 2106 383 2147 τὰ
402 2108 493 2159 περὶ
513 2106 589 2159 τὴν
608 2107 666 2160 397
670 2107 802 2147 ασιάν
822 2111 896 2148 τοῦ
918 2105 1076 2176 σπόρου
1098 2106 1272 2157 διδαξαι.
1296 2124 1332 2160 Ρ.
1347 2111 1422 2150 24.
1437 2112 1510 2151 66.

68 2181 142 2205 συν
146 2164 395 2215 αποκομίσαι
418 2161 533 2217 δῶρά
552 2179 595 2203 τε
615 2140 880 2215 πανταχόθεν
898 2163 951 2203 τὰ
972 2161 1172 2215 κράτιστα
1192 2181 1259 2204 και
1282 2164 1348 2205 δια
1368 2164 1414 2205 τὸ
1436 2163 1512 2218 με’-

67 2224 191 2274 γεθος
218 2224 302 2260 τῶν
326 2218 560 2273 εἰεργεσιων
583 2219 964 2274 συμπεφωνημένην
992 2223 1135 2272 λαβεῖν
1163 2220 1277 2275 παρὰ
1307 2224 1407 2261 πᾶσι
1436 2236 1512 2272 την

70 2275 321 2316 ἀθανασίαν
349 2276 454 2314 Haec
475 2279 508 2314 si
528 2279 656 2314 omnia
677 2290 754 2313 non
769 2283 859 2314 sunt
878 2279 1047 2315 librariis
1067 2279 1302 2327 imputanda,
1319 2292 1368 2315 ne
1381 2281 1422 2315 in
1435 2279 1512 2315 illis

71 2333 223 2383 quidem
242 2347 286 2399 Ρ.
308 2335 411 2373 175.
436 2333 507 2372 55
535 2332 763 2385 -ᾚιιραμιν
790 2332 834 2371 δὲ
859 2348 917 2371 τω
938 2348 980 2372 τε
1005 2333 1169 2401 μεγέθει
1199 2337 1282 2374 τῶν
1312 2334 1514 2385 ἐπιβολῶν

73 2404 141 2428 και
171 2385 355 2442 πράξεων
379 2389 719 2457 ‹luovouuque'msv
730 2403 808 2438 Ρ.
833 2390 937 2429 372.
959 2392 1000 2430 6.
1019 2389 1082 2428 ἐπὶ
1102 2386 1268 2442 ζητησίν
1288 2406 1331 2430 τε
1352 2393 1427 2441 τῆς
1445 2404 1516 2442 yv-

73 2443 213 2490 ἰαικὸς
235 2445 302 2483 καὶ
322 2447 397 2496 τῆς
415 2447 486 2483 θνῆ
476 2443 648 2496 γατρός,
681 2449 866 2482 continuo
887 2447 1102 2494 sequendus
1125 2450 1199 2484 erit
1217 2448 1315 2484 liber
1333 2460 1432 2484 unus
1451 2447 1517 2484 vel

75 2503 171 2538 alter
200 2503 264 2550 qui
286 2503 508 2550 particulam
535 2508 599 2537 aut
630 2504 772 2538 omittit
796 2509 862 2538 aut
883 2505 1110 2551 transponit.

191 2558 293 2596 100.
317 2559 391 2596 22.
413 2558 590 2609 Προσαγ
582 2572 684 2609 ὀρει-
689 2554 836 2607 όιιειον
858 2557 1042 2610 ῙΙῙινᾶν]
1077 2557 1186 2595 Conf.
1208 2572 1308 2607 supr.
1328 2558 1422 2598 45.·
1413 2587 1424 2605 ,
1451 2558 1517 2605 qui

75 2625 147 2652 rex
168 2626 253 2649 cum
276 2624 325 2649 ex
348 2612 566 2650 hominibus
588 2614 763 2665 Aegypto
793 2616 935 2661 primus
960 2616 1188 2662 praefuerit,
1219 2621 1257 2651 et
1279 2615 1420 2652 Moeris
1446 2615 1518 2650 ali-

79 2676 172 2719 quot
190 2682 235 2706 eo
259 2669 445 2706 aetatibus
466 2671 516 2705 sit
536 2673 743 2718 posterior,
779 2671 974 2706 fortasse
963 2684 996 2707 is
1026 2670 1088 2707 hic
1116 2673 1370 2720 intelligitur,
1406 2671 1519 2717 quem

81 2737 163 2773 cap.
192 2727 265 2766 61.
294 2725 473 2762 Mendem
496 2733 629 2771 vocat,
661 2724 874 2775 labyrinthi
901 2726 1168 2764 conditorem.‘
1205 2727 1296 2764 Scio
1322 2726 1413 2774 quid
1441 2727 1519 2762 viri

86 2784 235 2833 egregii
253 2779 430 2818 Holsten.
453 2787 491 2817 et
507 2779 659 2819 Berkel.
679 2781 728 2818 ad
748 2780 935 2831 Stephani
953 2782 1240 2836 Κροκοδείλων
1260 2779 1377 2829 πόλις
1395 2788 1519 2818 tenta-
