1828 3253
277 98 368 142 558
751 91 1274 134 ANNOTATIONES

280 210 427 266 ρῖσσης
455 221 503 248 ex
522 206 715 259 Dionysio
746 207 835 246 Ant.
866 205 976 245 Rom.
1008 207 1050 246 1..
1068 206 1120 245 X.
1153 221 1188 260 p.
1211 208 1315 250 676.
1364 206 1483 247 Gesta
1511 214 1604 246 vero
1636 206 1726 246 huic

280 282 384 307 anno
404 266 576 315 aequalia
597 264 699 302 unde
727 264 930 302 eruemus?
961 263 1145 314 Suspicor
1164 278 1208 302 ea
1231 277 1349 314 pauca
1368 265 1510 312 fuisse,
1539 271 1576 301 et
1598 277 1728 302 socor-

283 325 370 362 dem
386 324 599 368 librarium,
612 334 699 359 cum
721 334 813 359 mox
831 323 967 358 iterum
990 328 1210 369 sequeretur
1230 317 1286 359 ἐπ’
1312 317 1525 372 ἄρχοντος,
1541 321 1729 358 coniectis

281 383 325 420 in
345 381 385 418 id
405 381 548 425 oculis,
579 385 705 415 cetera
726 379 856 415 omnia
879 379 1131 414 transiluisse.
1162 378 1298 416 Wass.

397 437 504 476 473.
526 436 600 476 48.
629 434 691 473 Λ.
703 429 986 484 Ποστούμιον]
1014 432 1352 473 DeleviH0n7.t'ov
1372 430 1730 471 vocabulumCodd.

282 494 515 532 auctoribus.
562 491 654 528 Abit
691 497 817 528 autem
844 489 1038 527 Diodorus
1068 503 1089 527 a
1120 492 1258 528 ceteris
1286 489 1437 537 Fastis,
1470 490 1537 540 qui
1572 496 1658 538 post
1687 486 1729 524 C.

281 549 464 589 Nautium
486 547 659 585 Rutilum
680 552 719 584 et
738 546 780 583 L.
806 545 1016 584 Minucium
1037 546 1277 599 Augurinum
1306 546 1412 584 Coss.
1434 547 1553 583 edunt
1578 545 1618 583 C.
1643 544 1731 582 Ho-

281 609 435 646 ratium
456 612 496 643 et
518 605 563 652 Q.
592 603 809 644 Minucium
828 603 1086 653 Augurinum.
1128 602 1306 640 Fortasse
1328 615 1393 640 eos
1420 609 1600 653 posuerat
1629 614 1731 639 anno

283 665 502 713 superiore,
534 674 645 711 quem
664 660 855 698 excidisse
878 659 1057 708 vidimus,
1086 671 1310 710 quamquam
1330 672 1378 697 ne
1401 662 1456 697 sic
1479 658 1632 709 quidem
1653 659 1733 695 illis

285 722 494 770 conspirat,
526 720 583 756 uti
604 717 783 767 deinceps
803 716 962 753 dicetur.
984 716 1114 754 WESS.
1142 716 1352 753 Substituit
1377 715 1542 753 Ursinus
1555 713 1660 751 Coss.
1689 713 1731 751 C.

287 776 507 816 Horatium
540 774 773 820 Pulvillum,
805 772 851 820 Q.
871 772 1085 811 Minucium
1105 772 1363 822 Augurinum.
1407 772 1514 810 IDEM
1535 773 1575 808 in
1596 770 1695 810 Add.

397 833 504 872 473.
535 832 607 870 52.
639 825 815 870 ,Μότυον
838 825 1149 884 φρουρούμενον
1169 825 1249 868 ὑπὸ
1273 830 1357 867 τῶν
1374 823 1732 880 Ἀκραγαντι’νων]

283 887 330 928 In
352 887 693 940 Agrigentinorum
716 885 756 923 id
775 886 895 923 fuisse
916 887 1113 923 castellum
1132 898 1226 937 agro
1251 884 1427 935 adparet:
1457 890 1652 934 praeterea
1669 883 1732 919 ni-

283 944 364 993 hi13
392 959 480 982 nam
503 946 567 993 qui
586 950 736 993 practer
755 941 967 981 Diodorum
987 944 1223 989 meminerit,
1252 954 1363 979 nemo
1386 947 1455 978 est.
1495 939 1657 978 Videtur
1674 945 1734 976 ta-

283 1015 374 1042 men
392 1002 439 1040 ab
460 1001 553 1039 urbe
574 999 729 1050 Motya,
757 998 802 1037 de
824 1011 898 1049 qua
918 999 961 1037 L.
982 998 1093 1038 XIII.
1121 999 1208 1046 54„
1229 1010 1367 1035 nomen
1390 998 1578 1034 sortitum.
1618 994 1733 1032 Haud

283 1072 378 1098 vero
402 1060 504 1107 scio,
535 1070 585 1094 an
608 1063 695 1106 post
714 1069 833 1106 pauca
853 1057 970 1094 fuerit
988 1057 1078 1094 olim
1106 1057 1190 1094 τῶν
1220 1051 1264 1093 δὲ
1297 1051 1640 1106 Ἀκραγαντίνων
1664 1049 1735 1091 καὶ

285 1112 583 1167 Συρακουσίων
605 1108 991 1165 ἐπιβοηθησάντων.
1035 1111 1078 1150 Id
1101 1111 1284 1150 videntur
1309 1112 1505 1159 requirere
1526 1121 1623 1159 quae
1647 1121 1735 1146 suo-

283 1172 450 1219 cedunt,
486 1165 683 1222 ἒξήλασεν
716 1167 1003 1224 ἀμφοτέρους,
1049 1175 1129 1206 tum
1158 1168 1298 1214 etiam,
1336 1165 1437 1216 quod
1467 1166 1514 1204 de
1552 1164 1736 1212 BoIcone,

282 1228 618 1281 Syracusanorum
638 1233 835 1276 praetore,
861 1225 1014 1263 additur
1035 1225 1232 1262 continuo.
1259 1223 1392 1261 wass.

398 1284 510 1326 473.
539 1283 613 1323 64-
652 1281 761 1336 Περὶ
782 1279 859 1329 τὰς
885 1278 1062 1333 Νομᾶς]
1104 1280 1155 1319 Et
1183 1280 1256 1317 hoc
1277 1282 1350 1318 soli
1371 1276 1544 1316 Diodoro
1574 1276 1734 1316 debetur

281 1340 479 1391 oppidum.
525 1338 674 1377 Retulit
702 1350 748 1378 eo
778 1338 849 1378 Ph.
880 1337 1082 1377 Cluverius
1103 1337 1151 1376 11.
1182 1336 1291 1375 Sicil.
1321 1336 1453 1388 Antiq.
1479 1348 1515 1388 p.
1540 1335 1646 1378 384.
1685 1346 1736 1372 ex

282 1397 388 1438 Silio
406 1396 514 1437 xlv.
537 1397 645 1438 266.

625 1472 676 1481 ·-
738 1472 788 1480 —
822 1450 1023 1490 comitata
1052 1447 1238 1489 Nemaez‘s

515 1509 632 1547 Venit
660 1505 852 1546 Amastra
879 1509 991 1546 viris.
1020 1528 1070 1537 —-

284 1565 475 1606 Nomaet's
493 1567 705 1617 corrigens.
755 1563 835 1603 Sed
854 1565 1058 1612 Menaeis,
1085 1561 1187 1614 quod
1207 1561 1364 1612 scriptis
1393 1562 1436 1600 in
1454 1559 1565 1599 libris
1583 1559 1738 1600 invenit

282 1622 334 1664 N.
355 1623 561 1669 Heinsius,
593 1623 734 1672 optime
763 1634 804 1659 se
825 1628 975 1670 tuetur,
1003 1635 1027 1662 a
1053 1620 1208 1669 Menis,
1235 1619 1283 1658 de
1304 1619 1442 1670 quibus
1464 1629 1498 1656 c.
1521 1619 1595 1661 87.
1629 1618 1737 1658 vidi-

283 1694 391 1728 mus,
418 1682 638 1729 repetitum.
664 1678 801 1716 Wsss.

298 1737 303 1741 ’
395 1737 505 1777 473.
530 1736 604 1776 75.
637 1736 739 1782 Τοῖς
757 1731 870 1782 ὅλοις
891 1732 1140 1788 συντριβεὶς]
1171 1732 1257 1771 Hoc
1270 1744 1394 1785 genus
1413 1732 1454 1770 in
1475 1731 1738 1781 superioribus

280 1795 478 1835 illustrare
499 1793 670 1832 memini.
708 1791 828 1843 Iunge
860 1791 911 1830 Is.
934 1790 1201 1829 casaubonum
1221 1789 1270 1828 ad
1297 1789 1433 1840 Polyb.
1452 1787 1480 1826 I.
1503 1790 1574 1830 12.
1603 1787 1737 1825 VVEss.

396 1850 504 1890 473.
529 1849 601 1890 83.
636 1849 734 1887 Τῶν
751 1849 926 1899 βωμῶν]
956 1847 1130 1886 Nisifuit
1147 1843 1221 1887 τὸν
1237 1841 1398 1898 βωμόν,
1414 1852 1458 1882 ut
1468 1851 1528 1882 est
1546 1844 1650 1885 503.
1663 1843 1735 1884 75.

395 1905 503 1947 473.
532 1905 607 1946 93.
644 1903 731 1945 Καὶ
759 1901 837 1957 τὴν
870 1902 1051 1955 Νέμεσιν
1070 1905 1155 1943 τῶν
1182 1905 1295 1942 θεῶν
1328 1899 1628 1955 ἐντρέπεσθαι]
1663 1899 1736 1938 Ul-

283 1964 372 2003 trix
392 1963 492 2002 haec
498 1961 740 2009 facinorum
762 1961 957 2013 inpiorum
978 1960 1242 2011 bonorumque
1264 1959 1552 2011 praemiatrioe,
1579 1963 1622 1994 ut
1642 1955 1734 1994 Am—

283 2022 413 2059 miano
433 2019 576 2057 dicitur
601 2017 645 2055 L.
664 2017 773 2055 XIV.
800 2019 893 2065 ll.,
922 2019 1088 2055 maxime
1110 2015 1280 2054 timenda
1294 2015 1523 2053 censebatur
1543 2014 1733 2060 omnibus,

283 2080 350 2128 qui
370 2088 552 2128 prospera
569 2076 727 2113 fortuna
745 2074 859 2121 elati,
885 2075 1115 2111 insolentius
1135 2078 1295 2126 agerent
1322 2079 1389 2109 aut
1407 2071 1643 2121 supplicibus
1662 2082 1734 2125 ⁸es-

284 2140 373 2172 sent
393 2132 541 2171 infesti.
570 2132 699 2177 Quare
719 2131 931 2169 cultissime
948 2132 1073 2169 veteri
1090 2131 1131 2168 in
1146 2129 1304 2181 Hymno
1325 2128 1372 2166 de
1390 2127 1566 2167 Nemesi:

444 2185 514 2227 “A
536 2190 676 2241 κοῦφα
696 2183 950 2241 φρυάγματα
970 2188 1143 2227 θνατῶν

450 2241 637 2294 Ἐπέχεις
657 2240 863 2295 ἀδάμαντι
876 2245 1050 2298 χαλινῷ,

441 2297 670 2351 ’Έχθουσα
691 2297 734 2339 θ’
765 2296 885 2354 ὕβριν
910 2297 1037 2339 ὀλοὰν
1056 2300 1236 2353 βροτῶν,

453 2355 634 2396 Μέλανα
654 2352 821 2410 φθόνον
844 2353 960 2403 ἐκτὸς
980 2352 1169 2402 ἐλαύνεις.

445 2408 551 2452 ‘Yno
575 2410 650 2452 σὸν
669 2410 842 2466 τροχὸν,
873 2410 1077 2459 ἄστατον,
1107 2409 1256 2462 ἀστιβῆ

451 2466 636 2522 Χαροπὰ
657 2466 853 2520 μερόπων
872 2467 1091 2523 στρέφεται
1112 2463 1230 2519 τύχα.

452 2521 674 2578 Λήθουσα
696 2525 741 2565 δὲ
760 2523 843 2579 πὰρ
867 2521 976 2565 πόδα
998 2524 1165 2576 βαίνεις.

454 2583 495 2621 Γ
492 2577 748 2635 αυρούμενον
776 2579 930 2633 αὐχένα
959 2580 1104 2629 κλίνεις
1121 2587 1195 2619 etc.

284 2650 381 2690 quae
401 2640 479 2691 legi
498 2645 659 2688 possunt
676 2641 718 2677 in
737 2637 938 2679 Conment.
969 2637 1148 2676 Academ.
1170 2636 1350 2687 Inscript.
1374 2633 1423 2672 T.
1445 2633 1528 2673 VII.
1551 2646 1587 2684 p.
1607 2632 1730 2678 289„

284 2698 454 2744 mireque
482 2697 726 2733 illustrantur
753 2695 800 2733 ab
829 2694 1057 2742 Ammiano,
1083 2705 1252 2745 quaeque
1272 2693 1322 2731 ad
1343 2705 1430 2730 eum
1457 2691 1663 2740 adscripsit
1678 2686 1728 2725 H.

282 2750 472 2791 Valesius.
499 2751 627 2792 Habet
647 2754 763 2792 etiam
779 2751 833 2790 10.
855 2751 904 2791 G.
925 2751 1116 2791 Graevius
1135 2749 1237 2790 haud
1255 2762 1389 2802 pauca,
1414 2761 1463 2786 ex
1482 2744 1731 2786 interioribus
