1828 3253
478 235 542 276 IN
582 234 693 275 LIB.
732 234 842 275 XII.
879 234 1005 274 CAP.
1036 236 1077 277 3.
1110 235 1153 276 4.
1431 237 1526 279 563

81 352 301 404 significant
322 350 522 403 Lyeurgus
542 352 583 388 in
604 349 777 387 Leocrat.
796 362 832 400 p.
857 349 973 396 157„
1000 349 1100 386 Plut.
1120 347 1265 387 Cimon.
1281 361 1315 399 p.
1328 350 1434 391 487.
1456 350 1518 396 A„

79 409 267 446 Aristides
286 407 495 446 Panathen.
516 419 552 455 p.
578 409 684 447 267.
717 414 754 443 et
781 405 921 444 Suidas
950 410 991 443 in
1020 405 1180 456 Κίμων.
1214 407 1288 451 Qui
1310 408 1516 455 locupletes

80 477 196 514 quum
218 468 296 502 sint
314 472 502 510 auctores,
532 463 631 500 haud
655 475 745 499 sane
767 462 982 499 mirandum
1004 468 1083 509 cst,
1115 465 1220 499 viros
1242 466 1438 514 egregios,
1466 463 1514 499 H.

77 520 318 559 Dodwellum
348 520 485 558 Annal.
511 519 728 569 Thucydid.
757 533 791 569 p.
812 521 884 558 67.
905 526 942 555 et
963 519 1036 558 99.
1068 525 1106 555 et
1125 517 1421 569 Barbeyracium
1443 519 1514 555 lli·-

78 584 173 617 stor.
194 577 351 614 Foeder.
371 577 413 614 P.
435 575 463 613 I.
487 590 521 625 p.
547 577 619 615 99.
652 582 777 625 partes
810 574 973 612 Diodori
1005 574 1200 621 deserere,
1227 582 1339 623 atque
1360 577 1438 612 illis
1459 578 1515 612 al-

78 634 165 671 bum
187 635 372 671 calculum
397 632 597 680 adponere.
629 631 725 669 Mihi
747 632 898 680 quidem
924 633 1126 669 consilium
1159 644 1238 668 non
1266 638 1337 679 est,
1365 634 1517 681 gravis-

78 692 184 727 simis
202 690 449 738 scriptoribus
469 689 636 738 obloqui,
661 701 730 724 nec
761 688 959 737 desperata
997 693 1125 724 tamen
1159 700 1314 737 prorsus
1352 687 1517 724 Diodori

78 759 212 783 caussa
233 745 396 783 videtur.
426 745 598 793 Namque
617 743 869 782 Callisthenes
889 745 1028 781 diserte
1058 750 1185 794 negat,
1216 757 1305 781 mox
1331 758 1353 781 a
1370 747 1516 794 praelio

76 802 125 839 ad
144 802 465 851 Eurymedontem
488 802 642 838 foedere
665 803 854 838 sancitum
878 801 1011 847 fuisse,
1038 807 1080 837 ut
1096 799 1235 837 Persae
1253 802 1331 837 illis
1353 814 1392 837 se
1416 802 1516 837 fini-

77 858 160 904 bus,
181 858 226 894 de
245 859 381 906 quibus
401 865 546 905 auctor,
573 859 837 895 continerent:
860 865 963 894 metu
983 857 1180 893 dumtaxat
1198 858 1405 906 perculsos,
1437 858 1515 894 cla·-

75 913 261 963 dibusque
291 915 432 952 fractos
469 916 623 965 longius
651 927 673 951 a
715 912 877 950 Graecia
896 927 978 950 sese
1013 914 1243 960 seiunxisse,
1271 915 1515 962 potuisseqne

74 970 168 1008 adeo
190 970 374 1007 Periclem
394 977 432 1007 et
449 970 665 1020 Ephialtem
687 971 788 1007 ultra
807 968 1051 1007 Chelidonias
1071 971 1191 1006 classe
1215 969 1386 1018 provehi,
1407 971 1514 1006 nulla

57 1020 274 1064 ⁴barbarica
295 1034 498 1076 conspecta
520 1029 623 1065 navi.
665 1026 869 1073 Obmovet,
899 1027 1035 1072 fateor,
1062 1025 1290 1062 Plutarchus
1310 1023 1456 1063 Cimon.
1478 1039 1514 1075 p.

75 1083 181 1123 487.
205 1081 247 1122 C.
277 1085 490 1131 exemplum
520 1083 707 1130 foederis,
749 1083 850 1131 quod
872 1082 1175 1130 Psephismatum
1203 1083 1423 1119 collectioni
1452 1084 1514 1119 in-

78 1142 239 1176 seruerit
261 1137 461 1186 Craterus,
484 1139 581 1176 nihil
602 1146 727 1175 tamen
747 1139 904 1186 addens,
925 1151 998 1187 quo
1021 1139 1258 1186 potissimum
1277 1145 1444 1186 tempore
1474 1137 1513 1174 id

74 1194 329 1232 Athenienses
350 1198 449 1233 inter
469 1202 507 1232 et
518 1195 654 1232 Persas
673 1197 868 1232 coaluerit.
894 1195 998 1232 Adde
1018 1194 1088 1231 hoc
1109 1195 1284 1243 amplius,
1301 1194 1397 1231 nihil
1418 1197 1513 1231 ami-

78 1265 163 1288 cum
192 1258 281 1288 ante
309 1251 410 1289 hunc
438 1265 582 1289 annum
610 1251 908 1288 Atheniensibus
934 1253 1055 1288 fuisse
1085 1264 1169 1288 cum
1199 1250 1339 1287 Persis.
1378 1249 1512 1288 Cimon

77 1310 180 1344 enim
209 1310 337 1345 statim
357 1321 379 1345 a
399 1315 508 1356 parta
535 1308 581 1345 ad
602 1307 926 1357 Eurymedontem
945 1308 1109 1345 victoria
1128 1308 1169 1343 in
1195 1319 1259 1342 eos
1274 1334 1295 1353 ,‚
1324 1305 1513 1343 Thraciae

74 1362 350 1405 Chersonesum
376 1364 611 1411 insidentes,
642 1364 763 1401 duxit.
811 1363 900 1400 Non
928 1365 1059 1400 multis
1080 1370 1166 1413 post
1185 1365 1297 1399 annis
1318 1363 1512 1413 Aegyptii,

72 1419 186 1457 Inaro
218 1419 312 1457 duce
332 1420 569 1467 desciscunt,
595 1419 961 1470 Atheniensiumque
979 1421 1186 1468 implorant
1205 1421 1406 1466 auxilium,
1432 1422 1512 1467 qui,

70 1478 227 1514 tametsi
241 1476 525 1514 conditionibus
542 1477 709 1514 foederis
730 1478 957 1514 nominatim
976 1478 1161 1513 insertum
1183 1472 1363 1526 εεςεεηιιι)
1388 1489 1514 1526 στρα-

70 1547 199 1572 ‘teuent
225 1529 492 1585 Ἀθηναιόυς
526 1532 581 1579 εἷς
613 1548 687 1585 την
713 1528 872 1586 χώραν,
894 1531 943 1584 ἧς
968 1527 988 1572 ὅ
1014 1528 1209 1581 stac-thim
1232 1528 1357 1582 ἄρχει,
1382 1533 1514 1568 confe-

73 1591 162 1626 stim
182 1589 312 1626 valida
332 1603 417 1626 cum
438 1591 558 1626 classe
577 1589 774 1636 advolant,
794 1591 972 1639 ipsosque
992 1588 1097 1625 Pers
1100 1601 1129 1625 is
1150 1595 1382 1638 oppugnant.
1410 1590 1512 1632 Quin

67 1644 239 1695 jpsohoc
252 1652 431 1695 tempore,
443 1645 667 1696 Thucydide
678 1652 773 1682 teste
784 1644 826 1682 L.
841 1645 868 1684 l.
888 1648 989 1686 112.
1015 1643 1151 1681 Cimon
1172 1646 1373 1694 sexaginta
1393 1656 1513 1682 naves

75 1703 222 1739 auxilio
243 1703 348 1738 misit
367 1701 597 1752 Amyrtaeo,
633 1705 697 1750 qui
716 1705 758 1739 in
779 1702 980 1750 paludibus
1003 1701 1190 1751 Aegypti,
1229 1701 1431 1737 Persarum
1453 1702 1513 1737 in-

74 1760 225 1804 imicus,
251 1758 422 1809 degebat.
466 1760 570 1802 Quae
600 1759 752 1807 quidem
770 1765 837 1795 aut
864 1759 999 1795 foedus
1022 1765 1107 1806 post
1126 1769 1291 1806 pugnam
1312 1757 1359 1792 ad
1379 1756 1512 1806 Eury-

74 1814 290 1851 medontem
322 1827 401 1852 non
430 1815 549 1852 fuisse
573 1822 723 1866 pactum
753 1821 819 1852 aut
849 1821 951 1851 certe
984 1814 1030 1850 ab
1053 1812 1349 1849 Atheniensibus
1371 1813 1512 1862 perfide

72 1872 289 1921 neglectum
307 1872 556 1921 persuadent:
585 1873 749 1908 fractum
768 1884 860 1909 vero
884 1872 949 1919 qui
968 1869 1183 1915 tradiderit,
1197 1871 1385 1906 neminem
1408 1871 1512 1906 novi.

75 1925 188 1964 Unde
209 1940 278 1978 ego
300 1930 484 1976 suspicari
501 1930 643 1973 malim,
670 1927 804 1964 foedus
824 1940 956 1977 reapse
977 1929 1079 1963 inter
1096 1925 1349 1961 Athenienses
1371 1932 1407 1961 et
1418 1924 1511 1960 Per-

75 1997 136 2020 sas
157 1992 244 2020 ante
267 1982 368 2020 hunc
389 1997 529 2021 annum
551 1998 627 2021 non
646 1982 788 2031 fuisse,
827 1984 892 2020 sed
914 1981 1004 2029 hos,
1041 1983 1137 2030 quod
1161 1980 1411 2029 Callisthenes
1433 1994 1511 2018 me-

67 2042 214 2085 moriae
234 2040 413 2090 prodidit,
442 2048 576 2090 sponte
602 2054 670 2077 sua
691 2047 778 2088 post
800 2041 944 2077 cladem
964 2039 1011 2076 ad
1032 2038 1355 2088 Eurymedontem
1375 2039 1511 2074 missas

71 2095 210 2132 fecisse
232 2096 372 2133 Graeci
401 2100 566 2134 nominis
586 2099 625 2134 in
649 2097 742 2133 Asia
761 2099 961 2142 civitates⁷
1004 2107 1166 2143 raroque
1186 2096 1388 2144 navigasse
1409 2095 1510 2129 inter

73 2149 317 2190 Chelidonias
341 2160 378 2190 et
399 2152 592 2203 Cyaneas,
633 2153 734 2202 quod
754 2166 857 2189 mare
877 2152 995 2199 illud,
1026 2151 1183 2188 Graecis
1205 2152 1319 2200 longe
1339 2152 1511 2197 superio-

70 2206 190 2256 ribus,
213 2215 336 2246 tutum
357 2222 433 2246 non
454 2209 647 2246 haberent.
675 2209 786 2253 Quod
807 2217 931 2246 autem
953 2221 1082 2256 pacem
1101 2210 1283 2244 sociatam
1298 2205 1512 2256 Lycurgus,

70 2261 313 2312 Plutarchus,
334 2272 370 2303 et
388 2267 528 2314 reliqui
540 2270 767 2314 scriptorum
788 2273 874 2314 post
895 2266 1097 2303 victoriam
1117 2264 1164 2300 ad
1188 2262 1512 2312 Eurymedontem

73 2321 266 2368 referunt,
305 2323 364 2358 illi
384 2324 442 2359 rei
461 2325 611 2360 occasio
632 2324 751 2359 fuisse
775 2322 930 2359 videtur
955 2334 1002 2357 ex
1021 2326 1125 2357 metu
1142 2319 1367 2365 Persarum,
1409 2321 1512 2355 intra

73 2388 138 2411 eos
161 2389 200 2412 se
220 2377 316 2414 fines
335 2381 694 2430 constringentium.
737 2378 861 2426 Atque
881 2377 951 2414 hoc
975 2380 1008 2414 si
1029 2376 1180 2426 probes,
1208 2378 1249 2412 in
1271 2374 1513 2412 concordiam

72 2437 266 2482 utcunque
286 2434 464 2471 redibunt
485 2438 703 2484 scriptores,
718 2435 910 2471 frontibus
930 2435 1073 2481 alioqui
1094 2433 1267 2470 adversis
1288 2438 1513 2482 pugnantes.

77 2488 210 2524 wass.
250 2488 338 2526 Non
360 2493 498 2528 mirum
527 2492 681 2529 diversa
702 2491 801 2528 tradi
821 2491 867 2527 ab
890 2490 1138 2539 scriptoribus
1160 2488 1206 2524 de
1228 2488 1382 2525 foedere
1410 2486 1512 2535 quod

78 2554 268 2590 nunquam
281 2547 416 2583 initum
431 2554 498 2584 est.
527 2546 568 2584 Id
589 2547 690 2596 quod
710 2549 849 2595 optime
871 2546 1040 2584 ostendit
1050 2544 1314 2582 Dahlmannus
1334 2545 1375 2580 in
1386 2544 1513 2587 Quae-

78 2597 266 2634 stionibua
288 2600 484 2640 historicis
505 2603 689 2652 vol.1.p.
712 2603 740 2640 l.

187 2653 292 2693 48]·
304 2655 377 2693 28·
401 2658 629 2712 Κατωτέοω
642 2674 766 2712 τριων
780 2653 944 2710 ημερῶν
965 2650 1082 2707 οὸὂν]
1098 2652 1337 2694 Multimodis
1350 2655 1513 2702 spatium

74 2708 148 2746 hoc
171 2709 400 2747 describitur
426 2715 472 2748 ab
502 2717 602 2762 illis,
633 2718 699 2763 qui
718 2715 986 2752 celeberrimae
1008 2716 1111 2763 pacis
1130 2715 1398 2775 meminerun‘t.
1432 2709 1512 2745 De·-

71 2765 290 2803 mosthenes
319 2765 409 2818 περὶ
438 2769 714 2822 Πυραπρεσβ.
743 2785 778 2820 p.
798 2773 905 2811 258.
931 2770 1060 2809 ἵππου
1079 2767 1155 2820 μὲν
1178 2762 1334 2819 δρόμον
1354 2761 1512 2817 ἡμέρας

71 2821 168 2875 πὲζΙ]
192 2837 250 2873 W]
275 2823 574 2872 καταβαιᾘιειν
556 2826 620 2864 επὶ
648 2825 695 2878 τι)
704 2843 722 2865 ν
744 2823 829 2866 θά)
834 2841 962 2865 artai
984 2821 1170 2876 βασιλέα.
1211 2823 1325 2860 Hunc
1345 2823 1512 2858 aemula-

72 2884 133 2915 tur
155 2876 379 2915 Himerius
369 2892 410 2916 in
431 2879 560 2918 Photii
580 2880 764 2920 Biblioth.
783 2896 819 2933 p·
844 2885 978 2924 1110
993 2881 1122 2921 ι’ππου
1142 2879 1218 2931 μὲν
1238 2874 1394 2932 δρόμον
1414 2872 1512 2929 ἡμέ-

1134 2938 1193 2976 36
1217 2937 1236 2958 ⁴⁶
