1828 3253
426 141 494 183 IN
525 140 635 181 LIB.
662 141 720 182 11.
767 140 1146 185 CAP.13.-15.
1430 149 1519 190 177

70 255 288 295 BoecleruS.
331 256 434 295 Idem
453 257 591 296 vitium
610 257 813 306 occupavit
831 255 980 294 Aelian.
1001 255 1129 294 XVII.
1150 256 1200 295 H.
1223 257 1269 296 A.
1291 258 1352 308 5.‚
1373 262 1439 310 qui
1457 268 1516 300 ta..

70 327 159 351 men
178 321 280 351 recte
301 313 391 351 XII.
415 314 488 353 34.
518 312 627 352 XIH.
656 314 725 353 19.
766 312 901 349 ῊῙΕεε.

189 372 291 410 128.
309 372 384 411 20.
410 368 584 419 Λίμιήν
603 364 886 420 τετράγωνον]
925 368 1053 406 Habet
1074 380 1122 405 ex
1142 367 1293 418 Ctesia,
1340 374 1454 411 sicuti
1473 381 1511 412 et

69 426 287 477 Antigonus
308 423 457 474 Caryst.
475 424 577 462 Hist.
598 425 732 462 Mirab.
753 438 793 462 c.
810 426 912 465 160.
954 425 1068 462 Ovid.
1090 424 1177 462 XV.
1202 425 1254 464 M.
1278 429 1383 469 319.

194 482 268 519 Cui
287 495 362 518 non
383 483 523 519 audita
545 489 606 518 est
623 482 836 518 obscoenae
860 479 1058 518 Salmacis
1077 482 1236 519 undae?

179 537 467 588 Aethiopesque
487 537 627 574 lacus?
665 550 762 587 quos
783 539 924 588 siquis
940 537 1139 584 faucibus
1161 538 1308 585 hausit,

179 594 261 631 Aut
276 593 413 640 furit,
439 601 512 630 aut
532 596 670 630 miram
684 595 849 645 pectitur
867 595 1074 642 gravitate
1093 606 1286 645 soporem.

67 651 177 688 Adde
195 650 365 686 Plinium
382 649 537 686 XXXI.
560 650 607 686 N.
626 649 675 686 H.
701 652 738 690 l.
761 663 847 686 cum
867 656 959 686 nota
977 649 1182 688 Harduini.
1205 651 1338 687 VVESS.

182 707 284 746 128.
316 707 389 745 31.
429 703 602 757 Πολλὴν
633 702 764 758 ἕλην]
807 702 964 744 Ὕαλον
996 718 1063 745 seu
1095 702 1214 745 ὕελον
1242 708 1505 756 reponendum

64 775 146 799 esse
194 769 396 799 contextus
430 773 592 810 sequens
620 764 761 812 arguit.
814 760 949 799 RHOD.
993 758 1318 815 Περιχευσαντες
1348 764 1474 804 no7.7.*
1442 782 1504 817 qv

62 815 133 857 ὗε)
136 817 204 868 ον]
232 816 391 854 Diodor.
424 820 479 855 ita
499 821 720 865 scripsisse,
759 817 877 854 dubit
880 832 927 855 iri
954 817 1055 855 haud
1087 826 1230 867 potest:
1270 824 1411 867 repetit
1440 835 1503 858 ea-

63 874 149 911 dem
169 873 234 910 III.
261 875 302 913 9.
317 901 328 920 ,
358 877 623 922 consentitque
646 873 786 910 Strabo
806 873 881 910 XV
887 873 932 910 ll.
963 887 998 923 p.
1025 877 1044 914 l
1061 876 1158 914 178.
1178 873 1220 911 Β.
1250 875 1440 914 Animadv
1444 891 1502 914 er-

62 933 110 967 tit
128 937 165 967 et
183 930 385 977 mendum,
416 931 518 978 quod
546 932 664 967 libros
691 930 812 967 editos
842 930 1058 977 insederat,
1089 929 1226 968 Thom.
1247 931 1428 970 Gataker.
1460 936 1501 971 in

62 987 205 1023 Anton.
226 986 288 1023 lV.
313 1000 348 1035 p.
379 988 482 1026 133.
516 987 650 1023 1VEss.

177 1044 280 1082 128.
305 1043 379 1081 34.
403 1039 754 1096 Ἀποφαινόμενος
773 1043 922 1082 τοῦτον
943 1036 1191 1092 σχεδιάζειν]
1217 1042 1358 1082 Confer
1376 1045 1407 1082 I.
1426 1049 1501 1087 23.

61 1098 206 1136 Vereor
231 1105 357 1135 autem
376 1098 642 1145 vehementer,
673 1112 721 1135 ne
742 1101 844 1135 iusto
878 1101 1045 1147 iniquior
1074 1097 1221 1136 Ctesias
1251 1104 1302 1137 sit
1321 1102 1500 1141 historia-

61 1167 147 1191 rum
175 1157 324 1203 pareuti
342 1153 557 1201 Herodot03
589 1168 710 1204 neque
741 1157 842 1191 enim
876 1157 909 1191 is
939 1152 1005 1191 ΙΙΙ..
1033 1155 1108 1193 24.
1139 1155 1252 1193 nudis
1278 1161 1500 1207 corporibus

61 1212 204 1247 vitrum
223 1211 477 1248 circumfundi
507 1211 661 1257 scribit,
692 1211 756 1247 sed
778 1217 1023 1259 posteaquam
1048 1218 1242 1248 mortuum
1272 1215 1503 1252 arefecerint

60 1278 257 1316 gypsoque
285 1267 536 1314 obduxerint,
568 1274 648 1304 tum
669 1267 820 1303 demum
848 1269 999 1333 cippum
1027 1280 1047 1303 e
1073 1270 1177 1303 vitro
1208 1281 1345 1306 cavum
1367 1273 1402 1307 ei
1424 1274 1499 1308 cir-

60 1323 260 1360 cui.:1dare
286 1319 421 1362 ἔπειτα
445 1321 492 1361 δέ
509 1320 548 1362 οἱ
576 1325 804 1374 πεοιϊστᾶσι
827 1320 982 1374 στηὶνν
1007 1321 1049 1369 ἐξ
1075 1317 1143 1361 1⁶25)
1149 1338 1196 1362 ov
1223 1326 1446 1377 πεποιημω
1450 1342 1498 1378 1,

59 1379 213 1430 κοίλην,
241 1390 338 1427 quae
359 1380 529 1428 profecto
548 1381 710 1416 multum
733 1378 889 1417 distant.
918 1378 1055 1418 wess.

176 1437 278 1475 129
312 1436 388 1475 41.
437 1434 643 1482 Τεθέντος
671 1434 735 1473 ἐπὶ
763 1432 835 1474 τὸν
867 1431 1028 1487 τάφον]
1074 1431 1238 1501 Στῆὶην
1220 1450 1349 1475 veum
1369 1441 1498 1488 paullo

61 1498 152 1528 ante
178 1491 341 1538 dixerit,
368 1491 442 1528 hoe
472 1493 657 1541 praetuli3
683 1493 908 1539 praesertim
937 1491 1037 1540 quod
1064 1487 1192 1538 τόπος
1221 1495 1336 1531 nimis
1367 1497 1497 1532 laxum

62 1555 182 1584 esset.
216 1547 317 1596 quod
336 1554 466 1586 tamen
488 1548 760 1598 sepulchrum'
749 1561 791 1584 1n
816 1550 910 1595 ipsis
939 1548 1096 1585 aedibus
1115 1548 1236 1585 fuisse
1264 1552 1498 1589 censendum

64 1611 122 1640 est
141 1604 188 1640 ob
209 1603 275 1640 111.
307 1605 348 1643 9.
381 1611 418 1640 et
440 1603 618 1641 Strabon.
636 1604 709 1641 XI¹
713 1603 759 1640 11.
789 1616 824 1651 p.
850 1606 983 1645 1178.
1005 1602 1048 1641 Β.
1073 1602 1208 1642 wass.

177 1660 281 1699 129.
309 1660 385 1699 45.
439 1657 527 1711 Τὴν
558 1659 602 1698 δὲ
637 1656 756 1699 ὕελον
786 1661 911 1698 πᾶσιν
943 1659 1153 1710 ἐξαρκεῖν]
1193 1661 1256 1699 Ex
1284 1661 1344 1699 his
1367 1664 1498 1701 verbis

61 1716 281 1766 colligitur,
306 1713 426 1755 ὕελον
446 1723 484 1752 et
502 1724 672 1753 nostrate
693 1719 837 1753 vitrum
860 1729 939 1752 non
968 1716 1070 1753 idem
1093 1728 1188 1754 esse.
1224 1717 1376 1756 Vitrum
1397 1721 1497 1768 apud

61 1771 285 1820 Europaeos
310 1785 390 1809 non
408 1774 602 1817 nascitur,
630 1772 696 1809 sed
717 1773 836 1808 multo
864 1773 994 1808 labore
1026 1774 1202 1821 coquitur
1221 1786 1269 1811 ex
1294 1773 1498 1814 herbarum

65 1835 102 1864 et
121 1828 290 1876 lapidum
313 1829 516 1865 cineribus,
534 1828 766 1874 Herodotus,
784 1841 894 1877 quem
914 1827 987 1864 hoc
1006 1829 1090 1864 loco
1111 1831 1204 1865 citat
1223 1828 1430 1878 Diodorus,
1449 1834 1496 1869 il-

62 1884 129 1921 lud
140 1888 283 1922 vitrum
301 1885 434 1922 fossile
448 1898 529 1921 esse
549 1887 603 1921 ait
614 1884 674 1920 his
695 1885 824 1921 verbis
836 1885 902 1920 lib.
914 1883 980 1920 ΙΙΙ.
995 1885 1069 1923 24.
1084 1884 1129 1920 de
1144 1884 1366 1935 Aethiopico
1378 1891 1495 1934 vitro,

62 1935 88 1991 ἡ
110 1939 158 1979 δέ
173 1955 246 1993 σφι
267 1938 397 1991 πολλὴ
419 1940 484 1979 καὶ
505 1938 666 1993 εὐεργὸς
686 1936 928 1991 ὀρύσσεται,
963 1941 1001 1977 id
1024 1948 1104 1986 est,
1133 1942 1175 1978 id
1200 1949 1331 1979 (cutem
1364 1947 1497 1995 copio-

62 2009 145 2034 sum
166 2004 207 2034 et
219 1997 355 2043 facile
374 1998 560 2035 laboratu
585 1998 786 2047 effoditur.
828 1995 886 2032 De
917 1998 1099 2046 crystallo
1126 2010 1175 2033 an
1203 2000 1496 2048 intelligendum

64 2056 135 2100 sit,
164 2053 319 2099 dubito,
347 2053 449 2102 quod
469 2067 548 2090 non
575 2054 728 2091 videtur
746 2055 827 2089 eius
857 2060 992 2090 natura
1011 2054 1132 2100 ferre,
1173 2061 1216 2089 ut
1243 2057 1285 2090 in
1306 2056 1496 2093 calidissi-

64 2112 138 2147 mis
158 2111 380 2160 regionibus
410 2117 611 2157 nascatur3
653 2109 702 2147 ad
732 2109 832 2157 quod
860 2117 987 2146 tamen
1016 2109 1241 2156 responderi
1268 2118 1414 2159 potest,
1452 2115 1495 2149 in

64 2166 309 2204 calidissimis
327 2168 441 2203 etiam
459 2166 703 2216 regionibus,
734 2169 765 2202 si
785 2166 866 2202 sint
894 2173 1042 2202 montes
1070 2168 1270 2218 altissimi,
1300 2171 1429 2205 nivem
1458 2176 1496 2205 et

65 2224 153 2273 gelu
172 2223 227 2258 ibi
247 2222 395 2258 durare.
434 2221 512 2258 Sed
531 2224 756 2272 crystallum
776 2235 853 2258 non
875 2229 933 2257 est
950 2223 1063 2258 facile
1088 2222 1283 2270 laboratu,
1319 2221 1495 2275 εὐεργὸν,

66 2291 156 2316 nam
172 2279 291 2315 multo
319 2291 406 2315 cum
434 2279 565 2315 labore
592 2281 635 2315 in
664 2291 758 2316 vasa
786 2279 994 2325 formatur,
1024 2284 1118 2325 nec,
1146 2286 1189 2314 ut
1219 2279 1359 2326 audin,
1384 2281 1496 2318 fundi

66 2340 192 2383 potest
218 2336 301 2371 sine
327 2337 409 2371 eius
437 2337 618 2384 pernicie.
673 2334 764 2371 Fuit
799 2335 1047 2383 proculdubio
1087 2336 1277 2372 metallica
1313 2337 1498 2384 quaedam

67 2393 233 2440 speeies,
262 2401 373 2438 quam
391 2393 569 2441 ignorare
587 2405 647 2428 me
666 2391 801 2428 fateor.
845 2389 1014 2427 Stibium
1037 2397 1163 2436 certe,
1190 2390 1291 2440 quod
1322 2399 1359 2428 et
1386 2393 1498 2430 Auti-

66 2448 236 2484 monium
259 2447 418 2494 dicitur,
442 2447 598 2484 videtur
616 2460 698 2484 esse
722 2447 906 2495 quaedam
931 2447 1028 2484 vitri
1058 2449 1214 2494 species.
1258 2448 1423 2485 Videant
1451 2449 1496 2484 de

71 2516 115 2539 ea
132 2515 197 2547 re,
226 2505 292 2549 qui
313 2504 542 2540 metallicam
560 2511 752 2539 exercent.
790 2502 918 2540 PALM.
953 2501 1011 2539 De
1041 2504 1188 2540 electro
1219 2506 1301 2540 sive
1326 2505 1497 2551 succino,

67 2561 162 2597 vitri
180 2560 302 2594 instar
328 2559 540 2606 pellucido,
566 2562 779 2608 suspicatus
811 2566 869 2595 est
898 2558 970 2595 Th.
997 2557 1177 2595 Gataker.
1208 2562 1248 2595 in
1269 2559 1409 2597 Auton.
1431 2559 1495 2598 IV.

68 2628 103 2665 p.
132 2614 254 2660 133.;
308 2613 401 2651 mihi
421 2617 460 2650 in
481 2623 651 2652 mentem
672 2622 831 2652 venerat
851 2615 1105 2661 slclfossilz's,
1136 2618 1202 2662 qui
1218 2617 1368 2665 ingenti
1389 2618 1499 2664 copia

69 2670 249 2720 provenit
269 2672 308 2706 in
329 2671 552 2718 quibusdam
581 2671 805 2718 Aethiopiae
825 2672 1016 2720 partibus,
1048 2678 1085 2707 et
1103 2684 1152 2707 ex
1184 2673 1326 2707 nativis
1357 2673 1498 2707 monti-
1526 2670 1530 2674 ⁵

70 2728 140 2763 bus
160 2732 331 2772 secatur3
364 2729 502 2775 quique
531 2729 658 2764 mollis
687 2730 808 2776 primo
843 2735 922 2773 est,
956 2727 1229 2775 candentisque
1255 2728 1416 2771 coloris,
1455 2729 1497 2763 in

69 2783 195 2820 lucem
218 2789 342 2819 autem
372 2784 542 2831 prolatus
564 2783 755 2830 durescit,
790 2790 904 2831 atque
923 2783 970 2819 ab
992 2784 1167 2832 inperitis
1188 2794 1256 2829 pro
1284 2784 1385 2819 vitro
1410 2795 1499 2820 ceu-

125 2837 221 2874 Vo1..
250 2837 278 2874 1.
1173 2840 1186 2877 1
1199 2839 1226 2877 2
