1828 3253
481 197 543 237 ΙΝ
576 195 689 236 LIB.
717 196 831 238 xli.
862 195 990 237 CAP.
1024 196 1255 240 44.—46.
1510 199 1601 240 599

144 312 218 351 hoc
243 324 381 350 nomen
413 312 509 351 viris
534 310 717 348 eruditis:
751 310 990 348 occasionem
1018 310 1202 359 praebent
1231 317 1404 358 veteres,
1433 323 1595 361 quorum

144 368 339 420 Diogenes
363 367 561 405 Platonem
591 365 655 405 ἐπὶ
682 364 925 417 Ἀμεινιόυ,
957 378 1031 415 quo
1065 365 1259 404 Archonte
1284 367 1453 405 Pericles
1480 382 1595 406 occu-

144 426 291 472 buerit,
328 432 460 461 natum
489 430 708 469 assev,erat
746 422 986 470 Athenaeus,
1020 422 1229 474 Περικλῆς
1258 420 1301 461 δ”
1333 420 1591 476 ἀποθνήσκει

145 479 251 520 κατὰ
271 478 318 520 τὸ
348 479 486 532 τρίτον
516 476 606 525 ἵτος
634 481 709 518 τοῦ
731 479 1124 530 Πελοποννησιακοῦ
1154 477 1359 530 πολί,μου
1393 478 1592 549 ἄρχοντος

140 534 342 603 Επαμειῖν
344 550 462 583 ονος,
493 534 639 572 Auctor
658 535 888 585 Argumenti
907 535 1135 585 Euripideae
1154 534 1378 585 Hippolyti,
1406 532 1430 588 ἢ
1459 533 1589 588 σκηνὴ

143 596 217 632 τοῦ
249 588 465 658 ὁράματος
488 586 697 630 ὑπόκειται
732 589 774 629 ἓν
815 587 1026 642 Θηβαις’
1008 590 1072 629 επὶ
1103 588 1304 641 Ἀμείνον
1307 606 1351 638 ος
1390 589 1590 645 ἄρχοντος

138 644 382 699 Ὀὶυμπιάὸι
402 643 479 695 τιζ
511 643 587 686 ἔτει
612 643 662 686 δ’.
690 647 794 684 Idem
817 661 908 698 ergo
926 647 1118 694 Aminias,
1148 646 1391 699 Epaminon,
1423 649 1589 686 Aminon

143 713 181 742 et
200 705 508 756 Epaminondas,
529 705 608 740 nisi
631 703 943 741 intercederetur.
970 703 1019 741 Is.
1040 706 1142 741 enim
1153 702 1366 742 casaubon.
1387 706 1428 742 in
1448 704 1590 741 Athen.

142 761 188 799 V.
216 763 285 802 18.
325 773 459 797 verum
495 772 632 797 nomen
663 767 793 797 censet
822 756 1098 811 Ἐπαμύνων,
1133 760 1234 809 quod
1264 760 1364 798 idem
1396 768 1507 798 sonet
1542 774 1588 797 ac

139 813 361 867 Ἀμυνίας
409 815 462 853 Io.
487 815 678 853 Meursius
709 816 754 852 de
775 815 960 856 Archont.
992 816 1034 853 L.
1055 815 1122 855 ΙΙΙ.
1147 818 1187 856 3.
1215 814 1500 867 Ἐπαμείνων,
1529 815 1586 854 Cl.

142 872 303 910 Salmas.
327 875 365 910 in
389 871 513 911 Solin.
539 885 573 921 p·
597 875 700 913 lll.
733 870 957 922 Ἀμει’νων,
987 873 1171 923 probante
1192 872 1374 924 Menagio
1392 873 1440 910 ad
1460 873 1586 910 Laert.

140 928 208 966 Ill.
231 930 294 975 3.‚
324 927 374 968 H.
400 942 493 966 vero
514 927 737 966 Dodwellus
756 929 801 965 de
822 927 928 978 Cycl.
949 941 986 977 p.
1012 929 1118 969 739.
1152 926 1356 980 Ἀμεινίας
1376 936 1587 978 praeoptat.

143 986 225 1029 Qua
246 987 285 1022 in
309 986 375 1021 lite
398 998 483 1021 cum
504 987 721 1022 necessario
741 984 837 1021 mihi
856 987 896 1022 in
923 992 1050 1034 partes
1072 986 1123 1022 sit
1141 986 1428 1033 transcundum,
1458 999 1480 1023 a
1500 984 1587 1022 Sal-

140 1043 261 1079 masio
282 1049 320 1078 et
339 1040 539 1078 Dodwello
559 1048 660 1079 stare
685 1055 770 1078 cum
793 1043 958 1078 maxime
982 1054 1058 1079 non
1080 1054 1246 1091 possum.
1284 1042 1425 1079 Vetant
1440 1041 1587 1080 Diodo-

141 1110 208 1134 rus
238 1104 275 1133 et
303 1097 545 1142 Athenaeus,
573 1109 733 1145 quorum
761 1099 802 1134 in
824 1099 952 1135 verbis
981 1099 1015 1134 si
1043 1105 1109 1134 aut
1135 1095 1194 1135 ἐπ’
1223 1096 1496 1148 Ἀμείνονος,
1521 1104 1588 1135 aut

141 1149 470 1204 371'’1.4p‹.÷121'0u,
495 1153 720 1202 refluxeris,
750 1162 930 1190 nascetur
953 1154 1157 1191 verborum
1188 1154 1304 1201 ordo,
1332 1156 1492 1205 linguae
1520 1167 1588 1205 ge-

141 1212 207 1246 nio
229 1210 458 1246 contrarius.
498 1210 595 1252 Quis
613 1213 713 1247 enim
737 1207 936 1264 ἄρχοντος
968 1207 1026 1248 ἐπ’
1056 1208 1307 1260 Ἀμείνονος,
1338 1218 1405 1248 aut
1432 1208 1490 1249 ἐπ’
1515 1208 1587 1262 ἅρ-

136 1279 285 1315 χοι-τος
305 1261 524 1317 Ἀθηνῃσι
553 1262 611 1303 ἐπ’
638 1263 857 1331 Ἀμεινιόυ
888 1278 1009 1314 aequo
1039 1267 1166 1303 animo
1198 1265 1325 1303 ferat?
1371 1266 1587 1304 Casauboni

142 1323 328 1358 correctio
347 1323 468 1371 recipi
499 1329 650 1369 posset,
677 1323 754 1358 nisi
774 1323 902 1371 paullo
921 1323 1077 1371 propius
1097 1323 1247 1360 abesset
1274 1336 1298 1360 a
1321 1326 1445 1361 veteri
1463 1325 1587 1360 nomi-

140 1378 201 1414 nis
221 1380 432 1425 scriptura,
462 1388 557 1425 quae
575 1374 859 1428 Ἐπαμείνων,
886 1379 945 1416 uti
964 1378 1017 1415 Io.
1050 1377 1242 1415 Meursius
1272 1385 1311 1417 et
1331 1378 1406 1416 lac.
1435 1379 1587 1416 Palme-

138 1435 218 1470 rius
239 1434 416 1470 arbitrati
434 1439 538 1480 sunt,
566 1434 688 1471 fuisse
711 1434 877 1471 videtur.
907 1433 1132 1472 Athenaeus.
1148 1442 1186 1471 et
1206 1442 1344 1472 auctor·
1357 1436 1587 1487 Argumenti

138 1487 341 1540 Hippolyti
361 1489 557 1538 Euripidis
585 1490 795 1527 ostendunt
813 1490 853 1527 id
873 1492 1096 1527 clarissime.
1132 1490 1191 1527 Ab
1221 1505 1266 1528 eo
1289 1491 1426 1530 Nostri
1448 1489 1586 1531 'Ena-

135 1541 345 1596 μινιῦνδας
364 1559 443 1582 non
467 1545 615 1593 differt,
642 1548 719 1583 nisi
736 1550 1003 1598 patronymica
1022 1547 1166 1584 forma:
1195 1548 1413 1586 cuiusmodi
1432 1551 1589 1586 nomina

136 1603 419 1650 primitivorum
441 1603 525 1639 loco
543 1605 743 1650 usurpari,
772 1603 939 1641 diximus
958 1610 1070 1640 antea
1093 1616 1216 1652 saepe,
1246 1611 1286 1641 et
1305 1605 1433 1642 firmat
1451 1618 1589 1654 oppor-

138 1666 232 1694 tuno
251 1660 425 1706 exemplo
437 1656 705 1707 Hippocrates,
723 1659 886 1696 eundem
906 1658 1098 1696 hominem
1119 1659 1293 1708 Epidem.
1311 1660 1354 1698 L.
1370 1660 1400 1700 Ι.
1426 1674 1461 1710 p.
1477 1662 1585 1701 951.

133 1711 429 1765 Ἔπαμίνωνα,
466 1721 505 1750 et
529 1710 852 1765 Ἐπαμινώνδαν
882 1730 916 1765 p.
941 1716 1046 1754 957.
1080 1715 1321 1763 adpellitans.
1375 1716 1453 1754 Iam
1483 1717 1587 1766 quod

137 1769 382 1807 doctissimus
404 1769 614 1807 Palmerius
641 1772 952 1808 terminationem
976 1770 1072 1808 hanc
1091 1771 1288 1809 Thebanis
1316 1785 1400 1810 esse
1420 1776 1588 1822 particu-

136 1827 255 1863 larem
272 1826 487 1872 adseverat,
509 1826 549 1862 id
569 1839 764 1876 nunquam
781 1829 949 1877 patietur
961 1827 1115 1863 Archon
1130 1827 1382 1867 Atheniensis
1393 1826 1590 1883 Χαιρών-

139 1881 244 1929 ὁας’
234 1896 276 1920 ιιι
295 1881 541 1920 Demosthen.
571 1882 679 1920 Orat.
699 1883 745 1919 de
763 1882 850 1920 Cor.
879 1896 914 1932 p.
941 1885 1044 1923 143
1071 1882 1206 1920 Wssss.

254 1940 358 1979 509.
384 1940 458 1978 46.
500 1935 734 1992 Κορνήλιον
762 1937 1032 1992 Ζηακερῖιον]
1068 1939 1268 1990 Agnomen
1297 1942 1370 1979 hoc
1398 1942 1586 1982 vitiosum

137 2007 221 2031 esse
254 1996 396 2045 absque
428 1995 666 2032 dubitatione
691 1998 920 2044 pronunciat
941 1995 1139 2046 Sigonius.
1175 1996 1291 2033 Forte
1313 1998 1496 2050 Μαλουγ
1491 2003 1586 2038 ΐνον

137 2053 312 2101 scripsit,
343 2058 385 2088 ut
403 2047 618 2089 Romanum
647 2051 964 2101 Maluginensis,
992 2052 1092 2100 quod
1114 2051 1221 2088 Fasti
1248 2052 1412 2101 habent,
1441 2056 1495 2091 ita
1517 2067 1585 2092 ex-

136 2108 335 2156 primatur.
353 2105 490 2144 RHOD.
524 2108 641 2145 Paria
660 2121 746 2145 cum
766 2107 931 2159 Sigonio
951 2109 1045 2145 facit
1062 2107 1252 2159 Pighius
1242 2122 1283 2145 ιιι
1304 2108 1407 2146 Fast.
1424 2110 1473 2147 ad
1494 2124 1585 2149 ann.

138 2173 314 2201 cccxvu.
350 2162 436 2214 Ego
455 2177 550 2202 vero,
568 2162 670 2201 haud
699 2166 800 2213 scio,
830 2178 881 2202 an
896 2165 1104 2213 superioris
1136 2167 1233 2202 anni
1248 2164 1407 2202 Consuli
1430 2165 1483 2206 M.
1508 2167 1587 2204 Gre-

138 2224 254 2270 ganio
275 2233 340 2268 per
365 2221 549 2258 iniuriam
579 2220 748 2258 ablatum
767 2223 818 2257 sit
844 2220 917 2257 hoc
938 2233 1156 2272 cognomen
1175 2227 1213 2258 et
1241 2221 1294 2260 A..
1311 2220 1498 2261 Cornelio.
1511 2227 1585 2263 tri-

141 2277 284 2313 butum.
313 2275 444 2312 VVESS.
491 2275 603 2315 Conf.
627 2275 812 2327 BorgheS.
835 2290 871 2326 p.
889 2279 966 2317 12..
982 2290 1012 2314 s.

253 2333 358 2371 509.
388 2333 463 2373 65.
500 2331 642 2372 Πλείω
670 2336 754 2372 τῶν
778 2332 922 2382 χιλίων
950 2328 1194 2385 ταλάντων]
1232 2332 1329 2372 Duo
1355 2335 1587 2376 talentorum

138 2388 260 2425 millia
273 2400 392 2437 usque
413 2389 455 2425 in
473 2389 581 2427 urbis
600 2389 845 2435 deditionem,
877 2403 971 2439 quae
993 2392 1123 2438 paucis
1143 2396 1230 2439 post
1246 2390 1429 2441 Agnonis
1442 2392 1586 2430 disces-

140 2456 224 2481 sum
235 2439 540 2482 mensibusfaeta
553 2445 640 2492 fuit,
659 2448 934 2492 insumserunt,
937 2452 1048 2487 teste
1061 2444 1348 2496 Thucydiden.
1363 2448 1434 2487 70.
1447 2447 1585 2489 Wnss.

142 2553 194 2593 W
256 2499 359 2540 510.
386 2501 459 2540 70.
486 2499 595 2540 Βίαν
616 2496 835 2556 προσάγειν
857 2503 907 2556 τῇ
922 2475 1073 2555 ιτάλει]
1111 2502 1206 2542 Vid
1218 2503 1271 2540 ad
1287 2503 1399 2542 Libr
1411 2504 1484 2542 XI.
1510 2507 1584 2548 60.

197 2566 279 2594 sss.

257 2611 362 2652 510.
386 2611 460 2653 75.
491 2610 701 2668 Πλειους]
733 2611 879 2653 melw
898 2611 966 2651 Co.
984 2611 1030 2651 R.
1048 2614 1084 2654 l.
1109 2615 1221 2663 plane
1244 2627 1294 2652 ex
1311 2613 1475 2654 Diodori
1489 2630 1584 2655 con-

142 2667 355 2705 suetudine.
386 2667 474 2707 vid.
494 2676 573 2706 not.
596 2663 698 2713 inL.
718 2669 835 2710 [92.
856 2676 897 2706 et
913 2683 1015 2719 supr.
1037 2683 1070 2709 c.
1087 2672 1161 2711 21.
1185 2670 1295 2708 huius
1316 2672 1416 2708 libri.
1444 2672 1582 2713 WEss.

255 2723 357 2762 Ibid.
386 2723 565 2772 Πλειόυς
586 2728 670 2766 τῶν
690 2723 862 2778 χιλίων]
888 2725 949 2762 Ex
979 2732 1142 2776 quatuor
1162 2729 1266 2764 mille
1284 2729 1468 2767 militibus
1497 2743 1585 2780 spa-

143 2781 200 2817 tio
229 2779 377 2817 dierum
415 2790 469 2817 xl.
495 2783 600 2819 mille
631 2789 669 2819 et
703 2785 982 2834 quinquaginta
1011 2783 1073 2819 lue
1105 2785 1290 2821 exstincti
1321 2792 1430 2833 sunt,
1468 2787 1583 2824 sicuti

148 2835 396 2887 Thucydides
419 2835 466 2874 ll.
492 2837 563 2878 58.
592 2840 796 2877 memoriae
816 2837 1000 2887 prodidit.
1029 2838 1163 2877 WEss.
