<?xml version="1.0" encoding="UTF-8"?>
<!DOCTYPE html PUBLIC "-//W3C//DTD XHTML 1.0 Transitional//EN"
    "http://www.w3.org/TR/xhtml1/DTD/xhtml1-transitional.dtd">
<html xmlns="http://www.w3.org/1999/xhtml" xml:lang="en" lang="en">
 <head>
  <title>
</title>
<meta http-equiv="Content-Type" content="text/html;charset=utf-8" />
  <meta name='ocr-system' content='tesseract 3.04.00' />
  <meta name='ocr-capabilities' content='ocr_page ocr_carea ocr_par ocr_line ocrx_word'/>
</head>
<body>
  <div class='ocr_page' id='page_1' title='image "./bibliothecahisto04dioduoft_0127.png"; bbox 0 0 1828 3253; ppageno 0'>
   <div class='ocr_carea' id='block_1_1' title="bbox 463 211 1447 259">
    <p class='ocr_par' dir='ltr' id='par_1_1' title="bbox 463 211 1447 259">
     <span class='ocr_line' id='line_1_1' title="bbox 463 211 1447 259; baseline 0.005 -5"><span class='ocrx_word' id='word_1_1' title='bbox 463 215 527 255; x_wconf 91' lang='lat' dir='ltr'>IN</span> <span class='ocrx_word' id='word_1_2' title='bbox 557 212 670 258; x_wconf 81' lang='lat' dir='ltr'><strong>LIB.</strong></span> <span class='ocrx_word' id='word_1_3' title='bbox 698 211 890 254; x_wconf 80' lang='lat' dir='ltr'>1.&#39;cAP.</span> <span class='ocrx_word' id='word_1_4' title='bbox 916 217 988 258; x_wconf 81' lang='lat'>70.</span> <span class='ocrx_word' id='word_1_5' title='bbox 1361 218 1447 259; x_wconf 75' lang='lat'>115</span> 
     </span>
    </p>
   </div>
   <div class='ocr_carea' id='block_1_2' title="bbox 19 324 1447 565">
    <p class='ocr_par' dir='ltr' id='par_1_2' title="bbox 19 324 1445 550">
     <span class='ocr_line' id='line_1_2' title="bbox 21 324 1443 382; baseline 0 -14"><span class='ocrx_word' id='word_1_6' title='bbox 21 342 174 369; x_wconf 82' lang='lat' dir='ltr'>servare</span> <span class='ocrx_word' id='word_1_7' title='bbox 204 331 317 369; x_wconf 86' lang='lat' dir='ltr'>malo.</span> <span class='ocrx_word' id='word_1_8' title='bbox 390 324 571 382; x_wconf 77' lang='lat' dir='ltr'>Aegyptii</span> <span class='ocrx_word' id='word_1_9' title='bbox 606 325 779 381; x_wconf 82' lang='grc' dir='ltr'><strong><em>μόσχοις</em></strong></span> <span class='ocrx_word' id='word_1_10' title='bbox 821 329 958 368; x_wconf 74' lang='lat' dir='ltr'>vitulis</span> <span class='ocrx_word' id='word_1_11' title='bbox 1005 327 1046 367; x_wconf 84' lang='lat' dir='ltr'>in</span> <span class='ocrx_word' id='word_1_12' title='bbox 1084 332 1201 369; x_wconf 86' lang='lat' dir='ltr'>sacris</span> <span class='ocrx_word' id='word_1_13' title='bbox 1216 325 1443 379; x_wconf 83' lang='lat' dir='ltr'>utebantur,</span> 
     </span>
     <span class='ocr_line' id='line_1_3' title="bbox 20 380 1445 441; baseline 0.001 -17"><span class='ocrx_word' id='word_1_14' title='bbox 20 394 175 435; x_wconf 84' lang='lat' dir='ltr'>eratque</span> <span class='ocrx_word' id='word_1_15' title='bbox 205 401 291 437; x_wconf 86' lang='lat' dir='ltr'>pars</span> <span class='ocrx_word' id='word_1_16' title='bbox 319 386 418 424; x_wconf 80' lang='lat' dir='ltr'>haud</span> <span class='ocrx_word' id='word_1_17' title='bbox 445 393 635 435; x_wconf 84' lang='lat' dir='ltr'>postrema</span> <span class='ocrx_word' id='word_1_18' title='bbox 662 388 842 424; x_wconf 80' lang='lat' dir='ltr'>scientiae</span> <span class='ocrx_word' id='word_1_19' title='bbox 871 380 1117 424; x_wconf 80' lang='lat' dir='ltr'>sacerdotalis</span> <span class='ocrx_word' id='word_1_20' title='bbox 1130 399 1445 441; x_wconf 77' lang='grc' dir='ltr'>μοσχοσφραγι-</span> 
     </span>
     <span class='ocr_line' id='line_1_4' title="bbox 19 436 1443 495; baseline 0.001 -15"><span class='ocrx_word' id='word_1_21' title='bbox 19 441 150 495; x_wconf 77' lang='grc' dir='ltr'>στικὴ,</span> <span class='ocrx_word' id='word_1_22' title='bbox 170 443 215 479; x_wconf 90' lang='lat' dir='ltr'>de</span> <span class='ocrx_word' id='word_1_23' title='bbox 236 455 311 492; x_wconf 82' lang='lat' dir='ltr'>qua</span> <span class='ocrx_word' id='word_1_24' title='bbox 322 442 504 480; x_wconf 85' lang='lat' dir='ltr'>Herodot.</span> <span class='ocrx_word' id='word_1_25' title='bbox 523 442 570 479; x_wconf 90' lang='grc' dir='ltr'>Π.</span> <span class='ocrx_word' id='word_1_26' title='bbox 582 444 653 483; x_wconf 87' lang='grc'>38.</span> <span class='ocrx_word' id='word_1_27' title='bbox 682 436 1108 495; x_wconf 68' lang='grc' dir='ltr'>ΖΙίῙοσχοσφραγιοτὰς,</span> <span class='ocrx_word' id='word_1_28' title='bbox 1125 445 1206 480; x_wconf 83' lang='lat' dir='ltr'>sive</span> <span class='ocrx_word' id='word_1_29' title='bbox 1226 445 1443 481; x_wconf 79' lang='lat' dir='ltr'><strong>sacerdotes</strong></span> 
     </span>
     <span class='ocr_line' id='line_1_5' title="bbox 19 492 1447 565; baseline 0.001 -30"><span class='ocrx_word' id='word_1_30' title='bbox 19 499 217 550; x_wconf 81' lang='lat' dir='ltr'>signandis</span> <span class='ocrx_word' id='word_1_31' title='bbox 235 505 340 536; x_wconf 89' lang='lat' dir='ltr'>certo</span> <span class='ocrx_word' id='word_1_32' title='bbox 359 501 435 536; x_wconf 88' lang='lat' dir='ltr'>ritu</span> <span class='ocrx_word' id='word_1_33' title='bbox 459 492 595 537; x_wconf 86' lang='lat' dir='ltr'>vitulis</span> <span class='ocrx_word' id='word_1_34' title='bbox 615 499 847 546; x_wconf 78' lang='lat' dir='ltr'>destinatos,</span> <span class='ocrx_word' id='word_1_35' title='bbox 873 498 985 536; x_wconf 88' lang='lat' dir='ltr'>habet</span> <span class='ocrx_word' id='word_1_36' title='bbox 1003 497 1188 565; x_wconf 87' lang='lat' dir='ltr'>Porphyr.</span> <span class='ocrx_word' id='word_1_37' title='bbox 1207 499 1271 537; x_wconf 88' lang='lat' dir='ltr'>IV.</span> <span class='ocrx_word' id='word_1_38' title='bbox 1290 500 1447 540; x_wconf 84' lang='lat' dir='ltr'>Abstin</span> 
     </span>
    </p>
   </div>
   <div class='ocr_carea' id='block_1_3' title="bbox 13 549 1487 2950">
    <p class='ocr_par' dir='ltr' id='par_1_3' title="bbox 13 549 1487 2950">
     <span class='ocr_line' id='line_1_6' title="bbox 19 549 1449 607; baseline 0.001 -16"><span class='ocrx_word' id='word_1_39' title='bbox 19 568 52 591; x_wconf 88' lang='lat' dir='ltr'>c.</span> <span class='ocrx_word' id='word_1_40' title='bbox 75 558 113 595; x_wconf 89' lang='grc'>7.</span> <span class='ocrx_word' id='word_1_41' title='bbox 125 581 136 602; x_wconf 81' lang='lat'>,</span> <span class='ocrx_word' id='word_1_42' title='bbox 165 557 306 604; x_wconf 85' lang='lat' dir='ltr'>scripta</span> <span class='ocrx_word' id='word_1_43' title='bbox 328 549 476 603; x_wconf 84' lang='lat' dir='ltr'>quoque</span> <span class='ocrx_word' id='word_1_44' title='bbox 495 568 689 607; x_wconf 59' lang='lat' dir='ltr'>pcocrxoorJ</span> <span class='ocrx_word' id='word_1_45' title='bbox 695 568 925 607; x_wconf 61' lang='lat' dir='ltr'>(myconum,</span> <span class='ocrx_word' id='word_1_46' title='bbox 958 557 1013 591; x_wconf 88' lang='lat' dir='ltr'>sic</span> <span class='ocrx_word' id='word_1_47' title='bbox 1031 557 1134 592; x_wconf 88' lang='lat' dir='ltr'>enim</span> <span class='ocrx_word' id='word_1_48' title='bbox 1151 562 1254 591; x_wconf 86' lang='lat' dir='ltr'>recte</span> <span class='ocrx_word' id='word_1_49' title='bbox 1284 559 1449 607; x_wconf 83' lang='lat' dir='ltr'>corrigit</span> 
     </span>
     <span class='ocr_line' id='line_1_7' title="bbox 16 608 1444 668; baseline 0.001 -21"><span class='ocrx_word' id='word_1_50' title='bbox 16 610 71 647; x_wconf 88' lang='lat' dir='ltr'>Io.</span> <span class='ocrx_word' id='word_1_51' title='bbox 101 610 301 668; x_wconf 80' lang='lat' dir='ltr'>Marsham.</span> <span class='ocrx_word' id='word_1_52' title='bbox 339 609 482 648; x_wconf 86' lang='lat' dir='ltr'>Canon.</span> <span class='ocrx_word' id='word_1_53' title='bbox 516 609 694 648; x_wconf 90' lang='lat' dir='ltr'>Chronol.</span> <span class='ocrx_word' id='word_1_54' title='bbox 723 623 758 660; x_wconf 86' lang='lat'>1).</span> <span class='ocrx_word' id='word_1_55' title='bbox 788 611 895 651; x_wconf 78' lang='grc'>242.</span> <span class='ocrx_word' id='word_1_56' title='bbox 943 608 1117 648; x_wconf 83' lang='lat' dir='ltr'><strong>Clemens</strong></span> <span class='ocrx_word' id='word_1_57' title='bbox 1144 610 1352 651; x_wconf 81' lang='lat' dir='ltr'><strong>Alexandr.</strong></span> <span class='ocrx_word' id='word_1_58' title='bbox 1379 613 1410 649; x_wconf 89' lang='lat' dir='ltr'>V</span> <span class='ocrx_word' id='word_1_59' title='bbox 1414 612 1444 650; x_wconf 89' lang='lat'>1</span> 
     </span>
     <span class='ocr_line' id='line_1_8' title="bbox 18 665 536 716; baseline -0.002 -13"><span class='ocrx_word' id='word_1_60' title='bbox 18 665 159 704; x_wconf 72' lang='lat' dir='ltr'>Strom.</span> <span class='ocrx_word' id='word_1_61' title='bbox 184 679 220 716; x_wconf 85' lang='lat' dir='ltr'>p.</span> <span class='ocrx_word' id='word_1_62' title='bbox 249 667 354 708; x_wconf 86' lang='grc'>758</span> <span class='ocrx_word' id='word_1_63' title='bbox 403 667 536 705; x_wconf 62' lang='lat' dir='ltr'>wass.</span> 
     </span>
     <span class='ocr_line' id='line_1_9' title="bbox 131 718 1447 793; baseline -0.003 -30"><span class='ocrx_word' id='word_1_64' title='bbox 131 724 202 774; x_wconf 74' lang='grc' dir='ltr'>82.Ι</span> <span class='ocrx_word' id='word_1_65' title='bbox 227 725 299 763; x_wconf 87' lang='grc'>81.</span> <span class='ocrx_word' id='word_1_66' title='bbox 323 718 372 762; x_wconf 86' lang='grc' dir='ltr'><strong><em>Ὁ</em></strong></span> <span class='ocrx_word' id='word_1_67' title='bbox 390 721 466 774; x_wconf 78' lang='grc' dir='ltr'>μὲν</span> <span class='ocrx_word' id='word_1_68' title='bbox 486 718 860 793; x_wconf 68' lang='grc' dir='ltr'>ἱερογραμματεὺς]</span> <span class='ocrx_word' id='word_1_69' title='bbox 888 721 998 762; x_wconf 86' lang='lat' dir='ltr'>conf.</span> <span class='ocrx_word' id='word_1_70' title='bbox 1019 735 1120 772; x_wconf 88' lang='lat' dir='ltr'>supr.</span> <span class='ocrx_word' id='word_1_71' title='bbox 1138 736 1170 760; x_wconf 85' lang='lat' dir='ltr'>c</span> <span class='ocrx_word' id='word_1_72' title='bbox 1195 724 1265 763; x_wconf 90' lang='grc'>16.</span> <span class='ocrx_word' id='word_1_73' title='bbox 1289 722 1447 761; x_wconf 53' lang='lat' dir='ltr'>VVEsss</span> 
     </span>
     <span class='ocr_line' id='line_1_10' title="bbox 130 776 1446 845; baseline -0.002 -27"><span class='ocrx_word' id='word_1_74' title='bbox 130 778 201 819; x_wconf 89' lang='grc'>82</span> <span class='ocrx_word' id='word_1_75' title='bbox 223 779 296 819; x_wconf 85' lang='grc'>91-</span> <span class='ocrx_word' id='word_1_76' title='bbox 335 777 450 845; x_wconf 82' lang='grc' dir='ltr'>Κρεά</span> <span class='ocrx_word' id='word_1_77' title='bbox 477 776 650 830; x_wconf 70' lang='grc' dir='ltr'>μόσχεια</span> <span class='ocrx_word' id='word_1_78' title='bbox 685 778 752 818; x_wconf 81' lang='grc' dir='ltr'>καὶ</span> <span class='ocrx_word' id='word_1_79' title='bbox 783 793 864 832; x_wconf 74' lang='grc' dir='ltr'>χην</span> <span class='ocrx_word' id='word_1_80' title='bbox 867 779 950 830; x_wconf 73' lang='lat' dir='ltr'>‹an]</span> <span class='ocrx_word' id='word_1_81' title='bbox 1004 779 1148 817; x_wconf 88' lang='lat' dir='ltr'>Mirum</span> <span class='ocrx_word' id='word_1_82' title='bbox 1174 779 1298 817; x_wconf 89' lang='lat' dir='ltr'>videri</span> <span class='ocrx_word' id='word_1_83' title='bbox 1323 781 1446 829; x_wconf 78' lang='lat' dir='ltr'>possit</span> 
     </span>
     <span class='ocr_line' id='line_1_11' title="bbox 16 829 1447 890; baseline -0.001 -17"><span class='ocrx_word' id='word_1_84' title='bbox 16 831 114 886; x_wconf 72' lang='grc' dir='ltr'>κρέα</span> <span class='ocrx_word' id='word_1_85' title='bbox 130 837 270 887; x_wconf 76' lang='grc' dir='ltr'><strong><em>χηνῶν</em></strong></span> <span class='ocrx_word' id='word_1_86' title='bbox 285 837 390 872; x_wconf 80' lang='lat' dir='ltr'>inter</span> <span class='ocrx_word' id='word_1_87' title='bbox 406 829 539 881; x_wconf 82' lang='grc' dir='ltr'>απλας</span> <span class='ocrx_word' id='word_1_88' title='bbox 558 832 718 889; x_wconf 71' lang='grc' dir='ltr'>τροφὰς</span> <span class='ocrx_word' id='word_1_89' title='bbox 739 835 800 873; x_wconf 91' lang='lat' dir='ltr'>hic</span> <span class='ocrx_word' id='word_1_90' title='bbox 822 835 1023 873; x_wconf 88' lang='lat' dir='ltr'>aDiodoro</span> <span class='ocrx_word' id='word_1_91' title='bbox 1041 838 1202 882; x_wconf 85' lang='lat' dir='ltr'>censeri,</span> <span class='ocrx_word' id='word_1_92' title='bbox 1221 847 1336 884; x_wconf 92' lang='lat' dir='ltr'>quum</span> <span class='ocrx_word' id='word_1_93' title='bbox 1353 847 1447 890; x_wconf 82' lang='lat' dir='ltr'>pag.</span> 
     </span>
     <span class='ocr_line' id='line_1_12' title="bbox 15 887 1446 942; baseline -0.001 -11.994"><span class='ocrx_word' id='word_1_94' title='bbox 15 889 90 930; x_wconf 78' lang='lat'>53.</span> <span class='ocrx_word' id='word_1_95' title='bbox 116 892 217 927; x_wconf 74' lang='lat' dir='ltr'>inter</span> <span class='ocrx_word' id='word_1_96' title='bbox 241 887 590 937; x_wconf 82' lang='grc' dir='ltr'>πολυτελεστάτας</span> <span class='ocrx_word' id='word_1_97' title='bbox 616 898 829 930; x_wconf 87' lang='lat' dir='ltr'>enumeret:</span> <span class='ocrx_word' id='word_1_98' title='bbox 883 899 996 941; x_wconf 86' lang='lat' dir='ltr'>atque</span> <span class='ocrx_word' id='word_1_99' title='bbox 1014 892 1110 930; x_wconf 84' lang='lat' dir='ltr'>adeo</span> <span class='ocrx_word' id='word_1_100' title='bbox 1129 891 1347 941; x_wconf 85' lang='lat' dir='ltr'>Xenophon</span> <span class='ocrx_word' id='word_1_101' title='bbox 1365 890 1446 942; x_wconf 45' lang='lat' dir='ltr'>cys</span> 
     </span>
     <span class='ocr_line' id='line_1_13' title="bbox 13 947 1444 986; baseline 0.002 -3"><span class='ocrx_word' id='word_1_102' title='bbox 13 959 99 984; x_wconf 88' lang='lat' dir='ltr'>rum</span> <span class='ocrx_word' id='word_1_103' title='bbox 127 947 314 984; x_wconf 87' lang='lat' dir='ltr'>iuniorem</span> <span class='ocrx_word' id='word_1_104' title='bbox 341 959 496 984; x_wconf 86' lang='lat' dir='ltr'>anseres</span> <span class='ocrx_word' id='word_1_105' title='bbox 524 953 689 985; x_wconf 84' lang='lat' dir='ltr'>semesos</span> <span class='ocrx_word' id='word_1_106' title='bbox 708 951 840 986; x_wconf 88' lang='lat' dir='ltr'>amicis</span> <span class='ocrx_word' id='word_1_107' title='bbox 859 962 879 985; x_wconf 93' lang='lat' dir='ltr'>e</span> <span class='ocrx_word' id='word_1_108' title='bbox 898 960 1030 986; x_wconf 85' lang='lat' dir='ltr'>mensa</span> <span class='ocrx_word' id='word_1_109' title='bbox 1051 961 1119 985; x_wconf 90' lang='lat' dir='ltr'>sua</span> <span class='ocrx_word' id='word_1_110' title='bbox 1138 950 1293 985; x_wconf 89' lang='lat' dir='ltr'>solitum</span> <span class='ocrx_word' id='word_1_111' title='bbox 1310 950 1444 986; x_wconf 86' lang='lat' dir='ltr'>missi-</span> 
     </span>
     <span class='ocr_line' id='line_1_14' title="bbox 16 999 1445 1054; baseline 0.003 -15"><span class='ocrx_word' id='word_1_112' title='bbox 16 1006 99 1039; x_wconf 74' lang='lat' dir='ltr'>tare</span> <span class='ocrx_word' id='word_1_113' title='bbox 116 1002 319 1040; x_wconf 83' lang='lat' dir='ltr'>memoriae</span> <span class='ocrx_word' id='word_1_114' title='bbox 338 1000 560 1053; x_wconf 78' lang='lat' dir='ltr'>prodiderit.</span> <span class='ocrx_word' id='word_1_115' title='bbox 596 1002 709 1040; x_wconf 85' lang='lat' dir='ltr'>Unde</span> <span class='ocrx_word' id='word_1_116' title='bbox 727 1012 765 1041; x_wconf 89' lang='lat' dir='ltr'>et</span> <span class='ocrx_word' id='word_1_117' title='bbox 781 1007 903 1054; x_wconf 88' lang='lat' dir='ltr'>prima</span> <span class='ocrx_word' id='word_1_118' title='bbox 918 1006 1047 1041; x_wconf 87' lang='lat' dir='ltr'>fronte</span> <span class='ocrx_word' id='word_1_119' title='bbox 1065 1004 1179 1040; x_wconf 87' lang='lat' dir='ltr'>lectio</span> <span class='ocrx_word' id='word_1_120' title='bbox 1197 1006 1318 1041; x_wconf 87' lang='lat' dir='ltr'>altera</span> <span class='ocrx_word' id='word_1_121' title='bbox 1337 999 1445 1043; x_wconf 78' lang='grc' dir='ltr'>ἃπα-</span> 
     </span>
     <span class='ocr_line' id='line_1_15' title="bbox 17 1057 1444 1111; baseline 0.001 -15"><span class='ocrx_word' id='word_1_122' title='bbox 17 1059 130 1105; x_wconf 83' lang='grc' dir='ltr'>λαΐς,</span> <span class='ocrx_word' id='word_1_123' title='bbox 168 1057 186 1111; x_wconf 93' lang='grc'>(</span> <span class='ocrx_word' id='word_1_124' title='bbox 198 1071 293 1107; x_wconf 84' lang='lat' dir='ltr'>quae</span> <span class='ocrx_word' id='word_1_125' title='bbox 310 1066 436 1096; x_wconf 89' lang='lat' dir='ltr'>tamen</span> <span class='ocrx_word' id='word_1_126' title='bbox 463 1062 505 1096; x_wconf 91' lang='lat' dir='ltr'>in</span> <span class='ocrx_word' id='word_1_127' title='bbox 524 1072 601 1096; x_wconf 93' lang='lat' dir='ltr'>uno</span> <span class='ocrx_word' id='word_1_128' title='bbox 621 1060 811 1097; x_wconf 81' lang='lat' dir='ltr'>duntaxat</span> <span class='ocrx_word' id='word_1_129' title='bbox 830 1061 988 1098; x_wconf 90' lang='lat' dir='ltr'>habetur</span> <span class='ocrx_word' id='word_1_130' title='bbox 1005 1058 1240 1111; x_wconf 81' lang='lat' dir='ltr'>exemplari)</span> <span class='ocrx_word' id='word_1_131' title='bbox 1269 1072 1349 1097; x_wconf 90' lang='lat' dir='ltr'>non</span> <span class='ocrx_word' id='word_1_132' title='bbox 1369 1059 1444 1099; x_wconf 85' lang='lat' dir='ltr'>im-</span> 
     </span>
     <span class='ocr_line' id='line_1_16' title="bbox 14 1112 1443 1170; baseline 0.002 -19"><span class='ocrx_word' id='word_1_133' title='bbox 14 1117 153 1152; x_wconf 84' lang='lat' dir='ltr'>merito</span> <span class='ocrx_word' id='word_1_134' title='bbox 174 1117 290 1152; x_wconf 88' lang='lat' dir='ltr'>alicui</span> <span class='ocrx_word' id='word_1_135' title='bbox 305 1118 428 1166; x_wconf 82' lang='lat' dir='ltr'>magis</span> <span class='ocrx_word' id='word_1_136' title='bbox 439 1117 637 1170; x_wconf 81' lang='lat' dir='ltr'>placuerit.</span> <span class='ocrx_word' id='word_1_137' title='bbox 657 1115 836 1154; x_wconf 85' lang='lat' dir='ltr'>Sedenim</span> <span class='ocrx_word' id='word_1_138' title='bbox 856 1119 889 1154; x_wconf 85' lang='lat' dir='ltr'>si</span> <span class='ocrx_word' id='word_1_139' title='bbox 910 1112 1088 1162; x_wconf 77' lang='grc' dir='ltr'><em>ἁπαλαῖς</em></span> <span class='ocrx_word' id='word_1_140' title='bbox 1106 1117 1327 1163; x_wconf 82' lang='lat' dir='ltr'>scribamus,</span> <span class='ocrx_word' id='word_1_141' title='bbox 1348 1128 1443 1165; x_wconf 90' lang='lat' dir='ltr'>quo-</span> 
     </span>
     <span class='ocr_line' id='line_1_17' title="bbox 17 1168 1443 1225; baseline 0.003 -18"><span class='ocrx_word' id='word_1_142' title='bbox 17 1184 103 1207; x_wconf 90' lang='lat' dir='ltr'>rum</span> <span class='ocrx_word' id='word_1_143' title='bbox 112 1169 305 1208; x_wconf 79' lang='lat' dir='ltr'>Diodorus</span> <span class='ocrx_word' id='word_1_144' title='bbox 322 1168 516 1222; x_wconf 79' lang='grc' dir='ltr'><strong><em>λιτότητα</em></strong></span> <span class='ocrx_word' id='word_1_145' title='bbox 534 1174 620 1212; x_wconf 84' lang='lat' dir='ltr'>vult</span> <span class='ocrx_word' id='word_1_146' title='bbox 638 1172 886 1220; x_wconf 82' lang='lat' dir='ltr'>describere,</span> <span class='ocrx_word' id='word_1_147' title='bbox 875 1175 924 1210; x_wconf 79' lang='lat' dir='ltr'>iis</span> <span class='ocrx_word' id='word_1_148' title='bbox 943 1180 1076 1210; x_wconf 86' lang='lat' dir='ltr'>contra</span> <span class='ocrx_word' id='word_1_149' title='bbox 1092 1170 1254 1225; x_wconf 66' lang='grc' dir='ltr'>τρυφὴν</span> <span class='ocrx_word' id='word_1_150' title='bbox 1274 1173 1443 1211; x_wconf 86' lang='lat' dir='ltr'>tribuere</span> 
     </span>
     <span class='ocr_line' id='line_1_18' title="bbox 18 1227 1443 1278; baseline 0.001 -15"><span class='ocrx_word' id='word_1_151' title='bbox 18 1229 281 1275; x_wconf 86' lang='lat' dir='ltr'>comperietur.</span> <span class='ocrx_word' id='word_1_152' title='bbox 335 1227 538 1271; x_wconf 76' lang='lat' dir='ltr'>Quomodo,</span> <span class='ocrx_word' id='word_1_153' title='bbox 549 1230 670 1278; x_wconf 83' lang='lat' dir='ltr'>igitur</span> <span class='ocrx_word' id='word_1_154' title='bbox 688 1231 812 1277; x_wconf 89' lang='lat' dir='ltr'>ipsum</span> <span class='ocrx_word' id='word_1_155' title='bbox 830 1230 903 1266; x_wconf 90' lang='lat' dir='ltr'>sibi</span> <span class='ocrx_word' id='word_1_156' title='bbox 919 1227 1128 1266; x_wconf 88' lang='lat' dir='ltr'>Diodorum</span> <span class='ocrx_word' id='word_1_157' title='bbox 1147 1235 1320 1265; x_wconf 86' lang='lat' dir='ltr'>constare</span> <span class='ocrx_word' id='word_1_158' title='bbox 1339 1229 1443 1266; x_wconf 86' lang='lat' dir='ltr'>(lice-</span> 
     </span>
     <span class='ocr_line' id='line_1_19' title="bbox 16 1279 1444 1333; baseline 0.003 -14"><span class='ocrx_word' id='word_1_159' title='bbox 16 1279 128 1320; x_wconf 60' lang='lat' dir='ltr'>mus?</span> <span class='ocrx_word' id='word_1_160' title='bbox 165 1281 416 1331; x_wconf 88' lang='lat' dir='ltr'>Respondebo</span> <span class='ocrx_word' id='word_1_161' title='bbox 448 1283 547 1332; x_wconf 88' lang='lat' dir='ltr'>quod</span> <span class='ocrx_word' id='word_1_162' title='bbox 567 1283 662 1322; x_wconf 79' lang='lat' dir='ltr'>mihi</span> <span class='ocrx_word' id='word_1_163' title='bbox 678 1287 844 1322; x_wconf 87' lang='lat' dir='ltr'>occurrit</span> <span class='ocrx_word' id='word_1_164' title='bbox 870 1287 912 1321; x_wconf 91' lang='lat' dir='ltr'>in</span> <span class='ocrx_word' id='word_1_165' title='bbox 931 1285 1167 1332; x_wconf 88' lang='lat' dir='ltr'>praesentia,</span> <span class='ocrx_word' id='word_1_166' title='bbox 1207 1284 1321 1333; x_wconf 85' lang='lat' dir='ltr'>idque</span> <span class='ocrx_word' id='word_1_167' title='bbox 1350 1283 1444 1323; x_wconf 73' lang='grc' dir='ltr'>ἔπε’-</span> 
     </span>
     <span class='ocr_line' id='line_1_20' title="bbox 13 1335 1448 1389; baseline 0.001 -11"><span class='ocrx_word' id='word_1_168' title='bbox 13 1352 115 1389; x_wconf 80' lang='grc' dir='ltr'>χων.</span> <span class='ocrx_word' id='word_1_169' title='bbox 139 1338 349 1376; x_wconf 78' lang='lat' dir='ltr'>Existimo</span> <span class='ocrx_word' id='word_1_170' title='bbox 375 1338 589 1377; x_wconf 87' lang='lat' dir='ltr'>Diodorum</span> <span class='ocrx_word' id='word_1_171' title='bbox 605 1338 687 1387; x_wconf 87' lang='lat' dir='ltr'>hic,</span> <span class='ocrx_word' id='word_1_172' title='bbox 725 1341 792 1378; x_wconf 85' lang='lat' dir='ltr'>ubi</span> <span class='ocrx_word' id='word_1_173' title='bbox 815 1343 1014 1378; x_wconf 86' lang='lat' dir='ltr'>anserinas</span> <span class='ocrx_word' id='word_1_174' title='bbox 1036 1353 1169 1377; x_wconf 86' lang='lat' dir='ltr'>carnes</span> <span class='ocrx_word' id='word_1_175' title='bbox 1186 1342 1288 1377; x_wconf 88' lang='lat' dir='ltr'>inter</span> <span class='ocrx_word' id='word_1_176' title='bbox 1309 1335 1448 1387; x_wconf 76' lang='grc' dir='ltr'><strong><em>ἁπλᾶς</em></strong></span> 
     </span>
     <span class='ocr_line' id='line_1_21' title="bbox 17 1391 1446 1449; baseline 0.001 -16"><span class='ocrx_word' id='word_1_177' title='bbox 17 1391 177 1448; x_wconf 70' lang='grc' dir='ltr'>τροφὰς</span> <span class='ocrx_word' id='word_1_178' title='bbox 197 1401 414 1442; x_wconf 84' lang='lat' dir='ltr'>enumerat,</span> <span class='ocrx_word' id='word_1_179' title='bbox 439 1397 545 1444; x_wconf 86' lang='lat' dir='ltr'>loqui</span> <span class='ocrx_word' id='word_1_180' title='bbox 563 1395 608 1432; x_wconf 91' lang='lat' dir='ltr'>de</span> <span class='ocrx_word' id='word_1_181' title='bbox 627 1397 826 1433; x_wconf 87' lang='lat' dir='ltr'>anseribus</span> <span class='ocrx_word' id='word_1_182' title='bbox 844 1392 959 1435; x_wconf 79' lang='grc' dir='ltr'>ἇπλ</span> <span class='ocrx_word' id='word_1_183' title='bbox 922 1411 985 1442; x_wconf 76' lang='grc' dir='ltr'>ως</span> <span class='ocrx_word' id='word_1_184' title='bbox 1003 1395 1065 1449; x_wconf 84' lang='lat' dir='ltr'>(ut</span> <span class='ocrx_word' id='word_1_185' title='bbox 1083 1398 1136 1433; x_wconf 88' lang='lat' dir='ltr'>ita</span> <span class='ocrx_word' id='word_1_186' title='bbox 1156 1394 1299 1448; x_wconf 84' lang='lat' dir='ltr'>dicam)</span> <span class='ocrx_word' id='word_1_187' title='bbox 1319 1398 1446 1437; x_wconf 89' lang='lat' dir='ltr'>nutri-</span> 
     </span>
     <span class='ocr_line' id='line_1_22' title="bbox 16 1448 1446 1506; baseline 0.001 -18"><span class='ocrx_word' id='word_1_188' title='bbox 16 1453 83 1488; x_wconf 79' lang='lat' dir='ltr'>tis.</span> <span class='ocrx_word' id='word_1_189' title='bbox 115 1457 155 1488; x_wconf 89' lang='lat' dir='ltr'>at</span> <span class='ocrx_word' id='word_1_190' title='bbox 174 1464 290 1502; x_wconf 88' lang='lat' dir='ltr'>quum</span> <span class='ocrx_word' id='word_1_191' title='bbox 308 1464 476 1490; x_wconf 88' lang='lat' dir='ltr'>numero</span> <span class='ocrx_word' id='word_1_192' title='bbox 489 1454 657 1506; x_wconf 79' lang='grc' dir='ltr'><strong><em>τροφῶν</em></strong></span> <span class='ocrx_word' id='word_1_193' title='bbox 675 1448 1032 1492; x_wconf 74' lang='grc' dir='ltr'><strong><em>πολυτελεστάτων</em></strong></span> <span class='ocrx_word' id='word_1_194' title='bbox 1051 1452 1254 1500; x_wconf 76' lang='lat' dir='ltr'>adscribit,</span> <span class='ocrx_word' id='word_1_195' title='bbox 1290 1465 1446 1490; x_wconf 83' lang='lat' dir='ltr'>anseres</span> 
     </span>
     <span class='ocr_line' id='line_1_23' title="bbox 19 1501 1446 1574; baseline 0.001 -31"><span class='ocrx_word' id='word_1_196' title='bbox 19 1508 146 1544; x_wconf 83' lang='lat' dir='ltr'>altiles</span> <span class='ocrx_word' id='word_1_197' title='bbox 166 1509 404 1574; x_wconf 81' lang='lat' dir='ltr'>intelligere,</span> <span class='ocrx_word' id='word_1_198' title='bbox 448 1507 489 1545; x_wconf 88' lang='lat' dir='ltr'>id</span> <span class='ocrx_word' id='word_1_199' title='bbox 521 1514 578 1545; x_wconf 84' lang='lat' dir='ltr'>est</span> <span class='ocrx_word' id='word_1_200' title='bbox 606 1510 741 1560; x_wconf 75' lang='grc' dir='ltr'><strong><em>χῆνας</em></strong></span> <span class='ocrx_word' id='word_1_201' title='bbox 760 1504 989 1555; x_wconf 77' lang='grc' dir='ltr'>σιτευτούς.</span> <span class='ocrx_word' id='word_1_202' title='bbox 1024 1507 1242 1546; x_wconf 83' lang='lat' dir='ltr'>Athenaeus</span> <span class='ocrx_word' id='word_1_203' title='bbox 1264 1501 1329 1546; x_wconf 90' lang='lat' dir='ltr'>lib.</span> <span class='ocrx_word' id='word_1_204' title='bbox 1352 1510 1392 1548; x_wconf 89' lang='grc'>9</span> <span class='ocrx_word' id='word_1_205' title='bbox 1412 1522 1446 1557; x_wconf 60' lang='lat' dir='ltr'>c,</span> 
     </span>
     <span class='ocr_line' id='line_1_24' title="bbox 22 1559 1446 1633; baseline 0 -29"><span class='ocrx_word' id='word_1_206' title='bbox 22 1566 63 1604; x_wconf 89' lang='grc'>8</span> <span class='ocrx_word' id='word_1_207' title='bbox 117 1559 377 1632; x_wconf 32' lang='grc' dir='ltr'><strong><em>Θεόπομπος·</em></strong></span> <span class='ocrx_word' id='word_1_208' title='bbox 390 1561 466 1616; x_wconf 71' lang='grc' dir='ltr'>μὲν</span> <span class='ocrx_word' id='word_1_209' title='bbox 494 1560 572 1633; x_wconf 64' lang='grc' dir='ltr'>ἔφη</span> <span class='ocrx_word' id='word_1_210' title='bbox 597 1559 786 1617; x_wconf 80' lang='grc' dir='ltr'>Ἀγησιλ’</span> <span class='ocrx_word' id='word_1_211' title='bbox 764 1580 824 1604; x_wconf 72' lang='lat' dir='ltr'>aco</span> <span class='ocrx_word' id='word_1_212' title='bbox 851 1566 909 1604; x_wconf 79' lang='grc' dir='ltr'><strong><em>τῶ</em></strong></span> <span class='ocrx_word' id='word_1_213' title='bbox 939 1560 1114 1608; x_wconf 78' lang='grc' dir='ltr'>Λιικιοιι</span> <span class='ocrx_word' id='word_1_214' title='bbox 1144 1564 1200 1611; x_wconf 80' lang='grc' dir='ltr'>εἷς</span> <span class='ocrx_word' id='word_1_215' title='bbox 1229 1562 1315 1617; x_wconf 64' lang='lat' dir='ltr'>Azy</span> <span class='ocrx_word' id='word_1_216' title='bbox 1308 1579 1446 1620; x_wconf 80' lang='grc' dir='ltr'>υπτον.</span> 
     </span>
     <span class='ocr_line' id='line_1_25' title="bbox 17 1606 1450 1686; baseline 0.002 -29.006"><span class='ocrx_word' id='word_1_217' title='bbox 17 1616 257 1686; x_wconf 78' lang='grc' dir='ltr'>ἀφικομένῳ</span> <span class='ocrx_word' id='word_1_218' title='bbox 277 1617 440 1671; x_wconf 76' lang='grc' dir='ltr'>πέμψαι</span> <span class='ocrx_word' id='word_1_219' title='bbox 461 1634 559 1666; x_wconf 87' lang='grc' dir='ltr'>τους</span> <span class='ocrx_word' id='word_1_220' title='bbox 577 1618 662 1673; x_wconf 56' lang='grc' dir='ltr'>Αἵ)</span> <span class='ocrx_word' id='word_1_221' title='bbox 664 1606 832 1668; x_wconf 84' lang='grc' dir='ltr'><strong><em>υπτιόυς</em></strong></span> <span class='ocrx_word' id='word_1_222' title='bbox 855 1623 987 1673; x_wconf 76' lang='grc' dir='ltr'><strong><em>χῆνας</em></strong></span> <span class='ocrx_word' id='word_1_223' title='bbox 1012 1620 1079 1659; x_wconf 82' lang='grc' dir='ltr'>καὶ</span> <span class='ocrx_word' id='word_1_224' title='bbox 1107 1616 1290 1671; x_wconf 81' lang='grc' dir='ltr'><strong><em>μόσχους</em></strong></span> <span class='ocrx_word' id='word_1_225' title='bbox 1320 1635 1450 1660; x_wconf 81' lang='grc' dir='ltr'>σιτευ-</span> 
     </span>
     <span class='ocr_line' id='line_1_26' title="bbox 22 1660 1449 1732; baseline 0.001 -18"><span class='ocrx_word' id='word_1_226' title='bbox 22 1689 131 1721; x_wconf 86' lang='grc' dir='ltr'>τους.</span> <span class='ocrx_word' id='word_1_227' title='bbox 179 1660 244 1712; x_wconf 92' lang='lat' dir='ltr'>Ac</span> <span class='ocrx_word' id='word_1_228' title='bbox 265 1688 314 1712; x_wconf 89' lang='lat' dir='ltr'>ne</span> <span class='ocrx_word' id='word_1_229' title='bbox 335 1678 420 1724; x_wconf 88' lang='lat' dir='ltr'>quis</span> <span class='ocrx_word' id='word_1_230' title='bbox 449 1675 595 1713; x_wconf 85' lang='lat' dir='ltr'>dubitet</span> <span class='ocrx_word' id='word_1_231' title='bbox 625 1690 676 1713; x_wconf 90' lang='lat' dir='ltr'>an</span> <span class='ocrx_word' id='word_1_232' title='bbox 691 1675 856 1715; x_wconf 83' lang='lat' dir='ltr'>adiectiv</span> <span class='ocrx_word' id='word_1_233' title='bbox 847 1691 921 1715; x_wconf 92' lang='lat' dir='ltr'>um</span> <span class='ocrx_word' id='word_1_234' title='bbox 950 1690 1155 1723; x_wconf 82' lang='grc' dir='ltr'>σιτευτους</span> <span class='ocrx_word' id='word_1_235' title='bbox 1174 1683 1253 1714; x_wconf 88' lang='lat' dir='ltr'>tam</span> <span class='ocrx_word' id='word_1_236' title='bbox 1272 1690 1356 1714; x_wconf 91' lang='lat' dir='ltr'>cum</span> <span class='ocrx_word' id='word_1_237' title='bbox 1369 1678 1449 1732; x_wconf 67' lang='lat'>772-</span> 
     </span>
     <span class='ocr_line' id='line_1_27' title="bbox 23 1727 1450 1783; baseline 0 -13"><span class='ocrx_word' id='word_1_238' title='bbox 23 1745 99 1777; x_wconf 86' lang='grc' dir='ltr'>νας</span> <span class='ocrx_word' id='word_1_239' title='bbox 140 1743 253 1779; x_wconf 88' lang='lat' dir='ltr'>quam</span> <span class='ocrx_word' id='word_1_240' title='bbox 277 1745 363 1769; x_wconf 89' lang='lat' dir='ltr'>cum</span> <span class='ocrx_word' id='word_1_241' title='bbox 387 1727 570 1782; x_wconf 83' lang='grc' dir='ltr'><strong><em>μόσχους</em></strong></span> <span class='ocrx_word' id='word_1_242' title='bbox 610 1732 829 1770; x_wconf 87' lang='lat' dir='ltr'>Athenaeus</span> <span class='ocrx_word' id='word_1_243' title='bbox 856 1735 1015 1783; x_wconf 87' lang='lat' dir='ltr'>iungere</span> <span class='ocrx_word' id='word_1_244' title='bbox 1044 1733 1232 1780; x_wconf 82' lang='lat' dir='ltr'>voluerit,</span> <span class='ocrx_word' id='word_1_245' title='bbox 1272 1735 1354 1781; x_wconf 88' lang='lat' dir='ltr'>ipse</span> <span class='ocrx_word' id='word_1_246' title='bbox 1376 1733 1450 1770; x_wconf 90' lang='lat' dir='ltr'>ibi-</span> 
     </span>
     <span class='ocr_line' id='line_1_28' title="bbox 23 1785 1455 1855; baseline 0.002 -32"><span class='ocrx_word' id='word_1_247' title='bbox 23 1787 110 1824; x_wconf 89' lang='lat' dir='ltr'>dem</span> <span class='ocrx_word' id='word_1_248' title='bbox 130 1789 289 1825; x_wconf 86' lang='lat' dir='ltr'>aliorum</span> <span class='ocrx_word' id='word_1_249' title='bbox 309 1787 510 1826; x_wconf 83' lang='lat' dir='ltr'>authorum</span> <span class='ocrx_word' id='word_1_250' title='bbox 527 1787 617 1855; x_wconf 85' lang='grc' dir='ltr'>περι</span> <span class='ocrx_word' id='word_1_251' title='bbox 632 1802 712 1840; x_wconf 77' lang='grc' dir='ltr'>χηι</span> <span class='ocrx_word' id='word_1_252' title='bbox 715 1785 761 1834; x_wconf 85' lang='grc' dir='ltr'>ὸς</span> <span class='ocrx_word' id='word_1_253' title='bbox 779 1791 964 1828; x_wconf 84' lang='grc' dir='ltr'>σιτευτοῦ</span> <span class='ocrx_word' id='word_1_254' title='bbox 987 1802 1010 1826; x_wconf 87' lang='lat' dir='ltr'>v</span> <span class='ocrx_word' id='word_1_255' title='bbox 1003 1788 1104 1825; x_wconf 83' lang='lat' dir='ltr'>erba</span> <span class='ocrx_word' id='word_1_256' title='bbox 1122 1789 1281 1838; x_wconf 76' lang='lat' dir='ltr'>profert</span> <span class='ocrx_word' id='word_1_257' title='bbox 1320 1786 1398 1825; x_wconf 85' lang='lat' dir='ltr'>Sed</span> <span class='ocrx_word' id='word_1_258' title='bbox 1417 1796 1455 1827; x_wconf 88' lang='lat' dir='ltr'>et</span> 
     </span>
     <span class='ocr_line' id='line_1_29' title="bbox 23 1839 1454 1897; baseline 0 -15"><span class='ocrx_word' id='word_1_259' title='bbox 23 1843 241 1894; x_wconf 86' lang='lat' dir='ltr'>Polyaenus</span> <span class='ocrx_word' id='word_1_260' title='bbox 259 1843 327 1883; x_wconf 89' lang='lat' dir='ltr'>lib.</span> <span class='ocrx_word' id='word_1_261' title='bbox 349 1839 702 1897; x_wconf 66' lang='grc' dir='ltr'>στρατηγημάτων</span> <span class='ocrx_word' id='word_1_262' title='bbox 721 1852 856 1893; x_wconf 85' lang='lat' dir='ltr'>quarto</span> <span class='ocrx_word' id='word_1_263' title='bbox 874 1858 904 1881; x_wconf 90' lang='lat' dir='ltr'>c.</span> <span class='ocrx_word' id='word_1_264' title='bbox 919 1845 958 1884; x_wconf 89' lang='lat'>3.</span> <span class='ocrx_word' id='word_1_265' title='bbox 975 1845 1047 1884; x_wconf 86' lang='lat'>32.</span> <span class='ocrx_word' id='word_1_266' title='bbox 1075 1851 1295 1893; x_wconf 87' lang='lat' dir='ltr'>apparatum</span> <span class='ocrx_word' id='word_1_267' title='bbox 1314 1857 1406 1882; x_wconf 91' lang='lat' dir='ltr'>coen</span> <span class='ocrx_word' id='word_1_268' title='bbox 1410 1857 1454 1882; x_wconf 70' lang='grc' dir='ltr'>ιθ</span> 
     </span>
     <span class='ocr_line' id='line_1_30' title="bbox 26 1899 1454 1968; baseline 0.001 -31"><span class='ocrx_word' id='word_1_269' title='bbox 26 1903 168 1950; x_wconf 83' lang='lat' dir='ltr'>pariter</span> <span class='ocrx_word' id='word_1_270' title='bbox 187 1913 231 1937; x_wconf 86' lang='lat' dir='ltr'>ac</span> <span class='ocrx_word' id='word_1_271' title='bbox 253 1900 406 1950; x_wconf 87' lang='lat' dir='ltr'>prandii</span> <span class='ocrx_word' id='word_1_272' title='bbox 423 1903 528 1968; x_wconf 82' lang='lat' dir='ltr'>regis</span> <span class='ocrx_word' id='word_1_273' title='bbox 548 1899 751 1946; x_wconf 83' lang='lat' dir='ltr'>Persarum</span> <span class='ocrx_word' id='word_1_274' title='bbox 773 1901 1012 1950; x_wconf 82' lang='lat' dir='ltr'>describens,</span> <span class='ocrx_word' id='word_1_275' title='bbox 1040 1903 1142 1937; x_wconf 85' lang='lat' dir='ltr'>inter</span> <span class='ocrx_word' id='word_1_276' title='bbox 1168 1906 1318 1949; x_wconf 84' lang='lat' dir='ltr'>caetera</span> <span class='ocrx_word' id='word_1_277' title='bbox 1345 1903 1454 1950; x_wconf 87' lang='lat' dir='ltr'>ponit</span> 
     </span>
     <span class='ocr_line' id='line_1_31' title="bbox 20 1951 1455 2023; baseline 0.001 -29.003"><span class='ocrx_word' id='word_1_278' title='bbox 20 1959 146 2008; x_wconf 74' lang='grc' dir='ltr'>’χῆνες</span> <span class='ocrx_word' id='word_1_279' title='bbox 166 1955 338 1996; x_wconf 89' lang='grc' dir='ltr'>σιτευτοι</span> <span class='ocrx_word' id='word_1_280' title='bbox 356 1951 634 2023; x_wconf 70' lang='grc' dir='ltr'>τετρακόσιοι,</span> <span class='ocrx_word' id='word_1_281' title='bbox 671 1953 863 2009; x_wconf 74' lang='grc' dir='ltr'>τρυγόνες</span> <span class='ocrx_word' id='word_1_282' title='bbox 880 1953 1133 2010; x_wconf 75' lang='grc' dir='ltr'>τριακόσιαι,</span> <span class='ocrx_word' id='word_1_283' title='bbox 1161 1954 1327 2010; x_wconf 69' lang='grc' dir='ltr'>ὀρνίθια</span> <span class='ocrx_word' id='word_1_284' title='bbox 1347 1971 1455 1996; x_wconf 83' lang='grc' dir='ltr'>παν-</span> 
     </span>
     <span class='ocr_line' id='line_1_32' title="bbox 26 2006 1458 2065; baseline 0 -13"><span class='ocrx_word' id='word_1_285' title='bbox 26 2009 191 2052; x_wconf 69' lang='grc' dir='ltr'>ἶτοδαπὰ</span> <span class='ocrx_word' id='word_1_286' title='bbox 209 2027 335 2065; x_wconf 85' lang='grc' dir='ltr'>μικρα</span> <span class='ocrx_word' id='word_1_287' title='bbox 357 2008 560 2059; x_wconf 69' lang='grc' dir='ltr'>ἑξακόσια.</span> <span class='ocrx_word' id='word_1_288' title='bbox 581 2011 692 2061; x_wconf 88' lang='lat' dir='ltr'>Apud</span> <span class='ocrx_word' id='word_1_289' title='bbox 711 2013 873 2051; x_wconf 89' lang='lat' dir='ltr'>eundem</span> <span class='ocrx_word' id='word_1_290' title='bbox 891 2026 916 2051; x_wconf 79' lang='lat' dir='ltr'>v</span> <span class='ocrx_word' id='word_1_291' title='bbox 920 2026 984 2049; x_wconf 88' lang='lat' dir='ltr'>ero</span> <span class='ocrx_word' id='word_1_292' title='bbox 1003 2012 1239 2050; x_wconf 82' lang='lat' dir='ltr'>Athenaeum</span> <span class='ocrx_word' id='word_1_293' title='bbox 1253 2006 1291 2049; x_wconf 80' lang='lat' dir='ltr'>et</span> <span class='ocrx_word' id='word_1_294' title='bbox 1301 2011 1458 2065; x_wconf 83' lang='grc' dir='ltr'>χηνίιον</span> 
     </span>
     <span class='ocr_line' id='line_1_33' title="bbox 29 2067 1461 2119; baseline 0.001 -13"><span class='ocrx_word' id='word_1_295' title='bbox 29 2068 74 2106; x_wconf 84' lang='lat' dir='ltr'>fit</span> <span class='ocrx_word' id='word_1_296' title='bbox 100 2070 242 2106; x_wconf 84' lang='lat' dir='ltr'>mentio</span> <span class='ocrx_word' id='word_1_297' title='bbox 269 2069 334 2107; x_wconf 88' lang='lat' dir='ltr'>lib.</span> <span class='ocrx_word' id='word_1_298' title='bbox 366 2069 438 2108; x_wconf 83' lang='lat'>14.</span> <span class='ocrx_word' id='word_1_299' title='bbox 467 2081 546 2118; x_wconf 87' lang='lat' dir='ltr'>cap.</span> <span class='ocrx_word' id='word_1_300' title='bbox 573 2071 644 2109; x_wconf 87' lang='lat' dir='ltr'>ult.</span> <span class='ocrx_word' id='word_1_301' title='bbox 675 2069 731 2107; x_wconf 88' lang='lat' dir='ltr'>ibi</span> <span class='ocrx_word' id='word_1_302' title='bbox 758 2072 859 2107; x_wconf 90' lang='lat' dir='ltr'>enim</span> <span class='ocrx_word' id='word_1_303' title='bbox 886 2069 977 2106; x_wconf 89' lang='lat' dir='ltr'>haec</span> <span class='ocrx_word' id='word_1_304' title='bbox 998 2068 1168 2118; x_wconf 86' lang='lat' dir='ltr'>Menippi</span> <span class='ocrx_word' id='word_1_305' title='bbox 1187 2067 1326 2119; x_wconf 83' lang='lat' dir='ltr'>Cynici</span> <span class='ocrx_word' id='word_1_306' title='bbox 1342 2070 1461 2107; x_wconf 85' lang='lat' dir='ltr'>verba</span> 
     </span>
     <span class='ocr_line' id='line_1_34' title="bbox 22 2121 1461 2179; baseline 0.001 -17.005"><span class='ocrx_word' id='word_1_307' title='bbox 22 2124 209 2172; x_wconf 85' lang='lat' dir='ltr'>citantur,</span> <span class='ocrx_word' id='word_1_308' title='bbox 228 2124 294 2162; x_wconf 81' lang='grc' dir='ltr'>καὶ</span> <span class='ocrx_word' id='word_1_309' title='bbox 314 2121 468 2170; x_wconf 68' lang='grc' dir='ltr'>ευθέως</span> <span class='ocrx_word' id='word_1_310' title='bbox 491 2122 779 2178; x_wconf 75' lang='grc' dir='ltr'>περιεφέρετο</span> <span class='ocrx_word' id='word_1_311' title='bbox 769 2124 952 2179; x_wconf 79' lang='grc' dir='ltr'>περδίκια</span> <span class='ocrx_word' id='word_1_312' title='bbox 973 2123 1088 2177; x_wconf 79' lang='grc' dir='ltr'><strong><em>ὀλίγα</em></strong></span> <span class='ocrx_word' id='word_1_313' title='bbox 1109 2139 1176 2163; x_wconf 88' lang='grc' dir='ltr'>και</span> <span class='ocrx_word' id='word_1_314' title='bbox 1191 2139 1271 2176; x_wconf 76' lang='grc' dir='ltr'>χην</span> <span class='ocrx_word' id='word_1_315' title='bbox 1265 2123 1358 2163; x_wconf 75' lang='grc' dir='ltr'>[α’</span> <span class='ocrx_word' id='word_1_316' title='bbox 1340 2123 1461 2175; x_wconf 60' lang='lat' dir='ltr'>onst),</span> 
     </span>
     <span class='ocr_line' id='line_1_35' title="bbox 32 2175 1465 2233; baseline -0.001 -14"><span class='ocrx_word' id='word_1_317' title='bbox 32 2195 98 2220; x_wconf 84' lang='grc' dir='ltr'>και</span> <span class='ocrx_word' id='word_1_318' title='bbox 117 2175 253 2233; x_wconf 71' lang='grc' dir='ltr'><strong><em>τρυφὴ</em></strong></span> <span class='ocrx_word' id='word_1_319' title='bbox 278 2176 459 2219; x_wconf 73' lang='grc' dir='ltr'>πλακουι</span> <span class='ocrx_word' id='word_1_320' title='bbox 454 2195 555 2220; x_wconf 88' lang='grc' dir='ltr'>των.</span> <span class='ocrx_word' id='word_1_321' title='bbox 587 2181 803 2232; x_wconf 87' lang='lat' dir='ltr'>Polyaenus</span> <span class='ocrx_word' id='word_1_322' title='bbox 821 2189 948 2219; x_wconf 90' lang='lat' dir='ltr'>autem</span> <span class='ocrx_word' id='word_1_323' title='bbox 966 2178 1160 2227; x_wconf 74' lang='grc' dir='ltr'>νεοσσοὺς</span> <span class='ocrx_word' id='word_1_324' title='bbox 1173 2183 1313 2233; x_wconf 79' lang='grc' dir='ltr'><strong><em>χηνῶν</em></strong></span> <span class='ocrx_word' id='word_1_325' title='bbox 1333 2183 1465 2232; x_wconf 90' lang='lat' dir='ltr'>appel-</span> 
     </span>
     <span class='ocr_line' id='line_1_36' title="bbox 26 2236 1463 2304; baseline 0.001 -30.004"><span class='ocrx_word' id='word_1_326' title='bbox 26 2237 97 2274; x_wconf 88' lang='lat' dir='ltr'>lat.</span> <span class='ocrx_word' id='word_1_327' title='bbox 158 2236 255 2273; x_wconf 87' lang='lat' dir='ltr'>Nam</span> <span class='ocrx_word' id='word_1_328' title='bbox 282 2243 369 2286; x_wconf 85' lang='lat' dir='ltr'>post</span> <span class='ocrx_word' id='word_1_329' title='bbox 395 2249 440 2274; x_wconf 85' lang='lat' dir='ltr'>ea</span> <span class='ocrx_word' id='word_1_330' title='bbox 479 2248 574 2285; x_wconf 85' lang='lat' dir='ltr'>quae</span> <span class='ocrx_word' id='word_1_331' title='bbox 600 2238 713 2275; x_wconf 91' lang='lat' dir='ltr'>modo</span> <span class='ocrx_word' id='word_1_332' title='bbox 745 2251 793 2274; x_wconf 87' lang='lat' dir='ltr'>ex</span> <span class='ocrx_word' id='word_1_333' title='bbox 822 2239 890 2275; x_wconf 88' lang='lat' dir='ltr'>illo</span> <span class='ocrx_word' id='word_1_334' title='bbox 922 2239 1063 2286; x_wconf 82' lang='lat' dir='ltr'>protuli</span> <span class='ocrx_word' id='word_1_335' title='bbox 1101 2238 1220 2275; x_wconf 80' lang='lat' dir='ltr'>verba</span> <span class='ocrx_word' id='word_1_336' title='bbox 1250 2238 1463 2304; x_wconf 84' lang='lat' dir='ltr'>subiungit,</span> 
     </span>
     <span class='ocr_line' id='line_1_37' title="bbox 35 2288 1463 2347; baseline 0.002 -17"><span class='ocrx_word' id='word_1_337' title='bbox 35 2305 154 2344; x_wconf 81' lang='grc' dir='ltr'>αρνες</span> <span class='ocrx_word' id='word_1_338' title='bbox 183 2288 430 2345; x_wconf 83' lang='grc' dir='ltr'>τριακόσιοι,</span> <span class='ocrx_word' id='word_1_339' title='bbox 467 2292 627 2332; x_wconf 74' lang='grc' dir='ltr'>ιεοσσοὶ</span> <span class='ocrx_word' id='word_1_340' title='bbox 643 2296 783 2345; x_wconf 72' lang='grc' dir='ltr'><strong><em>χηνῶν</em></strong></span> <span class='ocrx_word' id='word_1_341' title='bbox 805 2289 973 2341; x_wconf 69' lang='grc' dir='ltr'>ἑκατὸν,</span> <span class='ocrx_word' id='word_1_342' title='bbox 1011 2288 1207 2347; x_wconf 74' lang='grc' dir='ltr'>δορκάδες</span> <span class='ocrx_word' id='word_1_343' title='bbox 1226 2289 1463 2346; x_wconf 85' lang='grc' dir='ltr'>τριάκοντα.</span> 
     </span>
     <span class='ocr_line' id='line_1_38' title="bbox 37 2346 1467 2399; baseline 0.002 -14"><span class='ocrx_word' id='word_1_344' title='bbox 37 2346 214 2385; x_wconf 86' lang='lat' dir='ltr'>Meminit</span> <span class='ocrx_word' id='word_1_345' title='bbox 241 2355 366 2386; x_wconf 88' lang='lat' dir='ltr'>autem</span> <span class='ocrx_word' id='word_1_346' title='bbox 388 2348 607 2386; x_wconf 85' lang='lat' dir='ltr'>Athenaeus</span> <span class='ocrx_word' id='word_1_347' title='bbox 627 2356 665 2386; x_wconf 86' lang='lat' dir='ltr'>et</span> <span class='ocrx_word' id='word_1_348' title='bbox 689 2352 828 2387; x_wconf 88' lang='lat' dir='ltr'>iecoris</span> <span class='ocrx_word' id='word_1_349' title='bbox 848 2351 1040 2397; x_wconf 87' lang='lat' dir='ltr'>anserini,</span> <span class='ocrx_word' id='word_1_350' title='bbox 1095 2349 1141 2386; x_wconf 89' lang='lat' dir='ltr'>de</span> <span class='ocrx_word' id='word_1_351' title='bbox 1164 2361 1239 2399; x_wconf 85' lang='lat' dir='ltr'>quo</span> <span class='ocrx_word' id='word_1_352' title='bbox 1259 2356 1297 2387; x_wconf 88' lang='lat' dir='ltr'>et</span> <span class='ocrx_word' id='word_1_353' title='bbox 1315 2349 1467 2388; x_wconf 78' lang='lat' dir='ltr'>Plinius</span> 
     </span>
     <span class='ocr_line' id='line_1_39' title="bbox 36 2403 1471 2457; baseline 0.002 -16"><span class='ocrx_word' id='word_1_354' title='bbox 36 2403 103 2441; x_wconf 91' lang='lat' dir='ltr'>lib.</span> <span class='ocrx_word' id='word_1_355' title='bbox 121 2405 190 2444; x_wconf 91' lang='grc'>10</span> <span class='ocrx_word' id='word_1_356' title='bbox 203 2416 283 2453; x_wconf 87' lang='lat' dir='ltr'>cap.</span> <span class='ocrx_word' id='word_1_357' title='bbox 294 2406 368 2444; x_wconf 87' lang='grc'>22.</span> <span class='ocrx_word' id='word_1_358' title='bbox 390 2405 536 2444; x_wconf 87' lang='lat' dir='ltr'>scribit.</span> <span class='ocrx_word' id='word_1_359' title='bbox 567 2403 647 2442; x_wconf 89' lang='lat' dir='ltr'>Ubi</span> <span class='ocrx_word' id='word_1_360' title='bbox 665 2406 765 2455; x_wconf 89' lang='lat' dir='ltr'>quod</span> <span class='ocrx_word' id='word_1_361' title='bbox 786 2409 841 2443; x_wconf 89' lang='lat' dir='ltr'>ait</span> <span class='ocrx_word' id='word_1_362' title='bbox 857 2406 1083 2444; x_wconf 84' lang='lat' dir='ltr'>fartilibus</span> <span class='ocrx_word' id='word_1_363' title='bbox 1072 2419 1114 2443; x_wconf 89' lang='grc' dir='ltr'>ιιι</span> <span class='ocrx_word' id='word_1_364' title='bbox 1131 2419 1310 2457; x_wconf 86' lang='lat' dir='ltr'>magnam</span> <span class='ocrx_word' id='word_1_365' title='bbox 1329 2408 1471 2456; x_wconf 84' lang='lat' dir='ltr'>ampli-</span> 
     </span>
     <span class='ocr_line' id='line_1_40' title="bbox 37 2459 1470 2514; baseline 0.002 -18"><span class='ocrx_word' id='word_1_366' title='bbox 37 2459 210 2496; x_wconf 82' lang='lat' dir='ltr'>tudinem</span> <span class='ocrx_word' id='word_1_367' title='bbox 239 2473 430 2508; x_wconf 87' lang='lat' dir='ltr'>crescere,</span> <span class='ocrx_word' id='word_1_368' title='bbox 473 2474 608 2499; x_wconf 83' lang='lat' dir='ltr'>verum</span> <span class='ocrx_word' id='word_1_369' title='bbox 636 2475 718 2499; x_wconf 87' lang='lat' dir='ltr'>esse</span> <span class='ocrx_word' id='word_1_370' title='bbox 750 2464 914 2512; x_wconf 89' lang='lat' dir='ltr'>comperi</span> <span class='ocrx_word' id='word_1_371' title='bbox 957 2474 1072 2512; x_wconf 88' lang='lat' dir='ltr'>quum</span> <span class='ocrx_word' id='word_1_372' title='bbox 1102 2462 1276 2499; x_wconf 81' lang='lat' dir='ltr'>venetiis</span> <span class='ocrx_word' id='word_1_373' title='bbox 1306 2475 1470 2514; x_wconf 82' lang='lat' dir='ltr'>agerem.</span> 
     </span>
     <span class='ocr_line' id='line_1_41' title="bbox 39 2515 1472 2569; baseline 0.003 -17"><span class='ocrx_word' id='word_1_374' title='bbox 39 2515 131 2552; x_wconf 86' lang='lat' dir='ltr'>Vidi</span> <span class='ocrx_word' id='word_1_375' title='bbox 161 2518 262 2552; x_wconf 84' lang='lat' dir='ltr'>enim</span> <span class='ocrx_word' id='word_1_376' title='bbox 290 2516 346 2553; x_wconf 90' lang='lat' dir='ltr'>ibi</span> <span class='ocrx_word' id='word_1_377' title='bbox 370 2519 498 2554; x_wconf 86' lang='lat' dir='ltr'>iecora</span> <span class='ocrx_word' id='word_1_378' title='bbox 527 2519 788 2568; x_wconf 81' lang='lat' dir='ltr'>saginatorum</span> <span class='ocrx_word' id='word_1_379' title='bbox 815 2532 837 2555; x_wconf 89' lang='lat' dir='ltr'>a</span> <span class='ocrx_word' id='word_1_380' title='bbox 865 2518 1015 2556; x_wconf 85' lang='lat' dir='ltr'>Iudaeis</span> <span class='ocrx_word' id='word_1_381' title='bbox 1033 2530 1211 2555; x_wconf 88' lang='lat' dir='ltr'>anserum</span> <span class='ocrx_word' id='word_1_382' title='bbox 1230 2516 1349 2569; x_wconf 88' lang='lat' dir='ltr'>(hanc</span> <span class='ocrx_word' id='word_1_383' title='bbox 1369 2522 1472 2556; x_wconf 89' lang='lat' dir='ltr'>enim</span> 
     </span>
     <span class='ocr_line' id='line_1_42' title="bbox 42 2571 1473 2626; baseline 0.003 -18"><span class='ocrx_word' id='word_1_384' title='bbox 42 2573 102 2608; x_wconf 85' lang='lat' dir='ltr'>illi</span> <span class='ocrx_word' id='word_1_385' title='bbox 123 2574 321 2619; x_wconf 86' lang='lat' dir='ltr'>praecipue</span> <span class='ocrx_word' id='word_1_386' title='bbox 339 2578 375 2608; x_wconf 88' lang='lat' dir='ltr'>et</span> <span class='ocrx_word' id='word_1_387' title='bbox 395 2575 536 2610; x_wconf 82' lang='lat' dir='ltr'>callent</span> <span class='ocrx_word' id='word_1_388' title='bbox 560 2580 598 2609; x_wconf 90' lang='lat' dir='ltr'>et</span> <span class='ocrx_word' id='word_1_389' title='bbox 614 2574 795 2611; x_wconf 86' lang='lat' dir='ltr'>factitant</span> <span class='ocrx_word' id='word_1_390' title='bbox 813 2573 866 2611; x_wconf 88' lang='lat' dir='ltr'>ibi</span> <span class='ocrx_word' id='word_1_391' title='bbox 889 2571 1029 2626; x_wconf 85' lang='lat' dir='ltr'>artem)</span> <span class='ocrx_word' id='word_1_392' title='bbox 1049 2581 1128 2611; x_wconf 88' lang='lat' dir='ltr'>tam</span> <span class='ocrx_word' id='word_1_393' title='bbox 1146 2576 1282 2621; x_wconf 84' lang='lat' dir='ltr'>ampla,</span> <span class='ocrx_word' id='word_1_394' title='bbox 1310 2582 1353 2612; x_wconf 86' lang='lat' dir='ltr'>ut</span> <span class='ocrx_word' id='word_1_395' title='bbox 1371 2575 1473 2624; x_wconf 83' lang='lat' dir='ltr'>quod</span> 
     </span>
     <span class='ocr_line' id='line_1_43' title="bbox 44 2629 1476 2678; baseline 0.003 -16"><span class='ocrx_word' id='word_1_396' title='bbox 44 2629 158 2663; x_wconf 87' lang='lat' dir='ltr'>unius</span> <span class='ocrx_word' id='word_1_397' title='bbox 178 2629 325 2664; x_wconf 81' lang='lat' dir='ltr'>anseris</span> <span class='ocrx_word' id='word_1_398' title='bbox 342 2630 448 2665; x_wconf 85' lang='lat' dir='ltr'>iecur</span> <span class='ocrx_word' id='word_1_399' title='bbox 467 2635 589 2675; x_wconf 85' lang='lat' dir='ltr'>esset,</span> <span class='ocrx_word' id='word_1_400' title='bbox 623 2633 737 2667; x_wconf 89' lang='lat' dir='ltr'>trium</span> <span class='ocrx_word' id='word_1_401' title='bbox 755 2632 952 2667; x_wconf 85' lang='lat' dir='ltr'>minimum</span> <span class='ocrx_word' id='word_1_402' title='bbox 972 2643 1054 2667; x_wconf 86' lang='lat' dir='ltr'>esse</span> <span class='ocrx_word' id='word_1_403' title='bbox 1075 2629 1295 2678; x_wconf 78' lang='lat' dir='ltr'>videretur3</span> <span class='ocrx_word' id='word_1_404' title='bbox 1339 2631 1379 2668; x_wconf 89' lang='lat' dir='ltr'>id</span> <span class='ocrx_word' id='word_1_405' title='bbox 1406 2638 1476 2678; x_wconf 90' lang='lat' dir='ltr'>est,</span> 
     </span>
     <span class='ocr_line' id='line_1_44' title="bbox 35 2682 1482 2737; baseline 0.003 -19"><span class='ocrx_word' id='word_1_406' title='bbox 35 2685 122 2719; x_wconf 84' lang='lat' dir='ltr'>-tria</span> <span class='ocrx_word' id='word_1_407' title='bbox 144 2694 226 2718; x_wconf 87' lang='lat' dir='ltr'>esse</span> <span class='ocrx_word' id='word_1_408' title='bbox 244 2685 369 2719; x_wconf 87' lang='lat' dir='ltr'>iecora</span> <span class='ocrx_word' id='word_1_409' title='bbox 389 2687 430 2720; x_wconf 90' lang='lat' dir='ltr'>in</span> <span class='ocrx_word' id='word_1_410' title='bbox 452 2697 569 2720; x_wconf 89' lang='lat' dir='ltr'>unum</span> <span class='ocrx_word' id='word_1_411' title='bbox 579 2682 632 2737; x_wconf 88' lang='lat' dir='ltr'>(si</span> <span class='ocrx_word' id='word_1_412' title='bbox 652 2685 723 2722; x_wconf 90' lang='lat' dir='ltr'>hoc</span> <span class='ocrx_word' id='word_1_413' title='bbox 742 2687 825 2722; x_wconf 81' lang='lat' dir='ltr'>fieri</span> <span class='ocrx_word' id='word_1_414' title='bbox 843 2684 990 2737; x_wconf 87' lang='lat' dir='ltr'>posset)</span> <span class='ocrx_word' id='word_1_415' title='bbox 1002 2686 1175 2723; x_wconf 80' lang='lat' dir='ltr'>conflata.</span> <span class='ocrx_word' id='word_1_416' title='bbox 1191 2685 1390 2723; x_wconf 87' lang='lat' dir='ltr'>Caeterum</span> <span class='ocrx_word' id='word_1_417' title='bbox 1411 2688 1482 2723; x_wconf 83' lang='lat' dir='ltr'>no-</span> 
     </span>
     <span class='ocr_line' id='line_1_45' title="bbox 45 2738 1487 2792; baseline 0.004 -18"><span class='ocrx_word' id='word_1_418' title='bbox 45 2738 204 2775; x_wconf 87' lang='lat' dir='ltr'>tandum</span> <span class='ocrx_word' id='word_1_419' title='bbox 217 2745 287 2784; x_wconf 85' lang='lat' dir='ltr'>est,</span> <span class='ocrx_word' id='word_1_420' title='bbox 312 2745 356 2775; x_wconf 89' lang='lat' dir='ltr'>ut</span> <span class='ocrx_word' id='word_1_421' title='bbox 378 2741 418 2775; x_wconf 93' lang='lat' dir='ltr'>in</span> <span class='ocrx_word' id='word_1_422' title='bbox 439 2741 506 2776; x_wconf 92' lang='lat' dir='ltr'>illo</span> <span class='ocrx_word' id='word_1_423' title='bbox 526 2739 712 2778; x_wconf 82' lang='lat' dir='ltr'>Athenaei</span> <span class='ocrx_word' id='word_1_424' title='bbox 730 2745 794 2791; x_wconf 85' lang='lat' dir='ltr'>qui</span> <span class='ocrx_word' id='word_1_425' title='bbox 814 2745 918 2789; x_wconf 89' lang='lat' dir='ltr'>prior</span> <span class='ocrx_word' id='word_1_426' title='bbox 938 2745 1076 2779; x_wconf 83' lang='lat' dir='ltr'>citatus</span> <span class='ocrx_word' id='word_1_427' title='bbox 1099 2748 1156 2778; x_wconf 88' lang='lat' dir='ltr'>est</span> <span class='ocrx_word' id='word_1_428' title='bbox 1176 2744 1262 2778; x_wconf 75' lang='lat' dir='ltr'>loco</span> <span class='ocrx_word' id='word_1_429' title='bbox 1278 2738 1427 2792; x_wconf 87' lang='grc' dir='ltr'>μόσχοι</span> <span class='ocrx_word' id='word_1_430' title='bbox 1448 2750 1487 2780; x_wconf 83' lang='lat' dir='ltr'>et</span> 
     </span>
     <span class='ocr_line' id='line_1_46' title="bbox 43 2793 1487 2848; baseline 0.003 -17"><span class='ocrx_word' id='word_1_431' title='bbox 43 2795 165 2844; x_wconf 76' lang='grc' dir='ltr'><strong><em>χῆνες</em></strong></span> <span class='ocrx_word' id='word_1_432' title='bbox 189 2793 362 2832; x_wconf 81' lang='grc' dir='ltr'>σιτευτοὶ</span> <span class='ocrx_word' id='word_1_433' title='bbox 381 2796 676 2845; x_wconf 82' lang='lat' dir='ltr'>coniunguntur,</span> <span class='ocrx_word' id='word_1_434' title='bbox 689 2798 753 2834; x_wconf 87' lang='lat' dir='ltr'>ubi</span> <span class='ocrx_word' id='word_1_435' title='bbox 772 2799 817 2834; x_wconf 88' lang='lat' dir='ltr'>ab</span> <span class='ocrx_word' id='word_1_436' title='bbox 838 2797 1040 2848; x_wconf 80' lang='lat' dir='ltr'>Aegyptiis</span> <span class='ocrx_word' id='word_1_437' title='bbox 1062 2798 1161 2834; x_wconf 85' lang='lat' dir='ltr'>dono</span> <span class='ocrx_word' id='word_1_438' title='bbox 1181 2799 1288 2834; x_wconf 78' lang='lat' dir='ltr'>missi</span> <span class='ocrx_word' id='word_1_439' title='bbox 1308 2798 1487 2835; x_wconf 75' lang='lat' dir='ltr'>dicuntur</span> 
     </span>
     <span class='ocr_line' id='line_1_47' title="bbox 50 2849 1486 2906; baseline 0.004 -21"><span class='ocrx_word' id='word_1_440' title='bbox 50 2849 249 2899; x_wconf 76' lang='lat' dir='ltr'>Agesilao,</span> <span class='ocrx_word' id='word_1_441' title='bbox 275 2861 389 2899; x_wconf 85' lang='lat' dir='ltr'>quum</span> <span class='ocrx_word' id='word_1_442' title='bbox 410 2851 452 2888; x_wconf 89' lang='lat' dir='ltr'>in</span> <span class='ocrx_word' id='word_1_443' title='bbox 471 2850 688 2902; x_wconf 83' lang='lat' dir='ltr'>Aegyptum</span> <span class='ocrx_word' id='word_1_444' title='bbox 708 2853 946 2892; x_wconf 83' lang='lat' dir='ltr'>advenisset:</span> <span class='ocrx_word' id='word_1_445' title='bbox 985 2851 1142 2906; x_wconf 86' lang='lat' dir='ltr'>(missos</span> <span class='ocrx_word' id='word_1_446' title='bbox 1161 2856 1285 2892; x_wconf 83' lang='lat' dir='ltr'>autem</span> <span class='ocrx_word' id='word_1_447' title='bbox 1304 2855 1424 2892; x_wconf 79' lang='lat' dir='ltr'>fuisse</span> <span class='ocrx_word' id='word_1_448' title='bbox 1442 2861 1486 2892; x_wconf 71' lang='lat' dir='ltr'>ut</span> 
     </span>
     <span class='ocr_line' id='line_1_48' title="bbox 1153 2911 1212 2950; baseline 0 -17"><span class='ocrx_word' id='word_1_449' title='bbox 1153 2913 1177 2950; x_wconf 75' lang='grc'>8</span> <span class='ocrx_word' id='word_1_450' title='bbox 1192 2911 1212 2933; x_wconf 67' lang='lat' dir='ltr'>e</span> 
     </span>
    </p>
   </div>
  </div>
 </body>
</html>
