1828 3253
541 177 602 217 IN
638 175 749 216 LIB.
785 177 814 216 Ι.
852 175 978 214 CAP.
1016 177 1087 218 50.
1481 175 1537 216 85

99 294 170 334 54.
193 291 382 331 Busiridis
399 293 648 343 posteriorum
668 296 846 328 octavum
864 289 995 327 itidem
1016 288 1230 328 Busiridem
1248 291 1368 327 fuisse
1387 302 1529 341 cogno-

93 353 298 388 minatum:
347 349 445 398 quod
475 361 608 386 verum
639 348 790 396 quidem
822 354 901 395 est,
937 360 1007 383 nec
1036 348 1115 383 ulla
1145 354 1271 383 tamen
1298 346 1358 384 hic
1384 359 1526 397 pugna,

94 406 207 444 modo
244 419 292 443 ex
330 405 517 442 Busiridis
556 403 604 443 ΙΙ.
641 411 754 455 gente
790 411 966 441 octavum
1004 402 1106 439 hunc
1145 402 1329 440 ls'cleorea,
1366 410 1521 440 statuas.

94 462 233 500 Utrum
254 468 379 499 autem
400 463 432 498 is
454 460 619 498 eiusdem
644 462 809 497 nominis
828 467 971 509 patrem
996 458 1194 506 hahuerit,
1216 462 1255 495 in
1276 473 1320 496 ea
1339 460 1523 496 librorum

92 518 283 556 discordia
303 524 342 554 et
358 524 530 555 veterum
548 518 725 564 silentio,
755 530 842 554 nam
871 516 1073 553 Aclzoreus
1094 514 1266 565 Syncelli
1285 528 1320 564 p.
1345 518 1418 554 96.
1448 517 1523 552 alia

93 588 140 612 ex
168 576 315 612 familia
341 580 420 621 est,
445 572 545 610 haud
573 581 712 610 temere
739 574 914 612 dixerim.
975 573 1017 609 Id
1051 572 1201 622 quidem
1231 579 1332 607 certe
1361 578 1522 618 constat,

92 632 138 668 de
157 629 343 678 Memphis
363 632 511 680 origine
530 629 739 681 Aegyptios
759 632 799 667 in
819 629 972 667 diversa
993 630 1155 666 abiisse:
1174 627 1392 664 Herodotus
1414 627 1523 664 Meni

90 686 139 726 Π.
171 687 244 727 99.
273 685 402 723 schol.
435 686 550 723 Statii
577 686 640 724 IV.
671 685 791 723 Theb.
823 687 928 726 737.
967 685 1158 737 Epapho,
1185 686 1299 721 sicuti
1318 690 1358 720 et
1377 683 1517 722 Euseb.

87 742 232 780 Canon.
253 756 288 792 p.
318 744 392 783 26.
425 749 463 779 et
482 742 686 792 syncellus
706 755 741 791 p.
769 744 893 789 152..
919 753 1146 790 quamquam
1173 741 1300 791 paullo
1322 746 1410 777 ante
1430 739 1519 791 Api,

88 798 280 837 Phoronei
297 799 391 846 filio,
411 811 446 847 p.
474 800 575 839 149.
608 800 815 846 tribuerat,
840 799 1077 836 adscribunt.
1113 798 1246 835 WEss.

200 857 274 896 60.
297 856 371 895 31.
393 852 525 894 ‘'Onov
554 851 816 906 σχιζόμενος]
845 855 960 893 Nilus
987 855 1176 893 scinditur
1192 854 1296 891 infra
1314 851 1520 901 Memphim

86 921 147 949 xv
185 924 363 961 passuum
398 913 591 959 millibus,
638 918 681 949 ut
717 911 865 949 Plinius
904 911 950 951 V.
981 913 1022 952 9.
1052 913 1134 949 sive
1170 911 1296 947 tribus
1332 908 1520 956 schoenis,

87 980 247 1018 quorum
268 969 412 1019 singuli
430 968 639 1005 stadiorum
656 979 732 1015 xl..
759 971 841 1006 sive
868 969 1031 1006 millium
1061 979 1239 1018 passuum
1260 976 1308 1012 v,
1341 965 1521 1015 quemad-

85 1026 239 1062 modum
268 1024 407 1061 Strabo
435 1023 559 1062 XVII
578 1038 613 1073 p.
639 1027 771 1066 1160.
792 1024 832 1062 C.
877 1025 953 1074 Ipsi
978 1024 1089 1062 fluvii
1104 1026 1291 1061 scissurae
1309 1022 1522 1060 adcubabat

88 1082 264 1132 oppidum
279 1079 547 1128 Cercasor‚um
578 1082 623 1118 de
647 1094 721 1131 quo
742 1080 992 1118 Herodot.11.
1014 1081 1084 1121 15.
1105 1088 1142 1117 et
1163 1081 1239 1120 97.
1265 1079 1398 1116 Wrss.

200 1139 272 1178 60
294 1138 366 1177 36.
398 1135 486 1188 Ίὴι
508 1136 551 1176 ὑὲ
572 1134 831 1205 οχυρότητα]
857 1138 1019 1175 Videtur
1039 1137 1243 1188 legendum
1262 1131 1339 1187 τήν
1358 1150 1400 1174 τε
1421 1131 1520 1185 ὀχυ-

85 1189 264 1261 ρότητα,
295 1199 362 1229 aut
392 1207 486 1232 κατε
492 1207 559 1232 aze
563 1190 683 1242 *baffia
714 1195 917 1232 retinendo
944 1193 1001 1233 ὸέ.
1024 1193 1178 1231 STEPH.
1239 1189 1333 1244 T’i'''²
1355 1206 1397 1230 τε
1422 1189 1519 1241 ὀχυ-

85 1246 268 1303 ρότητα]
295 1248 396 1286 Vera
424 1256 483 1286 est
500 1249 549 1288 H.
582 1249 769 1300 Stephani
797 1252 1036 1298 coniectura,
1071 1264 1205 1300 quam,
1243 1248 1342 1299 quod
1377 1260 1464 1297 pass
1448 1249 1520 1284 im

84 1308 244 1347 voculae
257 1307 344 1344 illae
363 1307 465 1342 inter
482 1319 522 1343 se
542 1313 820 1346 commutentur
842 1309 885 1345 in.
912 1309 1065 1358 scriptis
1086 1306 1304 1354 codicibus,
1333 1306 1519 1356 recipien-

85 1362 173 1401 dam
189 1364 332 1400 censui.
365 1361 415 1399 W
418 1373 498 1399 uss.

197 1421 272 1460 60
291 1419 365 1458 43.
380 1416 529 1470 ’Ὠρυξε
549 1417 695 1471 λιμνην
714 1414 894 1472 μεμιληι
905 1417 923 1472 ]
958 1419 1134 1457 Meminit
1155 1425 1193 1456 et
1212 1418 1352 1456 Strabo
1369 1419 1522 1455 lacuum

83 1477 185 1513 circa
205 1474 409 1525 Memphim
428 1475 553 1512 XVII.
573 1489 609 1526 p.
633 1478 769 1517 1161.
786 1474 829 1513 B.
859 1477 994 1515 Paullo
1016 1483 1105 1526 post
1127 1473 1360 1527 vulgatum‘
1348 1471 1451 1514 ὅπου
1471 1471 1518 1514 τὸ

79 1546 206 1583 χωμα
233 1532 368 1582 ὶιιΡιὊΙ.
373 1545 416 1569 a:
443 1545 565 1582 neone
593 1535 695 1570 enim
724 1546 904 1584 aggerem
933 1545 1031 1582 aqua
1058 1533 1292 1580 inundabat,
1321 1537 1521 1582 aggestum

83 1594 126 1624 ut
153 1588 314 1626 fluvium
347 1590 462 1642 agris
485 1588 715 1637 prohiberet.
775 1588 954 1636 Rectius,
982 1589 1095 1627 modo
1132 1602 1264 1638 parum
1307 1589 1522 1633 adiuvetur,

83 1644 290 1681 Vaticanus
310 1643 416 1696 πλὴτ
435 1643 485 1698 ᾗ,
508 1659 561 1696 pr
564 1653 796 1698 aeter-quam
823 1647 890 1684 ubi
916 1659 1059 1696 agger.
1087 1645 1194 1684 Novi
1223 1642 1298 1684 πὶ.)
1281 1660 1328 1696 'AV
1348 1660 1373 1697 η
1395 1642 1520 1680 Hero-

85 1699 168 1739 doti
186 1699 360 1740 11.111
372 1728 385 1748 7
411 1701 477 1737 sed
498 1701 587 1738 huic
607 1704 692 1740 loco
711 1703 751 1739 id
771 1705 953 1742 alienum.
997 1702 1132 1739 Wnss.

196 1758 270 1797 60.
293 1758 369 1797 49.
397 1753 461 1796 Τά
481 1772 523 1797 τε
542 1758 732 1808 βασίλεια
751 1759 986 1808 ποιεῖσθαι]
1013 1758 1117 1796 Hinc
1143 1763 1182 1794 et
1202 1756 1280 1794 Str
1281 1758 1385 1793 ibam
1403 1754 1523 1792 Mem-

80 1811 166 1863 phis
185 1810 231 1852 τὸ
263 1812 388 1864 βασί)
394 1828 473 1852 stov
499 1816 582 1853 τῶι
607 1814 849 1867 Aiyvnre'cov
882 1814 1165 1866 AEegyptiorum
1193 1827 1266 1863 rge
1269 1815 1309 1851 ia
1337 1811 1519 1862 XV11.p.

88 1871 222 1910 1160.
242 1867 284 1906 C.
304 1876 343 1906 et
360 1869 552 1907 PlinioV.
573 1871 614 1910 9.
636 1873 829 1922 quondam
861 1885 941 1909 am·
944 1871 1135 1938 Aegypti
1151 1883 1298 1920 regum.
1332 1869 1465 1906 YVEss.

196 1927 270 1966 60.
295 1926 366 1966 52.
397 1928 484 1966 Του
512 1928 637 1977 βασι)
641 1926 743 1979 ἕως]
776 1927 864 1965 Etsi
889 1930 964 1967 τοῦ
992 1928 1118 1967 [Mane
1106 1922 1194 1965 (562
1186 1941 1243 1972 ος
1272 1928 1314 1963 in
1350 1927 1522 1975 margine

80 1980 342 2019 Alexandrum
363 1983 556 2021 commode
584 1984 631 2021 ab
661 1986 749 2021 aliis
771 1979 1009 2035 ὃμωνῦμοις
1028 1984 1250 2034 distinguit.
1275 1989 1402 2028 tamen
1421 1980 1523 2029 quod

80 2040 122 2075 in
141 2045 324 2076 contextu
346 2038 528 2087 hahetur7
552 2043 764 2091 genuinum
782 2053 864 2077 esse
883 2041 1062 2078 arbitror.
1089 2038 1226 2078 Rnon.
1254 2035 1323 2078 Ἀ)
1327 2033 1522 2089 εξάνὸρου

67 2096 154 2133 τοῦ
183 2091 464 2146 Μακξδόιος]
491 2094 576 2133 Hoc
606 2096 771 2134 Diodori
797 2110 932 2134 caussa
958 2098 1079 2134 malo·
1121 2109 1211 2133 nam
1241 2102 1278 2132 et
1298 2109 1330 2131 c
1355 2095 1426 2134 55.
1450 2092 1497 2131 ἒπ-

70 2147 342 2206 Ἀλεξάνδρου
371 2154 446 2192 τοῦ
474 2149 726 2200 Μακεδόνος
753 2159 793 2191 et
821 2152 870 2192 11.
890 2154 964 2194 37.
979 2146 1285 2206 Hstf‘gowong·
1266 2167 1287 2192 ο
1309 2146 1522 2191 ΙᾺακεδών

81 2213 121 2244 et
147 2221 258 2258 saepe
287 2209 394 2246 alias.
437 2209 574 2248 WESS.

195 2266 268 2305 60
292 2264 364 2306 56
393 2263 447 2307 Oc
472 2264 548 2319 μὲν
573 2263 653 2321 γὰρ
680 2263 904 2319 βασιλείοις
923 2264 1023 2318 etc'.]
1062 2263 1205 2304 Confer
1224 2265 1328 2304 infra
1346 2261 1520 2301 XV11.c.

86 2319 157 2361 52.
191 2320 326 2358 WEss.

194 2378 267 2417 60
293 2377 365 2417 59
391 2373 618 2432 Πρώτην
599 2395 626 2432 η
647 2377 843 2433 δευτέραν
864 2375 1168 2434 ἀριθμεῖσθαι]
1195 2378 1415 2426 Principem
1440 2374 1521 2424 ple-

81 2432 190 2480 rique
218 2433 346 2469 locum
368 2437 526 2485 reginae
554 2437 708 2474 urbium
734 2435 899 2483 Romae,
931 2436 1140 2473 secundum
1166 2433 1422 2472 Alexandriae
1453 2430 1520 2467 da-

83 2487 188 2524 bant.
243 2486 320 2525 Dio
350 2486 610 2540 Chrysostom.
638 2492 746 2530 Orat.
771 2491 945 2530 XXXII.
964 2504 1000 2541 p.
1022 2494 1127 2533 372.
1148 2491 1191 2528 A.
1235 2507 1261 2542 η
1291 2487 1369 2542 γὰρ
1399 2482 1522 2531 adm*

83 2538 229 2594 ὑμῶν,
259 2546 386 2593 inquit
420 2548 464 2583 in
502 2559 643 2585 corona
678 2547 1050 2596 Alexandrinorum,
1080 2550 1141 2603 τῷ
1169 2545 1331 2600 μεγέθει
1362 2559 1430 2583 και
1458 2542 1518 2596 τῷ

83 2595 197 2638 τόπω
216 2600 406 2640 πλεῖστον
426 2598 526 2642 ὅσον
532 2601 752 2671 διαφέρει,
770 2604 838 2643 καὶ
861 2606 1096 2658 περιφανῶς
1116 2591 1405 2643 ἀποὸέὃεικται
1427 2597 1471 2637 δε
1464 2613 1517 2636 -υ-

85 2654 184 2708 τέρα
212 2657 295 2695 τῶν
313 2651 392 2696 ὕπὸ
424 2655 499 2697 τὸν
526 2656 667 2712 ἣλιον,
693 2661 786 2699 urbs
808 2663 908 2698 enim
926 2668 1065 2699 vestra
1081 2661 1355 2709 magnitudino
1373 2664 1414 2693 et
1431 2656 1514 2691 loco

85 2715 299 2751 inmensum
329 2721 517 2764 quantum
554 2717 713 2768 dzff'ert,
748 2724 789 2755 et
824 2720 1017 2756 secundas
1054 2717 1205 2755 obtinet
1228 2729 1312 2769 par
1317 2722 1374 2751 tes
1410 2714 1515 2748 inter

104 2781 236 2817 mnes,
264 2782 366 2820 quae
397 2778 490 2808 sunt
518 2772 585 2810 sub
614 2775 707 2811 sole.
764 2773 845 2811 Nec
872 2775 1031 2812 deerant
1061 2781 1211 2820 tamen,
1249 2773 1313 2820 qui
1349 2769 1516 2805 Alexan-

86 2825 209 2864 driam
226 2824 369 2864 Romae
385 2828 643 2878 praeferrent,
668 2837 711 2868 ut
722 2829 864 2869 Noster
883 2829 1208 2882 significatXVII.
1221 2830 1291 2868 52.
1321 2827 1516 2871 Quumque
