1828 3253
428 90 487 129 {N
521 89 630 127 LlB.
663 89 718 129 ll.
765 89 889 129 CAP.
934 91 1159 131 32—3-1.
1447 95 1532 133 199

85 204 226 250 malui,
251 215 327 254 quo
349 203 461 241 modo
482 205 523 241 in
542 203 787 252 sequentibus
807 201 1001 241 Diodorus
1019 204 1099 250 ipse
1126 204 1315 252 appellat,
1341 213 1378 241 et
1399 203 1525 242 Nicol.

84 258 346 297 Damascenus
367 260 547 309 Excerpt.
580 259 704 296 Vales.
723 271 758 308 p.
780 260 912 306 4263
951 258 1090 298 Euscb.
1114 273 1205 302 vcro
1227 267 1264 296 ct
1285 260 1456 310 Syneell.
1483 261 1524 297 in

83 329 218 367 regum
238 315 437 353 Medorum
467 315 593 353 indice
617 315 812 353 Arbianen
843 322 881 351 et
907 314 1087 351 Artaeum
1106 323 1359 364 praetercunt.
1391 316 1439 353 W
1443 327 1521 353 sss
1572 338 1576 347 ι

201 373 303 413 146.
333 374 374 411 9.
412 367 656 425 ΙΙαρο-ώὸην
677 369 749 411 τὸν
779 367 978 424 ΙῙέρσην]
1019 371 1239 408 Genuinum
1267 372 1432 409 hominis
1451 386 1519 410 no-

81 441 171 466 men
207 423 495 481 Παρσώνδης,
533 431 591 466 uti
620 430 661 465 in
695 427 890 474 Gemisto,
931 433 1035 475 erat3
1079 435 1191 476 atque
1221 430 1274 464 ita
1304 428 1447 465 Suidae
1478 431 1519 467 in

82 483 303 538 Σφοδροῦ,
347 491 385 520 et
418 483 503 523 Nic.
535 482 798 530 Damascene,
834 486 905 520 etsi
936 497 1015 522 non
1045 483 1250 521 admodum
1283 492 1520 532 constanter,

80 541 234 579 dicitur.
272 539 406 577 Wnss.

194 596 296 636 146.
329 596 399 636 13.
434 592 508 634 ’Ἑν
526 610 602 635 τινι
631 595 757 649 κρίσει
792 593 1059 647 λυπηθέντα]
1103 595 1170 632 Lis
1197 602 1279 633 erat
1298 595 1519 632 Parsondae

78 665 165 690 cum
182 651 362 698 Nanaro,
385 650 686 701 Babyloniorum
701 653 859 702 regulo,
888 652 936 688 ob
965 653 1190 703 insignitam
1212 654 1414 699 iniuriam⁷
1443 664 1519 701 qua

75 707 272 759 Babylone
292 708 464 745 adfectus
484 715 582 745 erat:
607 721 678 745 rex
699 716 830 758 captus
862 708 1028 755 arbiter,
1058 715 1095 744 et
1115 722 1137 745 a
1156 708 1423 758 Metrapherne
1451 721 1517 745 eu-

74 764 225 812 nucho,
250 778 361 814 quem
377 764 554 801 Nanarus
574 767 723 815 ingenti
744 767 865 814 pretio
895 765 968 801 sibi
987 766 1235 811 conciliarat,
1263 772 1517 815 expugnatuS‚

74 823 183 858 litem
203 821 359 857 dederat
380 820 589 858 secundum
609 821 816 857 Nauarum.
855 819 1094 868 Parsondas,
1123 821 1298 858 vindicta
1328 821 1373 857 (le
1395 833 1515 857 eunu-

74 876 146 914 cho
169 883 207 914 et
233 875 390 914 Nanaro
420 884 589 926 sumpta,
623 878 669 914 ab
694 878 834 913 Artaeo
856 876 1042 924 descivit,
1073 883 1111 913 et
1132 877 1296 923 bellum,
1326 877 1427 926 quod
1450 875 1513 913 hic

74 933 327 979 describitur,
354 934 486 969 movit.
526 932 719 970 Diseimus
747 932 839 969 haee
864 945 911 968 ex
941 933 1065 972 Nicol.
1093 932 1346 980 Damascen.,
1378 935 1444 981 qui
1467 932 1513 968 de

72 988 293 1027 Parsondae
312 990 455 1025 iniuria
475 996 513 1025 et
536 991 603 1026 lite
625 989 843 1040 diligenter,
859 988 1179 1038 Excerpt.Vales.
1193 1003 1228 1038 p.
1242 989 1466 1029 lma—43
1475 990 1515 1028 7.

72 1045 207 1082 Wess.

186 1099 291 1141 146.
322 1099 391 1140 15.
423 1098 534 1153 Hap'
562 1096 622 1146 οἷς
649 1093 700 1152 ἧν
724 1097 1012 1152 ἐκδεχόμενος]
1053 1098 1242 1138 Reducito
1273 1114 1321 1137 ex
1342 1102 1515 1152 margine

69 1154 354 1207 ἐκδεδομένος,
380 1155 482 1193 haud
512 1157 624 1193 dubie
654 1151 832 1209 γνήσιον.
877 1156 1012 1194 Rnon.

184 1213 286 1252 147.
316 1213 390 1252 21.
431 1209 552 1264 Πρὸς
580 1214 666 1258 ταῖς
687 1213 742 1258 εἷς
765 1210 839 1263 τὴν
858 1209 1003 1264 χώραν
1029 1210 1264 1263 εἷσβολαῖς]
1312 1212 1512 1250 Sermonis

67 1270 205 1320 genius
233 1268 273 1305 id
298 1270 479 1316 requirit:
509 1276 620 1317 atque
643 1270 696 1306 ita
725 1283 756 1306 c.
784 1272 826 1309 2.
862 1269 918 1314 εἷς
945 1267 996 1320 ’ἣν
1030 1268 1130 1307 εἰσὶν
1159 1268 1342 1318 &astaci
1375 1268 1513 1307 στεναὶ

67 1326 290 1370 παντελῶς.
319 1324 504 1362 Herodot.
526 1324 573 1362 ΙΙ.
595 1326 667 1364 75.
696 1323 861 1377 εἰσβολὴ
884 1325 926 1372 ἐξ
947 1322 1102 1378 οὐρέων
1122 1327 1289 1363 στεινῶν
1311 1324 1350 1370 ἐς
1372 1323 1511 1363 πεδίον

65 1379 183 1433 μέγα.
215 1388 254 1417 et
273 1383 355 1418 sine
375 1381 452 1418 fine
471 1382 549 1419 alii.
578 1380 670 1419 Mox
695 1378 1024 1435 στρατεύσαντος
1044 1383 1163 1418 simili
1180 1394 1228 1417 ex
1246 1395 1380 1418 caussa
1401 1393 1511 1429 prae-

68 1439 153 1474 tuli.
189 1437 329 1474 Wssss.

182 1493 286 1533 147.
325 1494 400 1534 31.
445 1489 825 1546 Παραιτησάμειόν
857 1491 931 1533 τὸν
961 1489 1281 1543 διαδεχόμενον]
1322 1492 1408 1530 Etsi
1435 1492 1508 1530 hoc

67 1560 147 1585 non
182 1560 337 1597 prorsus
366 1550 582 1600 inprobem:
631 1551 755 1586 simile
795 1553 897 1587 enim
927 1549 1174 1598 Aristophan.
1204 1548 1332 1598 Equit.
1362 1563 1401 1587 v.
1435 1550 1508 1588 37.

64 1600 109 1642 (ἓν
139 1602 180 1642 δ’
215 1602 365 1650 αὐτοὺς
398 1601 769 1657 παραιτησώμεθα·
797 1606 949 1643 videtur
977 1613 1103 1642 tamen
1132 1601 1509 1657 παραστησάμενον

67 1658 185 1696 Codd.
208 1662 370 1697 aliorum
390 1661 491 1699 haud
520 1664 815 1708 inconcinnum,
843 1669 885 1698 ut
910 1661 1124 1698 Parsondes
1153 1675 1434 1708 successorem,
1466 1663 1508 1697 in

63 1717 231 1753 medium
253 1717 479 1766 productum
509 1725 547 1754 et
566 1719 677 1754 lateri
705 1718 944 1767 adpositum,
973 1717 1069 1754 diris
1094 1718 1288 1770 illigasse,
1316 1720 1350 1754 si
1379 1729 1508 1764 pacem

66 1785 152 1810 eum
173 1772 297 1809 Medis
315 1775 480 1820 coleret,
509 1773 761 1824 significetur.
792 1774 925 1810 'wass

179 1829 282 1869 147.
315 1830 390 1869 40.
425 1825 704 1881 Ἀστιβάραν]
745 1829 907 1866 Rectum
935 1829 1005 1866 hoc
1032 1842 1139 1877 esse,
1178 1831 1376 1878 sequentia
1404 1829 1508 1865 indi-

65 1891 155 1922 cant
178 1891 218 1922 et
235 1885 321 1922 Nic.
342 1885 569 1924 Damasceu.
588 1886 768 1935 Excerpt.
789 1887 915 1923 Vales.
937 1899 971 1934 p.
992 1886 1120 1932 438.;
1151 1883 1357 1935 Syncellus
1377 1892 1415 1921 et
1428 1884 1507 1921 Eu-

63 1941 191 1978 sebius
209 1940 310 1979 hunc
331 1949 369 1978 et
397 1943 636 1979 decessorem
654 1945 735 1978 eius
756 1945 856 1978 inter
876 1941 1008 1978 Medos
1029 1955 1138 1992 reges
1168 1955 1246 1977 non
1267 1947 1506 1992 agnoscunt3

61 1995 178 2034 habet
203 2004 331 2036 autem
357 1998 576 2035 Alexander
596 1997 839 2048 Polyhistor,
867 2012 889 2035 a
919 1997 1298 2034 Nabuchodonosoro
1329 1997 1419 2033 belli
1444 2009 1506 2032 so-

63 2055 165 2090 cium
181 2061 315 2092 eontra
331 2053 707 2104 Hierosolymitanos
739 2055 928 2092 adscitum
950 2060 1168 2091 memoraris
1195 2055 1237 2090 in
1256 2052 1414 2092 Eusebii
1432 2051 1503 2089 lX.

62 2108 196 2159 Praep.
224 2109 375 2161 Evang.
406 2124 438 2147 e.
463 2111 536 2150 39.
566 2110 700 2147 Wssss.

178 2167 283 2206 147.
307 2167 382 2206 44.
418 2164 501 2205 'En’
533 2164 603 2218 ἔτη
637 2163 792 2217 πλείω]
843 2164 901 2202 De
934 2166 1049 2213 belli,
1079 2165 1180 2214 quod
1208 2167 1351 2202 rescire
1381 2166 1506 2214 potui,

64 2220 313 2260 diuturnitate
335 2222 432 2260 nihil
450 2224 517 2260 alii
540 2228 817 2268 narraverunt3
849 2233 972 2270 neque
992 2222 1088 2259 adeo
1110 2223 1314 2258 decernere
1336 2234 1504 2269 possum,

63 2277 156 2324 quid
175 2278 293 2316 tribui
315 2286 487 2329 oporteat
505 2280 583 2316 illis
610 2279 735 2324 libris,
767 2280 831 2325 qui
854 2275 910 2316 ἐπ’
935 2275 1005 2330 ἔτη
1027 2274 1101 2318 δύο
1123 2279 1358 2327 praeferunt.
1387 2276 1504 2314 Brevi

63 2339 150 2382 post
172 2331 265 2384 παρ’
297 2332 544 2387 ἀμφοτέροις
573 2336 776 2384 perplacet.
804 2333 938 2372 W'Ess.

182 2391 284 2429 147·
315 2392 390 2431 46.
419 2388 506 2429 Ἐπὶ
530 2390 666 2430 τοῖσὸε
699 2388 963 2441 ormino-ac]
997 2390 1076 2428 His
1096 2390 1256 2439 legibus.
1284 2389 1502 2440 Thucydid.

63 2443 167 2483 Vffl.
197 2447 266 2486 18.
302 2445 364 2484 ἐπὶ
393 2445 529 2486 τοῖσὸέ
561 2445 796 2496 ξυμμαχίαν
824 2442 1083 2497 ἐποιήσαντο.
1121 2447 1187 2483 ubi
1215 2448 1323 2494 plura
1346 2445 1500 2483 Clariss.

63 2498 234 2548 Duker.;
256 2503 343 2539 vide
363 2509 401 2539 et
421 2515 534 2551 supra
558 2517 589 2540 c.
603 2503 677 2541 24.
702 2501 783 2538 Pax
803 2509 927 2538 autem
940 2502 1058 2540 Sacas
1080 2506 1181 2539 inter
1200 2510 1237 2538 et
1247 2502 1378 2539 Medos
1399 2504 1503 2547 coiit⁷

64 2563 265 2606 postquam
279 2557 563 2610 Stryangaeus‚
592 2559 792 2595 Astibarae
812 2571 951 2608 gener,
978 2559 1162 2596 Zarinam
1183 2561 1324 2596 victam
1348 2564 1385 2594 et
1406 2570 1502 2607 equo

65 2613 272 2659 deiectam,
310 2621 440 2663 captus
469 2616 548 2665 ipsc
585 2628 734 2659 amore,
771 2613 989 2662 dimiserat,
1026 2621 1070 2652 ut
1098 2627 1146 2651 ex
1174 2613 1365 2664 Dionysio
1394 2612 1506 2649 Hali·-

66 2681 170 2706 carn.
195 2676 233 2706 et
251 2668 306 2709 Io.
330 2669 474 2708 Tzetze
501 2670 670 2708 ostendit
697 2669 747 2708 H.
766 2670 892 2708 Vales.
913 2671 960 2708 ad
981 2670 1066 2709 Nic.
1089 2669 1317 2708 Damaseen.
1337 2684 1372 2719 p.
1397 2669 1504 2709 438·

67 2724 202 2765 wizss.
