1828 3253
297 205 392 245 272
759 202 1279 245 ANNOTATIONES

299 325 412 365 atque
433 314 662 364 explicanda
685 328 733 354 ex
760 315 929 354 Arabum
952 318 1114 366 ritibus,
1142 327 1230 355 ante
1253 317 1518 357 Muhamedem
1546 319 1745 358 observari

302 376 440 416 solitis,
464 373 510 409 de
525 374 661 422 quibus
680 373 754 412 Ed.
774 373 990 410 Pocockius
1003 373 1167 423 Specim.
1189 374 1289 411 Hist.
1302 375 1417 412 Arab.
1438 389 1472 425 p.
1486 377 1590 415 311.
1609 376 1742 413 YVEss.

413 431 520 468 210-
552 430 623 468 89.
667 427 726 468 Τὸ
762 428 889 469 ποτὸν
920 432 1131 467 rectissime
1159 442 1313 478 omnes3
1343 432 1532 480 quomodo
1560 431 1678 469 Cebes
1707 446 1743 481 p.

302 486 374 524 10.
416 485 572 523 Lucian.
595 485 623 523 I.
646 485 691 524 V.
714 485 764 523 H.
783 488 858 526 23.
880 490 1093 535 passimque
1112 489 1194 526 alii.
1224 486 1310 524 vid.
1330 487 1505 524 Eustath.
1526 490 1567 524 in
1585 487 1741 525 Homer.

298 554 335 590 p.
364 542 464 581 137.
506 541 645 578 WEss.

412 599 517 637 210.
550 600 587 637 1.
640 593 811 644 Κόλπος
841 597 1106 649 Λαιανίτης]
1161 597 1228 636 Sic
1259 611 1306 635 ex
1341 601 1518 650 vestigiis
1550 600 1739 637 variantis

298 655 506 702 scripturae
538 656 579 690 in
600 657 763 691 vetustis
782 653 899 692 Codd.
927 655 1088 702 refinxi,
1117 662 1154 691 et
1173 655 1477 706 Agatharchide,
1505 657 1567 692 cui
1589 652 1741 702 κόλπος

295 708 553 760 Λαιανίτης,
594 713 709 747 sicuti
736 712 887 747 accolae
914 711 1265 750 AAIANITAI
1292 711 1511 748 Ptolemaeo
1545 711 1586 748 L.
1608 711 1671 750 Vl.
1703 726 1739 761 p.

305 767 421 812 177.,
453 765 686 816 suffragante
708 766 763 803 Cl.
786 766 975 804 Salmasio
994 770 1034 804 in
1055 767 1178 805 Solin.
1211 780 1245 817 p.
1262 768 1366 807 346.
1399 767 1514 805 Sinui
1534 768 1742 804 accubabat

299 822 392 858 urbs
422 822 520 859 Aela
557 820 656 861 abu<
686 825 768 859 sive
805 823 952 860 Aelatlt
981 820 1101 870 rub-s,
1130 823 1231 860 unde
1255 826 1385 861 verius
1406 837 1544 861 nomen
1569 826 1651 861 eius
1679 825 1741 861 fo-

295 885 357 914 ret
376 877 605 929 Αἷλανίτης
625 885 691 915 aut
707 876 929 930 Ἐλανίτης,
959 887 1002 916 ut
1020 879 1172 916 Strabo.
1201 879 1477 929 Discreparunt
1498 886 1624 917 autem
1644 883 1740 917 mire

296 936 339 970 in
360 937 440 971 eius
471 940 509 969 et
529 948 623 971 sono
649 940 687 970 et
716 937 916 982 scriptura.
967 936 1118 972 Plinius
1138 935 1202 972 Vl.
1224 938 1298 976 28.
1338 936 1457 973 Sinas
1489 938 1670 982 intimus,
1699 938 1740 973 in

297 1003 372 1040 quo
398 990 613 1038 Leanitae,
645 992 714 1040 qui
736 1004 872 1028 nomen
904 993 942 1029 ei
965 993 1120 1029 dedere.
1152 992 1283 1041 Regia
1306 1005 1439 1029 eorum
1465 992 1601 1041 Agra,
1630 999 1671 1029 et
1698 995 1739 1029 in

295 1049 383 1084 sina
406 1046 593 1093 Laeana,
626 1047 709 1092 vel,
737 1054 783 1083 ut
800 1048 895 1093 alii,
924 1047 1092 1085 Aelana.
1129 1047 1231 1085 Nam
1253 1055 1293 1085 et
1312 1050 1434 1100 ipsam
1464 1050 1588 1085 sinam
1609 1050 1743 1085 nostri

295 1104 561 1140 Aelaniticum
592 1105 813 1153 scripsere,
843 1105 918 1141 alii
942 1104 1236 1151 flammicam,
1264 1105 1540 1142 Artemidorus
1571 1105 1742 1142 Alem'ti-

295 1174 402 1205 cum,
431 1159 532 1196 Iuba
562 1159 851 1197 Laeaniticum.
890 1159 967 1197 Sed
996 1163 1196 1198 inmerito:
1226 1161 1381 1198 duravit
1408 1163 1495 1198 urbi
1527 1174 1668 1197 nomen
1696 1163 1738 1198 in

294 1229 417 1252 seram
437 1222 612 1252 aetatem.
643 1214 870 1266 Hieronym.
902 1215 960 1252 De
982 1216 1071 1254 Loc.
1092 1216 1198 1253 Sacr.
1229 1217 1351 1255 Sedet
1371 1217 1425 1254 ibi
1442 1218 1544 1267 legio
1555 1218 1739 1255 Romana

294 1279 546 1321 cognomento
581 1273 759 1309 decima:
789 1274 877 1309 olim
907 1273 1062 1323 quidem
1083 1273 1221 1324 Αἰῖαίξι
1238 1286 1263 1310 a
1292 1274 1491 1310 veteribus
1519 1274 1739 1320 dicebatur,

292 1343 395 1366 nunc
414 1341 507 1365 vero
529 1329 760 1379 adpellatur
774 1329 877 1366 Aila.
901 1330 932 1365 A
953 1341 1027 1377 quo
1048 1328 1147 1366 nihil
1165 1329 1325 1366 dissidet
1341 1330 1463 1367 Notit.
1484 1330 1736 1379 lmp.Orient.

291 1398 328 1434 p.
350 1386 457 1424 217.
492 1397 578 1421 cum
599 1384 645 1420 G.
664 1384 860 1422 Panciroli
883 1391 987 1422 nota.
1016 1385 1150 1422 VVESS.

402 1442 509 1480 210.
532 1441 575 1480 4.
608 1435 694 1479 Τόν
715 1455 757 1480 τε
778 1438 881 1480 λαὸν
902 1437 1128 1493 ἀμύθητον
1148 1437 1328 1492 ἔχοντες]
1357 1440 1444 1479 Vid.
1466 1440 1507 1478 L.
1527 1439 1641 1479 XIX.
1663 1441 1737 1482 94.

288 1497 424 1535 WEss.

403 1554 509 1593 210.
543 1554 613 1594 11.
646 1554 742 1593 Τῶν
775 1551 817 1592 ἓν
844 1555 901 1608 τῷ
924 1548 1079 1607 Πόντῳ
1113 1546 1321 1605 Ταύρων]
1371 1551 1543 1602 Tauros,
1578 1551 1737 1604 Scythi-

290 1623 374 1646 cam
390 1617 567 1660 gentem,
597 1623 756 1661 peregre
779 1610 1030 1647 advenientes
1052 1609 1099 1646 ad
1129 1607 1276 1645 Dianae
1298 1606 1404 1646 aram
1433 1611 1619 1647 inmolare
1642 1612 1735 1649 olim

287 1666 467 1703 adsuetos
485 1667 605 1702 fuisse
638 1666 812 1716 Euripid.
845 1666 965 1717 lphig.
999 1665 1115 1702 Taur.
1146 1679 1246 1702 verS.
1271 1665 1343 1704 39.
1369 1673 1481 1714 atque
1511 1668 1579 1703 alii
1603 1666 1734 1715 prodi-

288 1723 440 1760 derunt.
482 1721 557 1758 Hic
577 1725 750 1773 tangitur
781 1722 990 1759 inhumana
1021 1735 1152 1758 eorum
1175 1721 1403 1769 crudelitas,
1432 1734 1506 1770 qua
1534 1725 1733 1772 piraticam

287 1784 508 1815 exercentes
528 1781 566 1815 in
589 1786 718 1829 captos
738 1780 1032 1829 grassabantur:
1064 1778 1164 1826 quod
1189 1790 1319 1814 eorum
1349 1781 1571 1815 institutum
1589 1792 1732 1815 memo-

285 1842 347 1871 rat
368 1834 506 1871 Strabo
530 1834 611 1871 VH.
643 1847 678 1883 p.
697 1836 804 1875 474.
818 1863 829 1883 ‚
858 1836 1176 1884 sectabanturque
1195 1833 1393 1881 Nabataei,
1420 1837 1479 1872 uti
1498 1835 1630 1872 docuit
1649 1835 1731 1872 No-

286 1897 365 1927 ster
384 1890 431 1927 11.
455 1893 529 1931 48.
565 1891 698 1928 Wssss.

398 1949 503 1987 210.
551 1949 622 1987 12.
661 1943 766 1986 εΥπὸ
810 1948 1073 2000 τετριηρικῶν
1115 1945 1315 1998 σκαφῶν]
1359 1945 1644 1995 Amputandum
1672 1961 1728 1986 τε.

282 2002 418 2040 RHOD.
462 1999 566 2042 ‘an
597 2005 815 2057 τριηρικῶν
846 2001 1049 2056 σκαφῶν]
1101 2000 1195 2038 Rem
1223 2003 1341 2038 refert
1373 2001 1514 2040 Strabo
1544 2002 1649 2040 XVI.
1690 2015 1726 2051 p.

287 2061 424 2100 1123.
450 2059 518 2106 A.,
548 2060 614 2096 sed
640 2059 739 2096 nihil
760 2060 806 2096 de
826 2062 983 2096 navium
1011 2058 1258 2105 amplitudine
1292 2066 1329 2094 et
1349 2072 1502 2109 genere.
1539 2059 1728 2108 Equidem

282 2115 471 2152 Rhodom.
499 2118 742 2166 τριηρικῶν,
781 2115 1049 2152 addicentibus
1077 2113 1219 2160 Codd.,
1253 2116 1388 2164 cupide
1417 2116 1574 2164 recipio.
1624 2118 1728 2160 Qua-

283 2173 467 2208 driremes
497 2174 532 2208 si
560 2173 767 2219 voluisset,
799 2173 1048 2225 τετρηρικῶν
1081 2178 1312 2218 oportuerat.
1357 2171 1448 2208 vid.
1473 2184 1587 2221 supra
1614 2172 1661 2208 ll.
1686 2173 1726 2212 5.

282 2228 422 2266 WEss.

394 2285 500 2323 210.
535 2284 605 2323 16.
642 2279 869 2336 Ἄγρωστιν
898 2280 965 2322 καὶ
993 2279 1197 2334 μηδικὴν]
1235 2281 1379 2319 Eadem
1408 2281 1725 2333 Agatharchides,

283 2342 349 2388 qui
380 2354 414 2389 p.
437 2341 508 2378 58.
541 2338 832 2389 Βυθημανέων
862 2341 903 2376 in
923 2342 1026 2390 agris
1045 2340 1137 2376 haec
1167 2341 1372 2387 provenire
1395 2347 1601 2386 memorat3
1628 2353 1722 2389 quos

281 2396 435 2445 quidem
457 2395 804 2444 Bythemanenses,
833 2396 1004 2432 detracta
1025 2398 1150 2443 priore
1173 2396 1333 2445 syllaba,
1357 2395 1397 2432 S.
1420 2395 1596 2432 Bochart.
1617 2395 1659 2431 Ρ.
1672 2396 1721 2433 11.

278 2453 437 2489 Hieroz·
469 2451 534 2487 lll-
570 2453 640 2491 10.
673 2465 708 2500 p.
742 2453 845 2492 825.
889 2452 1168 2498 Themanztas,
1206 2449 1457 2502 Θημανὲων,
1501 2465 1585 2488 cum
1612 2453 1720 2499 facit,

279 2508 380 2545 haud
400 2508 492 2553 scio,
511 2519 560 2543 an
581 2508 795 2555 sequendus
816 2510 882 2545 sit:
916 2508 1115 2547 &EMOI
1140 2510 1222 2545 sive
1250 2506 1484 2547 &AIMOI
1506 2508 1718 2546 Ptolemaei

277 2565 344 2604 VI.
376 2578 410 2613 p.
441 2565 542 2603 177.
570 2576 648 2600 non
670 2566 737 2601 alii
767 2564 958 2601 videntur.
989 2564 1123 2601 Wnss.

385 2621 492 2659 211.
521 2620 595 2660 25.
643 2617 727 2658 Διὰ
749 2617 795 2658 τὸ
826 2618 901 2671 τὴν
927 2616 1060 2674 φύσιν
1078 2615 1133 2666 ὡς
1163 2616 1309 2657 ἐπίπαν
1332 2617 1428 2670 etc.]
1463 2617 1578 2656 Haud
1601 2620 1716 2657 dissi-

273 2677 403 2712 milem
432 2677 739 2713 observationem
759 2676 924 2713 adstruit
952 2689 1119 2713 summae
1153 2675 1387 2712 Sabaeorum
1418 2676 1596 2713 felicitati
1623 2676 1716 2712 infr.

272 2746 306 2770 c.
327 2733 403 2772 46.
442 2732 577 2769 WEss.

384 2790 490 2828 211.
515 2789 588 2827 32.
628 2785 953 2839 Δυσὸιεξίτητον
972 2784 1049 2839 ἔχει
1069 2784 1115 2827 τὸ
1143 2781 1304 2837 στόμα]
1340 2786 1479 2824 Strabo
1499 2785 1713 2837 δυσείσβο-

272 2844 346 2882 λον
374 2841 511 2895 στόμα
539 2845 598 2881 illi
628 2845 763 2881 tribuit
782 2843 824 2880 L.
854 2844 961 2882 XVI.
990 2858 1029 2894 p.
1066 2846 1200 2885 1123.
1227 2842 1294 2890 B.,
1325 2844 1427 2893 quod
1453 2843 1554 2880 idem
1584 2845 1709 2891 plane.
