1828 3253
446 189 507 229 IN
549 188 658 229 Lm.
691 189 734 227 V.
765 187 894 227 CAP.
941 189 1162 229 13.—16.
1441 190 1536 231 417

194 301 298 342 342.
330 301 405 343 25.
442 298 701 354 ’ᾼξιολόγοις
725 297 920 352 δυνάμεσι
943 299 1004 340 St.
1026 313 1076 338 m.
1098 300 1255 351 aliique,
1283 301 1384 351 quod
1396 302 1530 353 probo.

80 355 177 395 Vide
198 365 324 395 tamen
347 371 448 407 supr.
469 358 532 395 IV.
554 361 629 399 66.
666 358 800 396 Wnss.

192 415 298 455 342.
322 415 396 454 29.
420 411 664 468 Ἀχείρωτοι
685 412 859 467 πολεμίᾳ
882 407 1050 462 δυνάμει
1075 409 1302 463 διέμειναν]
1327 412 1415 452 Nisi
1431 414 1525 453 haec

79 473 270 519 acceperis
291 471 337 507 de
357 469 513 517 Sardis,
545 475 611 520 qui
632 474 809 509 miseram
840 472 878 506 in
904 470 1096 506 montanis
1116 469 1265 506 insulae
1288 470 1382 508 locis
1403 473 1523 510 vitam

79 528 265 576 agebant,
293 527 353 563 uti
383 530 557 574 superius
577 526 619 564 L.
643 527 706 564 IV.
728 528 800 567 30.
832 526 1044 562 indicatum
1074 525 1170 570 fuit,
1198 525 1297 562 falsa
1324 533 1362 562 et
1382 524 1523 565 Roma-

77 594 215 620 norum
232 585 488 620 monumentis
501 586 694 622 contraria
715 589 838 620 erunt.
865 581 1046 618 Sardinia
1064 583 1196 631 iugum
1210 583 1369 619 victoris
1390 585 1523 631 populi

78 639 216 686 subiit,
245 651 316 676 nec
334 638 532 676 desierunt
551 647 676 677 tamen
697 640 940 677 mastrucuii
959 638 1199 682 latrunculi,
1229 644 1271 673 ut
1294 650 1358 673 eos
1385 638 1520 677 Cicero

76 693 122 730 de
145 694 258 733 Prov.
280 693 392 731 Cons.
414 708 446 731 c.
462 697 502 734 7.
534 702 660 742 vocat,
687 697 753 745 qui
772 709 821 732 ex
840 695 1033 732 montibus
1055 695 1200 743 egressi
1225 693 1340 731 obvia
1361 698 1518 742 quaevis

75 751 240 800 agebant
268 757 305 787 et
332 751 507 788 ferebant
537 753 637 800 apud
669 750 850 789 Strabon.
880 751 926 790 V.
958 764 993 799 p.
1023 750 1127 789 344.
1170 748 1350 786 Tiberius
1383 749 1519 788 horum

76 805 303 844 latrociniis
323 809 552 845 coercendis
575 815 737 856 quatuor
749 810 869 845 millia
887 807 1112 844 Iudaeorum
1131 806 1174 844 in
1193 807 1362 843 insulam
1381 806 1521 856 depor-

73 865 193 909 tavit,
221 869 264 899 ut
285 870 416 899 notum
447 877 495 900 ex
515 863 644 902 Taciti
664 863 766 903 Ann.
791 865 838 902 II.
864 865 935 903 85.
966 863 1100 900 Wess.

188 919 293 959 342.
319 920 394 960 41.
439 917 745 971 Ὀνομαζομένη
775 916 1026 972 Hui-ovea]
1063 917 1172 956 Duae
1202 924 1311 955 erant
1337 920 1519 957 conmuni

72 971 145 1010 hoc
173 978 350 1023 nomine,
380 988 537 1024 quarum
564 979 684 1014 altera
704 976 878 1022 Ebusus,
910 977 1030 1012 altera
1062 973 1255 1024 Ophiusa,
1283 972 1424 1012 Strabo
1444 973 1515 1014 111.

71 1041 106 1078 p-
130 1031 237 1070 254.
283 1031 333 1068 At
363 1032 513 1069 Plinius
536 1033 578 1070 L.
609 1033 676 1072 III.
716 1034 754 1072 5.
798 1032 1096 1078 calabrariam,
1128 1041 1224 1078 quae
1257 1029 1461 1080 Ophiusa,
1491 1043 1516 1068 a

69 1084 242 1135 Pityusis
265 1087 491 1139 distinguit,
513 1102 590 1126 non
619 1091 712 1126 satis
735 1101 783 1126 ex
801 1102 907 1126 vero.
946 1087 1047 1125 Mela
1067 1093 1238 1124 extremo
1268 1086 1309 1123 L.
1331 1085 1378 1123 11.
1398 1099 1517 1125 unam

69 1143 180 1190 ponit
198 1142 390 1191 Ebusum,
419 1158 441 1182 a
460 1144 633 1182 Diodoro
654 1158 732 1182 non
753 1145 955 1182 admodum
979 1144 1222 1181 dissentiens.
1249 1141 1383 1180 WESS.

184 1200 290 1239 343.
333 1201 404 1240 52.
451 1197 587 1240 Πόλιν
621 1198 697 1251 ἕξει
734 1222 782 1229 ·-
814 1197 1013 1252 ’‘Epecov]
1067 1199 1219 1238 Ebusus
1256 1204 1322 1235 aut
1362 1197 1515 1237 Ebesus

69 1255 244 1292 omnibus
268 1257 357 1293 aliis
373 1257 492 1294 audit.
522 1259 647 1301 Quare
668 1257 717 1294 Is.
736 1256 983 1294 casaubonus
1004 1258 1044 1292 in
1065 1254 1247 1292 Strabon.
1267 1254 1333 1294 III.
1356 1256 1513 1302 p.254.

67 1316 108 1348 et
134 1308 189 1348 Cl.
213 1309 426 1350 Salmasius
455 1316 496 1350 in
523 1314 649 1350 Solin.
677 1325 713 1361 p.
747 1314 852 1353 198.
883 1312 1013 1350 mendi
1045 1312 1145 1348 hunc
1174 1313 1301 1348 locum
1331 1318 1512 1361 arguunt,

64 1367 326 1406 intercedente
349 1368 391 1408 S.
414 1368 604 1408 Bocharto
624 1369 666 1407 L.
690 1369 718 1407 Ι.
742 1369 898 1419 Phaleg.
921 1382 952 1404 c..
967 1368 1039 1406 35.
1073 1364 1348 1419 ΡνοἼΞρεο-ον,
1372 1369 1513 1417 inquit,

54 1423 243 1474 plerique
260 1422 465 1475 ’Έβουσον
493 1426 664 1463 rescribi
690 1427 836 1463 volunt.
875 1425 958 1463 Sed
976 1431 1127 1461 rectum
1159 1430 1220 1460 est
1237 1420 1439 1475 '‘E9wov‚
1470 1424 1515 1462 id

69 1485 129 1516 est
149 1490 215 1527 rm
244 1480 356 1518 Erez.
408 1483 536 1533 Atque
567 1484 610 1520 id
633 1489 735 1534 puto
766 1482 904 1529 fuisse
938 1489 1018 1518 tum
1051 1481 1205 1518 insulae
1246 1492 1361 1530 quam
1400 1478 1511 1517 urbis

66 1536 181 1574 aliud
198 1549 334 1574 nomen
354 1537 622 1586 Phoenicium,
649 1540 754 1589 quod
776 1539 932 1577 Graeco
958 1537 1148 1587 Pityussae
1169 1538 1322 1573 nomine
1347 1548 1511 1586 respon-

67 1592 184 1631 derit.
221 1592 324 1631 Num
353 1607 372 1632 e
403 1596 552 1635 duabus
580 1596 757 1645 Pityusis
786 1606 888 1646 quae
917 1596 1047 1631 maior
1070 1599 1153 1639 est,
1181 1593 1225 1630 id
1253 1598 1315 1630 est
1341 1591 1510 1638 Ebusus,

65 1646 230 1698 Pityusa
258 1646 344 1688 κατ’
376 1648 520 1702 ἐξοχὴν
548 1658 718 1690 vocatur
747 1665 773 1689 a
804 1651 939 1697 Livio,
967 1649 1172 1695 Diodoro,
1211 1647 1433 1686 Plutarcho
1471 1654 1515 1685 et

64 1701 318 1743 Dioscorida
360 1706 495 1757 Neque
515 1707 683 1755 fuctum
715 1714 777 1745 est
802 1720 939 1745 nomeu
965 1721 990 1743 (ι
1020 1706 1161 1742 frutice
1190 1707 1328 1753 pineo,
1365 1705 1408 1742 id
1434 1710 1508 1751 est,

69 1759 358 1813 Chamaepety,
383 1766 486 1800 utin
516 1764 672 1812 Plinio,
698 1765 770 1802 sed
787 1777 813 1800 (ι
845 1765 957 1813 sylva
980 1763 1113 1811 pinea,
1142 1767 1189 1800 ut
1214 1763 1255 1798 in
1277 1760 1506 1808 Marciano,

62 1817 128 1854 vel
147 1813 227 1856 ἀπὸ
256 1820 331 1857 τοῦ
359 1815 550 1870 πλήθους
577 1822 661 1859 τῶν
684 1818 726 1858 ἓν
755 1817 860 1872 αὐτῇ
885 1816 1102 1871 φυομένων
1131 1811 1308 1862 πιτύων,
1347 1829 1369 1852 a
1395 1818 1507 1864 copia

61 1874 261 1923 pinorum,
290 1885 386 1922 quae
415 1878 457 1913 in
491 1890 534 1914 ea
565 1883 799 1922 nascuntur,
836 1882 882 1912 ut
909 1877 948 1912 in
982 1873 1161 1911 Diodoro
1191 1871 1374 1911 habetur.
1423 1872 1507 1911 Res

61 1929 178 1966 clara
210 1943 260 1967 ex
278 1929 537 1980 Dioscoride,
566 1934 636 1984 qui
662 1934 708 1971 de
736 1933 882 1970 resinis
905 1932 1041 1982 pineis
1067 1932 1127 1966 itu
1156 1928 1278 1966 habet
1301 1927 1344 1966 L.
1368 1927 1404 1967 I.
1431 1929 1506 1968 92.

61 1984 296 2036 κομίζονται
327 1985 372 2026 δὲ
406 1985 598 2042 διάφοροι
627 1986 670 2027 ἐκ
697 1983 939 2038 Πιτυούσης
965 1988 1039 2037 τῆς
1069 1981 1221 2037 νήσου,
1257 1980 1346 2035 ἣτις
1375 1988 1504 2023 κεῖται

61 2039 170 2080 κατὰ
197 2039 274 2094 τὴν
305 2037 538 2083 Ἱσπανίαν.
582 2046 931 2094 praestantissimae
963 2048 1090 2079 autem
1123 2040 1346 2077 afferuntur
1367 2052 1415 2077 ex
1443 2042 1505 2077 in-

62 2098 148 2134 sula
165 2096 341 2148 Pityusa,
371 2111 465 2148 quae
483 2101 694 2151 Hispaniae
714 2101 874 2138 obiacet.
916 2099 1045 2137 Porro
1077 2098 1120 2135 id
1146 2099 1270 2147 ipsum
1299 2103 1417 2134 sonat
1436 2107 1504 2146 ³³&

59 2150 160 2190 Erez
185 2157 294 2206 apud
316 2154 542 2195 Phoenices.
578 2157 776 2194 Hactenus
808 2154 1040 2192 Bochartus:
1068 2154 1176 2190 euius
1205 2154 1334 2201 opinio
1368 2166 1390 2189 a
1410 2165 1503 2190 vero

61 2211 235 2258 proxime
264 2211 438 2262 abesset,
475 2217 508 2251 si
540 2213 663 2251 Ebusi
695 2225 835 2250 nomen
865 2212 911 2249 ab
945 2217 1100 2248 auctore
1128 2208 1351 2246 adiunctum
1389 2209 1503 2246 foret.

61 2262 144 2303 lam
163 2279 255 2303 vero
276 2280 410 2306 caussa
430 2272 606 2320 exputari
634 2282 711 2306 non
732 2275 870 2318 potest,
895 2280 962 2305 cur
979 2266 1160 2310 Eremm,
1188 2265 1337 2301 insulae
1356 2265 1503 2311 urbem,

59 2317 208 2359 Punico
230 2325 383 2361 nomine
404 2325 606 2377 designare
626 2327 814 2371 voluerit,
841 2325 1016 2374 neglecto
1048 2324 1198 2358 notiore
1216 2320 1340 2359 Ebusi
1357 2333 1502 2370 cogno-

58 2378 174 2414 mine.
196 2376 325 2427 Itaque
342 2382 384 2418 in
402 2383 559 2420 alteram
574 2388 719 2430 partem
737 2382 895 2430 pronior
910 2393 1003 2416 sum.
1034 2377 1203 2415 Ebusum
1226 2378 1291 2414 alii
1304 2373 1501 2426 ’'Essfflov,

59 2439 104 2469 ut
122 2430 198 2469 Dio
220 2432 372 2474 Cassius
401 2436 444 2475 L.
466 2437 606 2475 XLIII.
636 2450 672 2487 p.
694 2439 802 2479 258.
833 2434 901 2483 B.,
932 2434 1224 2484 nuncupabant:
1252 2432 1342 2470 inde
1372 2433 1501 2471 facilis

58 2487 265 2526 descensus
287 2498 346 2528 est
374 2493 423 2530 ad
439 2490 631 2547 ”Ερεσον.
663 2494 797 2531 VVEss.

171 2545 277 2585 343.
315 2547 386 2587 57.
404 2545 605 2601 ‘'Yorepov
623 2548 751 2589 ἔτεσιν
774 2543 920 2586 ἑκατὸν
940 2540 1138 2596 ἑξήκοντα
1159 2540 1257 2595 etc.]
1293 2541 1383 2581 Non
1405 2545 1499 2580 satis

57 2606 235 2648 constat,
264 2603 455 2653 quodnam
474 2609 637 2654 primum
657 2604 901 2654 Carthaginis
924 2603 1077 2639 initium
1096 2599 1290 2638 Diodorus
1309 2601 1500 2646 statuerit,

57 2668 181 2704 neque
208 2657 302 2694 adeo
330 2659 435 2698 finiri
459 2663 630 2700 coloniae
652 2662 766 2700 huius
794 2667 943 2707 tempus
973 2658 1153 2695 distincte
1185 2662 1321 2704 potest.
1364 2653 1409 2691 Si
1433 2667 1498 2692 eos

57 2719 212 2750 secutus
232 2715 302 2760 sit,
334 2719 401 2764 qui
425 2718 530 2754 urbis
553 2721 635 2756 eius
664 2717 857 2756 excidium
877 2718 918 2753 in
936 2726 1101 2760 annum,
1125 2719 1325 2761 postquam
1346 2710 1501 2748 condita

56 2775 162 2815 erat,
196 2779 440 2809 loccxxxvn
466 2774 705 2821 referebant,
746 2772 907 2810 deducta
937 2769 1031 2807 haec
1059 2771 1212 2807 colonia
1241 2774 1320 2812 est,
1351 2765 1499 2804 Numae

54 2825 158 2917 regiis?
177 2832 312 2921 aetpte.
345 2826 425 2867 Sed
447 2828 541 2868 haec
561 2830 785 2883 diligentius
805 2830 900 2868 alias
919 2827 1208 2878 vestigabimus.
1242 2823 1376 2861 WEss.

147 2891 209 2920 οι.
257 2911 268 2921 .
1159 2882 1221 2921 27
