1828 3253
313 13 420 76 διο·
781 34 1290 75 ANNo‘rA‘rloNEs

316 149 430 186 sicuti
451 146 601 195 omnia,
627 159 722 197 quae
742 147 972 196 succedunt,
1000 149 1218 187 adstruunt.
1258 148 1413 198 Vitium¹
1427 149 1699 189 animadvertit
1716 157 1756 189 et

314 205 485 242 correxit
503 202 814 241 Rhodomannus.
856 205 991 242 VVEss.

430 262 532 300 588.
551 262 626 299 42.
652 257 821 313 λ’ρόνον
843 260 944 300 guaz»
964 259 1185 302 διακοσίων
1204 257 1514 311 τεσσαράκοντα
1535 257 1630 316 δύο]
1654 260 1756 299 Con-

317 316 398 354 dita
429 330 519 367 ergo
551 318 626 353 fuit
643 330 744 354 anno
773 318 939 354 secundo
961 318 1113 368 Olyinp.
1138 330 1258 358 xxxi.
1287 319 1336 356 At
1358 318 1606 368 Thucydides
1627 319 1669 356 L.
1690 319 1752 356 VI.

318 374 360 412 4.
392 372 608 410 Selinuntis
629 374 741 410 initia
761 381 912 410 centum
938 376 1049 412 annis
1070 378 1280 424 posteriora
1302 375 1430 426 prodit
1452 377 1603 425 origine
1623 374 1755 425 Mega-

315 442 467 475 rorum,
499 429 636 476 quibus
661 436 772 466 antea
792 429 942 480 Hyblae
964 444 1123 468 nomen:
1163 445 1256 481 quae
1278 432 1429 481 quidem
1450 437 1644 468 exstructa
1669 444 1755 468 cum

317 487 396 522 sint
416 488 517 522 circa
539 485 691 535 Olymp.
714 496 784 532 XL,
806 488 964 524 coniicit
986 486 1055 526 Ph.
1079 486 1281 525 Cluverius
1306 488 1414 525 sicil.
1440 487 1572 536 Antiq.
1602 486 1643 523 L.
1666 487 1695 525 Ι.
1716 500 1752 535 p.

315 544 424 582 227.
446 542 643 589 scripsisse
666 540 875 579 Diodorum
898 542 1054 581 διακοσ.
1075 539 1293 595 τριάκοντα
1316 540 1411 591 divo,
1439 542 1755 591 Selinuntemque

317 598 412 635 adeo
442 611 543 634 anno
573 601 695 647 primo
726 597 879 648 Olymp.
900 609 1033 636 XXXV.
1062 599 1165 637 haud
1184 601 1303 637 fuisse
1325 603 1508 649 priorem:
1541 602 1649 636 euius
1670 600 1755 647 opi-

315 656 425 691 nioni
453 654 606 702 obloqui
636 666 712 689 non
742 655 941 701 auderem,
978 658 1008 692 si
1030 669 1174 702 annus,
1211 657 1252 693 in
1273 669 1383 705 quem
1407 655 1649 706 Megaroruui
1672 658 1754 703 pri-

314 711 463 747 mordia
483 717 572 746 sunt
593 710 847 757 conferenda,
870 714 967 748 citra
989 712 1142 748 dubium
1166 720 1291 749 certus
1316 719 1428 758 esset,
1462 712 1563 761 quod
1591 711 1754 749 necdum

313 766 409 804 mihi
433 766 618 814 adparuit.
646 766 754 802 Adde
774 768 938 804 Pausan.
960 767 1002 805 L.
1028 769 1057 805 V
1065 767 1091 806 Ι.
1123 770 1188 808 19.
1209 781 1244 816 p.
1268 769 1376 808 499.
1406 768 1539 804 wizss.

434 824 449 844 Γ
431 826 533 861 88.
554 823 628 861 19
671 821 751 860 Καὶ
771 821 858 874 μετ’
883 821 1011 863 αὐτοῦ
1034 824 1318 863 πεντεκαίδεκα
1336 820 1560 878 μυριάδες]
1588 823 1686 860 Vide
1707 823 1755 861 ad

311 879 353 917 L.
375 878 448 916 ΧΙ.
471 880 546 917 22.
578 877 627 914 W
632 888 714 917 Ess,

429 936 531 974 588·
556 935 625 974 57.
660 930 1017 985 Διαγιονιζόμενος
1044 933 1087 974 ἐκ
1110 934 1327 987 διαδοχῆς]
1356 934 1551 984 Frequens
1574 932 1758 984 loquendi

312 1004 433 1042 genus
476 1004 560 1027 cum
588 992 724 1027 intacti
745 998 782 1027 et
815 994 954 1042 integri
973 993 1096 1028 fessos
1124 995 1322 1040 excipiunt
1352 994 1610 1059 praeliumque
1630 994 1756 1029 conti-

313 1054 444 1084 nuaut.
476 1045 660 1096 Superius
683 1060 761 1096 οη).
788 1048 857 1089 56.
895 1047 962 1086 καὶ
986 1053 1070 1094 τοῖς
1091 1048 1323 1099 κρατίστοις
1347 1048 1389 1086 ἐκ
1421 1048 1616 1099 διαὸοχῆς
1644 1046 1682 1086 ἁ
1672 1062 1754 1100 ιιι)-

313 1099 532 1153 -ιιζόιιειος,
576 1103 607 1138 L
612 1110 626 1139 t
653 1102 694 1140 L.
717 1103 825 1139 XIV.
850 1107 924 1144 26.
965 1103 1074 1140 XM
1103 1107 1158 1144 75
1208 1104 1299 1140 XX.
1323 1105 1396 1144 46,
1434 1104 1753 1152 lreinshemium,

312 1163 410 1208 qui
400 1160 447 1195 ad
470 1159 508 1195 id
529 1159 762 1196 offenderat.
802 1162 841 1197 in
864 1163 966 1197 viam
994 1160 1153 1197 reduxit
1171 1160 1298 1199 Balth.
1321 1159 1566 1211 Stolbergius
1585 1159 1754 1198 Exercit.

313 1217 359 1253 de
379 1216 545 1266 Angaris
570 1229 602 1252 c.
624 1215 690 1252 111.
714 1220 752 1256 8.
774 1229 810 1264 p.
839 1218 940 1256 172.
969 1217 1102 1253 11Ἐ88.

426 1274 528 1311 588.
553 1274 625 1311 60.
651 1267 888 1324 ζΥπώρυττε
910 1271 954 1310 δὲ
975 1272 1040 1310 καὶ
1064 1269 1115 1311 τὰ
1135 1270 1277 1324 τείχη]
1307 1271 1366 1309 De
1397 1285 1592 1310 murorum
1621 1274 1661 1309 in
1688 1285 1753 1309 ur-

311 1329 416 1365 bium
447 1330 485 1364 in
516 1328 782 1365 obsidionibus
813 1328 1041 1365 suffossione
1074 1331 1194 1365 multa
1223 1328 1403 1366 Bai-thius
1427 1330 1474 1366 ad
1494 1328 1610 1365 Statii
1632 1327 1753 1365 Theb.

310 1385 357 1421 ΙΙ.
380 1386 485 1424 418.
516 1383 651 1422 Dicam
673 1386 838 1422 fortasse
858 1385 907 1422 ad
929 1384 971 1421 L.
992 1383 1136 1422 XVIII.
1159 1386 1247 1432 70..
1278 1397 1373 1434 quae
1403 1385 1476 1422 liuc
1495 1385 1753 1434 pertinebunt.

308 1441 448 1478 Wssss.

425 1498 526 1536 588.
551 1498 623 1537 66.
665 1498 753 1547 Τῆς
773 1491 1052 1548 περιμαχήτου
1073 1498 1171 1535 πᾶσι
1193 1495 1417 1548 πατρίδος]
1454 1495 1595 1533 Confer
1613 1503 1693 1533 not.
1711 1497 1753 1532 in

310 1551 352 1589 L.
378 1551 443 1590 111.
470 1554 538 1592 10.
566 1560 603 1589 et
624 1552 765 1589 L.X11.
782 1556 854 1592 68.
872 1551 1031 1605 Ἀγῶνα
1053 1552 1211 1591 θέσθαι
1233 1553 1376 1590 dictum
1397 1554 1445 1590 ad
1466 1553 1607 1590 Poetae
1623 1566 1752 1589 exem-

296 1611 434 1658 plum,
472 1611 536 1656 qui
562 1605 702 1660 μάχην
732 1608 916 1660 δριμεῖαν
946 1607 1114 1655 ἔθεντο,
1145 1610 1190 1645 de
1212 1613 1292 1646 acri
1311 1612 1502 1646 conmisso
1531 1611 1750 1646 certamine.

296 1664 537 1707 ¹Plutarchus
559 1665 602 1701 de
625 1665 762 1702 Athen.
783 1665 889 1702 Glor.
912 1678 947 1713 p.
974 1666 1078 1705 346.
1100 1665 1144 1702 E.
1174 1661 1254 1704 ὑπὸ
1285 1663 1359 1711 τὰς
1379 1662 1510 1712 πύλας
1532 1662 1660 1710 αὐτὰς
1682 1664 1751 1704 καὶ

307 1718 354 1760 τι)
380 1726 510 1770 τεῖχος
535 1718 679 1761 ἔθεντο
702 1719 904 1772 καρτερὰν
935 1720 1201 1772 ἱππομαχίαν.
1248 1721 1398 1759 Tritius
1423 1729 1481 1758 est
1509 1724 1643 1760 θεῖναι
1676 1719 1749 1760 τὸν

309 1775 446 1829 ἀγῶνα
470 1777 514 1812 de
538 1781 744 1815 certamine
766 1780 804 1814 in
827 1777 1008 1815 honorem
1027 1780 1189 1815 alicuius
1212 1778 1326 1824 edito,
1354 1785 1391 1815 et
1406 1779 1452 1814 ab
1471 1778 1624 1814 Andrea
1643 1776 1751 1814 Dou-

307 1846 402 1870 naeo
423 1833 471 1869 ad
493 1832 738 1871 Demosthen.
761 1834 867 1870 Orat.
890 1834 934 1870 de
961 1834 1057 1871 Pace
1082 1848 1115 1883 p.
1142 1836 1241 1874 168.
1262 1836 1506 1871 illustratum.
1538 1834 1676 1870 WEss.

423 1890 525 1955 588.
552 1892 623 1929 81.
643 1887 783 1929 [Ῑκειι
804 1887 900 1935 τοὶς
921 1886 1186 1940 συμμάχους]
1217 1890 1389 1937 Rectius,
1409 1903 1494 1927 meo
1514 1891 1665 1939 quidem
1688 1892 1748 1926 iu-

306 1945 420 1991 dicio,
453 1942 562 1996 ἱχκειν
583 1943 734 1992 αὐτους
757 1960 975 1997 συμμαχοι
981 1961 1011 1992 ς.
1034 1946 1191 1985 STEPH.

422 2003 524 2041 588.
548 2004 619 2042 83.
653 2003 733 2040 Καὶ
758 2018 847 2048 ταις
868 2002 1099 2055 eiixz9eecmg]
1118 2002 1226 2038 Multi
1248 2008 1336 2038 sunt
1358 2003 1432 2038 loci
1458 2013 1505 2037 ex
1525 2001 1662 2049 quibus
1683 2000 1746 2043 hic

304 2058 509 2107 legendum
530 2071 611 2094 esse
636 2071 713 2095 non
737 2056 974 2111 εὐχερειάις,
1004 2059 1070 2095 sed
1090 2056 1323 2109 εὐχειρίαις,
1358 2058 1510 2105 probari
1530 2059 1642 2094 facile
1662 2065 1746 2106 pot-

306 2121 374 2151 est.
393 2113 547 2149 STEPH.
563 2113 643 2152 Καὶ
667 2120 757 2160 ταῖς
777 2114 1000 2166 εὐχειρίαις]
1022 2115 1132 2159 Quod
1155 2113 1371 2163 Stephanus
1390 2116 1567 2160 coniecit,
1588 2114 1625 2150 id
1650 2114 1744 2152 adeo

305 2182 436 2205 verum
470 2178 548 2216 est,
579 2178 620 2206 ut
650 2184 697 2207 ex
728 2170 823 2210 Cod.
847 2170 1006 2209 Coislin.
1030 2171 1208 2220 vestigiis
1228 2170 1493 2219 corrigendum
1516 2173 1740 2206 censuerim.

304 2224 510 2261 Auctorem
546 2226 593 2262 do
624 2225 855 2273 Diodorum,
892 2230 959 2276 qui
988 2227 1030 2264 L.
1059 2227 1164 2270 XIV.
1187 2227 1261 2266 24.
1291 2224 1376 2276 μετ’
1413 2223 1549 2277 ὀλίγον
1579 2225 1623 2264 δὲ
1652 2231 1742 2272 ταῖς

304 2278 477 2331 τόλμαις
498 2282 565 2319 καὶ
587 2297 675 2328 ταις
696 2282 907 2333 είχειρίαις
928 2298 1099 2334 νικιυμει
1102 2299 1137 2322 οι
1160 2280 1263 2334 πρὸς
1282 2279 1417 2335 φιςιὶν
1438 2295 1650 2334 (ιιρμησαν.
1691 2282 1743 2319 Et

302 2335 766 2391 L.Xx.70.01‹57159
798 2337 990 2386 ὁοξαντες
1021 2338 1193 2393 εὐχειρία
1224 2353 1290 2376 και
1322 2336 1464 2390 ἀνδῌρ
1438 2354 1489 2376 -ια
1520 2336 1740 2390 ὁιαᾳερειν

303 2394 367 2430 ubi
399 2391 558 2432 Coislin.
591 2395 731 2432 iterum
761 2394 1155 2451 322ae9114.Recurret
1182 2394 1283 2431 idem
1311 2396 1448 2432 vitium
1477 2393 1520 2430 L.
1539 2393 1645 2431 XIV.
1665 2394 1739 2434 23.

303 2450 348 2486 W
356 2460 438 2485 uss.

418 2506 522 2546 589.
545 2507 588 2546 2.
608 2501 680 2552 Ως
701 2503 761 2544 ὸ”
763 2502 932 2574 Εφορός
953 2521 1068 2561 φησι,
1098 2505 1346 2556 δισμυρίων]
1372 2506 1542 2546 Nimium
1562 2504 1634 2543 hoc
1655 2507 1739 2554 qui-

303 2560 399 2597 dem.
439 2562 470 2597 A
493 2562 621 2606 decem
641 2563 814 2600 miliibus
835 2568 870 2601 vi
875 2565 980 2614 «riuti
999 2564 1163 2600 hostium
1185 2564 1302 2600 millia
1323 2564 1441 2600 fuisse
1465 2576 1596 2609 caesa,
1624 2561 1737 2599 hodie

301 2630 378 2653 uon
404 2618 528 2655 credo.
561 2617 638 2655 Sed
642 2618 851 2670 Ephorus,
879 2633 954 2657 non
974 2621 1077 2670 relig
1062 2621 1297 2657 dosis-samue
1309 2621 1427 2668 fidei,
1448 2631 1566 2669 saepe
1575 2619 1736 2669 decipi-

299 2679 388 2721 tur,
414 2686 532 2726 saepe
553 2666 722 2727 decipit,
750 2684 792 2714 ut
813 2676 961 2715 Seneca
978 2679 1043 2714 ait.
1050 2649 1202 2714 bWEss.
