1828 3253
259 189 350 229 774
717 187 1234 231 ANNOTATIONES

259 313 375 350 quam
396 313 480 337 cum
500 304 665 340 maxime
685 304 888 341 succurrit.
928 302 1027 342 Nam
1047 302 1318 343 Rhodomanni
1345 303 1537 344 medicina
1558 304 1711 346 modum

261 357 426 395 excedit.
458 357 588 395 WEss.

380 415 485 453 698.
513 414 587 454 41.
633 409 1025 468 Ἀναῤῥηττόμεναι
1056 415 1248 467 λακίδες]
1296 415 1356 454 De
1379 418 1552 455 vestibus
1577 420 1716 457 laceris

266 468 430 514 λακίδες
459 473 500 506 in
523 483 594 506 usu
627 478 717 507 sunt
751 473 1011 520 frequentiore
1042 473 1142 522 apud
1173 472 1351 525 Aeschyl.
1380 473 1546 522 Choeph.
1575 489 1614 513 v.
1641 477 1717 515 26.

270 524 442 572 Supplic.
474 539 510 562 v.
547 528 649 567 126.
683 528 815 574 910.,
852 530 964 566 sicuti
1004 535 1043 567 et
1071 528 1307 580 λακίσματα
1340 532 1381 567 in
1411 529 1544 580 Eurip.
1571 530 1716 570 Troacl.

268 594 306 618 v.
328 583 434 621 497.
463 581 573 631 Apud
589 582 827 633 Hesychium
851 585 1002 634 quidem
1021 585 1232 633 Λακίὸἐς,
1260 583 1312 624 τὰ
1332 583 1460 626 λεπτὰ
1489 588 1572 625 τῶν
1595 584 1720 638 ἀρμέ-

269 651 353 675 νων
375 636 596 688 σχίσματα.
641 638 717 677 Sed
737 642 769 676 is
789 642 950 678 lacerati
979 643 1056 679 veli
1074 648 1199 691 partes
1226 643 1412 696 intelligit
1432 654 1481 681 ex
1510 643 1633 682 nobili
1651 643 1720 679 Al-

272 695 355 732 caci
372 694 589 744 fragmento
608 695 708 742 apud
728 695 974 734 Heraclidem
995 710 1031 747 p.
1052 698 1161 740 413.

439 750 617 801 Λαΐφος
637 750 681 789 δὲ
701 753 783 791 πᾶν
805 750 962 804 ἄδηλον
983 752 1061 806 ἤδη

496 806 580 844 Καὶ
601 806 764 854 λακίδες
780 806 953 860 μεγάλαι
974 808 1060 849 καθ
1087 804 1203 849 αὐτό.

275 860 363 898 vid.
383 859 431 898 D.
453 861 657 900 Heinsium
677 866 717 901 in
745 863 817 902 Sil.
837 864 922 903 Ital.
945 865 989 904 L.
1008 866 1054 907 V.
1080 867 1185 907 325.
1214 865 1350 903 VVESS.

390 919 496 958 698.
521 920 596 959 48.
630 917 691 958 Οὐ
712 917 797 971 μὴν
816 919 902 960 οὐδ’
924 919 962 960 οἳ
982 922 1078 976 πεζῇ
1104 943 1152 951 --
1178 917 1539 974 προσβάλλοντες]
1575 919 1728 971 Sequor

277 972 394 1010 Coisl.
415 981 453 1010 et
473 973 566 1025 Reg.
584 978 636 1022 l.,
656 988 817 1025 quorum
837 980 1027 1027 scriptura
1048 979 1109 1016 hic
1120 977 1441 1016 acconmodatior.
1460 976 1585 1026 Supra
1603 991 1636 1016 c.
1653 979 1726 1017 68.

275 1026 371 1070 τότε
394 1030 725 1082 συνεπιθῳένων
751 1027 872 1084 ἡμῶν
894 1034 991 1088 πεζῇ
1018 1031 1197 1074 πάντων.
1237 1032 1434 1083 Saepeque
1451 1035 1548 1072 alias
1576 1046 1662 1071 cum
1681 1033 1728 1070 de

278 1087 410 1126 navali
431 1087 477 1123 ad
499 1095 717 1127 terrestrem
735 1090 1017 1140 expeditionem
1033 1093 1220 1129 transitus
1240 1097 1310 1128 est.
1341 1090 1475 1129 VVEss.

398 1144 504 1182 699.
543 1145 614 1184 58.
658 1141 987 1198 Ἑπιγενομείὀυ]
1027 1147 1124 1195 Apte
1147 1153 1356 1196 poneretur
1376 1147 1564 1196 particula
1584 1143 1628 1185 δὲ
1645 1151 1732 1195 post

279 1192 575 1248 ἓπιγειόιιιέιόυ.
608 1199 684 1238 Sed
715 1203 804 1240 aliis
832 1205 872 1239 in
902 1205 997 1241 locis
1028 1206 1141 1253 plane
1171 1203 1359 1242 similibus
1390 1216 1473 1241 eam
1501 1204 1731 1254 particulam

281 1255 461 1291 omissam
481 1257 528 1294 ab
551 1256 623 1294 hoc
649 1257 808 1295 authore
832 1263 1034 1308 comperio,
1064 1259 1221 1298 STEPH.

395 1313 501 1351 699.
530 1315 603 1353 61.
633 1310 719 1354 Διά
739 1312 812 1353 τὸν
831 1312 912 1355 ἀπὸ
934 1319 1011 1368 τῆς
1027 1317 1185 1369 πληγῆς
1203 1311 1358 1369 φόβον]
1392 1315 1547 1353 Mallem
1568 1310 1735 1368 φλογός.

280 1363 365 1401 eius
386 1369 489 1405 enim
502 1377 605 1406 metu
626 1372 665 1407 in
685 1384 790 1408 mare
811 1384 850 1407 se
872 1374 1100 1421 praecipites
1120 1372 1274 1418 dabant,
1297 1379 1340 1409 ut
1361 1372 1489 1408 nando
1511 1371 1731 1409 evaderent.

282 1418 328 1458 Si
348 1428 476 1460 tamen
499 1426 656 1477 πληγῆς
673 1428 897 1477 reliquerit,
922 1431 1042 1468 ictum
1069 1429 1263 1466 intellexit
1281 1441 1328 1466 ex
1345 1431 1458 1466 ruina
1479 1434 1734 1465 armamento-

279 1489 369 1514 rum
391 1487 429 1516 et
460 1484 618 1519 navium
646 1488 780 1521 mutuo
809 1485 850 1521 in
870 1497 954 1522 sese
982 1487 1151 1523 incursu.
1199 1483 1242 1522 Id
1261 1486 1408 1531 rarius,
1438 1484 1538 1532 quod
1560 1479 1733 1535 ἀγκύρια

282 1533 330 1570 ‹le
349 1536 576 1574 rudentibus
595 1541 809 1587 usurpavit.
837 1539 1010 1577 Ancorae
1032 1546 1123 1577 sunt
1142 1541 1184 1578 in
1203 1539 1404 1578 Plutarchi
1424 1538 1471 1577 Τ.
1496 1540 1542 1576 ΙΙ.
1564 1551 1598 1587 p.
1624 1540 1731 1579 604.

282 1587 335 1628 D.
352 1598 390 1628 et
409 1591 572 1630 Luciani
593 1592 737 1643 Catapl.
759 1609 792 1632 c.
817 1597 855 1634 1.
885 1595 995 1633 Facit
1016 1604 1144 1633 tamen
1166 1608 1252 1633 cum
1270 1594 1442 1635 Diodoro
1461 1598 1564 1633 inter
1586 1593 1735 1632 Mathe-

281 1648 444 1684 maticos
465 1647 566 1686 haud
596 1651 781 1700 ignobilis
805 1650 938 1698 Philo,
969 1654 1035 1701 qui
1063 1665 1111 1689 ne
1140 1664 1369 1690 ancorarum
1388 1653 1602 1691 retinacula
1624 1665 1736 1701 prae-

283 1703 486 1750 cidantur,
514 1709 662 1744 catenis
688 1707 873 1745 utendum
895 1708 1130 1755 minionem,
1156 1705 1262 1760 πρὸς
1293 1707 1338 1748 δὲ
1372 1705 1448 1754 τὰς
1484 1703 1736 1759 ἀποτμήσεις

282 1761 370 1797 ’τῶν
390 1757 617 1814 ἀγκυρίων,
647 1764 796 1814 inquit,
822 1761 893 1803 ἐὰν
921 1761 1084 1818 βραχὺς
1105 1759 1126 1803 ὃ
1150 1761 1299 1811 τόπος,
1336 1759 1501 1810 ἁλύσεις
1529 1764 1575 1800 de
1604 1762 1737 1801 Telor.

283 1813 503 1854 construet.
526 1831 563 1867 p.
587 1820 691 1859 100.
727 1818 850 1858 Porro
873 1833 950 1857 non
973 1822 1100 1870 placet
1126 1822 1168 1858 in
1188 1821 1435 1869 sequentibus
1465 1822 1657 1860 πλεῖστον
1690 1817 1733 1858 δ’

282 1865 366 1910 ’ὑπὸ
396 1875 472 1912 τοῦ
505 1871 648 1926 πυρός.
685 1873 780 1914 Sive
807 1877 909 1914 enim
941 1876 1006 1916 ἐπὶ
1041 1889 1108 1915 seu
1142 1874 1249 1916 κατὰ
1280 1877 1570 1927 subintelligas,
1609 1877 1738 1924 paullo

283 1926 421 1966 durius
438 1931 622 1968 manebit.
653 1931 775 1971 Plana
792 1933 931 1972 fuisset
949 1935 1101 1982 oratio,
1126 1935 1161 1973 si
1183 1934 1369 1974 πλεῖσται
1389 1931 1432 1973 (5²
1464 1928 1545 1975 ὑπὸ
1567 1935 1642 1974 τοῦ
1665 1940 1738 1971 etc.

281 1983 492 2035 legeretur.
521 1986 658 2026 VVESS.

401 2043 508 2082 699.
541 2045 612 2083 78.
650 2041 905 2097 'Enlf'yovrfg
925 2047 1010 2084 τῶν
1033 2043 1254 2098 χρησίμων
1276 2041 1352 2091 τὰς
1384 2042 1616 2096 δυναμένας
1635 2041 1739 2097 πα]

286 2094 428 2135 Verum
450 2104 509 2135 est
528 2096 580 2138 τὰ
601 2096 822 2151 δυνάμενα.
842 2101 1086 2151 Diripiebant
1103 2109 1302 2150 corruptas
1321 2101 1368 2138 ab
1388 2102 1478 2151 igne
1498 2114 1632 2148 naves,
1648 2100 1739 2137 inde

284 2154 494 2204 seligentes
512 2168 574 2192 res
597 2170 683 2203 eas,
714 2168 811 2206 quae
833 2161 919 2195 usui
940 2171 1023 2197 esse
1048 2163 1227 2208 poterant
1248 2163 1286 2196 et
1307 2152 1500 2196 resarciri.
1538 2156 1598 2195 De
1627 2159 1741 2195 navi-

287 2209 361 2246 bus
379 2218 562 2259 sequetur
581 2212 774 2261 deinceps.
799 2214 935 2253 Wnss.

403 2268 508 2306 699-
541 2270 612 2308 82.
653 2264 712 2309 ‘H
727 2269 942 2323 φιλοτιμία
965 2291 1014 2300 --
1037 2270 1217 2321 κατῆρχε
1244 2265 1321 2321 τὴν
1344 2263 1538 2321 ἡλικίαν]
1579 2267 1741 2306 Constat

287 2324 501 2369 sententia,
523 2337 602 2361 non
622 2327 720 2363 male
743 2326 791 2364 ab
811 2326 1026 2375 Interprete
1049 2338 1231 2375 expressa
1256 2327 1455 2364 contentio
1478 2332 1653 2363 aetatem
1674 2338 1741 2362 su-

281 2387 466 2428 peraret.
490 2378 544 2417 Ut
566 2386 695 2419 tamen
717 2395 853 2420 sanum
875 2385 926 2420 sit
943 2384 1136 2434 κατῆρχε,
1164 2381 1298 2420 dubito
1314 2381 1572 2420 vehementer.
1603 2380 1742 2420 Solent

289 2443 394 2472 certe
413 2444 451 2472 et
473 2438 684 2485 incipiendi
704 2445 743 2475 et
764 2439 989 2477 dominandi
1007 2452 1076 2476 usu
1098 2440 1211 2477 aliter
1230 2445 1464 2476 construere.
1494 2438 1629 2475 Wess.

402 2493 507 2532 699.
528 2493 602 2532 91.
632 2491 846 2546 Ἐφαίνετο
871 2517 920 2524 —-
941 2493 1151 2549 θεομαχίᾳ
1179 2489 1509 2547 παραπλήσιοςῆ
1531 2492 1641 2545 θέα]
1671 2490 1740 2530 Sic

285 2544 332 2582 I..
353 2546 482 2587 XVll.
509 2550 612 2588 100.
643 2548 771 2589 οἱονεί
786 2565 848 2598 τις
866 2550 1075 2601 θεομαχιά
1095 2548 1304 2601 μέλλουσα
1328 2549 1516 2601 γίνεσθαι
1538 2549 1740 2604 προσεδο-

286 2598 415 2655 κήθη.
444 2604 553 2641 Adde
572 2606 772 2644 Platonem
792 2606 835 2644 L.
856 2606 904 2644 ll.
925 2607 970 2644 de
991 2606 1138 2658 Repub.
1161 2620 1196 2657 p.
1218 2606 1322 2648 378.
1341 2604 1390 2644 D.
1420 2605 1558 2643 VVESS.

402 2661 508 2700 699.
534 2661 574 2699 3-
599 2658 765 2709 Ἠξιόυν
784 2661 828 2702 δὲ
848 2660 976 2703 αὐτὸν
990 2661 1153 2717 ἀφιέναι
1173 2658 1271 2708 τοὺς
1289 2660 1643 2715 περιλειπομένους
1653 2658 1740 2711 etc.]

286 2712 423 2752 Imilco
445 2719 486 2753 in
513 2717 634 2755 flebili
668 2721 843 2756 oratione
873 2719 921 2756 ad
952 2723 1080 2764 cives,
1122 2717 1286 2766 deferre
1307 2731 1368 2765 so,
1407 2719 1560 2768 inquit,
1590 2717 1740 2755 civibus

288 2773 372 2808 sais
389 2785 465 2810 non
487 2774 642 2811 modica
666 2775 838 2822 solatia,
865 2777 971 2827 quod
995 2776 1112 2813 malis
1131 2786 1264 2812 eorum
1283 2773 1415 2812 hostes
1431 2775 1632 2823 gaudere,
1661 2786 1738 2810 non

281 2828 646 2879 glor-ictripossent.
687 2830 840 2883 Quippe
860 2845 949 2869 cum
979 2844 1104 2882 neque
1126 2843 1215 2877 coe,
1246 2832 1316 2880 qui
1341 2832 1492 2868 mortui
1508 2836 1620 2875 sunt,
1650 2842 1675 2866 a
1695 2841 1737 2866 se
