1828 3253
422 207 482 246 [N
514 205 626 245 LlB.
657 205 794 245 Xlll.
826 204 955 244 CAP.
991 206 1218 247 12.-14.
1444 208 1536 248 639

96 332 209 367 num,
235 318 409 358 Danielis
429 321 625 363 vaticiniis
650 319 739 358 addi
759 332 782 357 a
806 318 964 356 Graecis
987 318 1146 365 solitae,
1173 331 1273 356 vers.
1295 320 1369 358 22.
1402 318 1540 358 καίον-

95 391 162 422 τες
190 374 266 427 τὴν
287 372 457 426 κάμινον
489 371 663 426 νάφθαν
694 374 760 413 καὶ
782 374 935 414 πίσσαν
967 389 1034 413 και
1056 374 1257 414 στυππιόν
1283 374 1350 412 καὶ
1382 377 1540 427 κλημα-

96 432 202 471 τίὸα.
229 432 390 482 Appian.
409 431 503 468 Bell.
516 429 630 468 Civil.
650 431 691 468 Ι.
711 431 739 470 Ι.
762 443 796 480 Ρ.
811 433 916 498 643.
937 427 1127 496 ξυλίνῳ’
1114 428 1197 469 όντι
1218 432 1277 469 τῶ
1305 429 1422 481 τείχει
1443 433 1540 483 κλη-

95 487 275 538 ματίδας
294 486 536 541 περιτιθεὶς,
560 501 610 537 με
595 483 664 525 ετὰ
694 484 766 537 τὴν
798 484 910 539 ὥραν
929 482 1128 539 ὑφῆπτεν.
1168 486 1290 524 Prave
1312 487 1364 524 ibi
1393 489 1540 538 κλιμα-

96 544 214 590 τίὸας
234 544 362 582 edunt.
403 542 550 580 Cremia
570 549 918 593 sarmentorumque
937 544 1058 580 fasces
1082 548 1184 581 sunt.
1217 542 1351 581 WEss.

213 602 315 640 552.
346 600 388 639 4.
441 596 526 638 Οὐκ
555 594 749 644 ἐλάττους
770 614 852 639 των
875 598 1107 650 δισχιλίων]
1154 598 1381 635 Generalius
1402 598 1538 635 defun-

96 662 240 706 guntur
267 655 512 705 Thucydides
545 653 588 691 L.
607 654 688 692 Vll.
714 655 787 694 53.
819 661 857 692 et
886 656 986 693 Plut.
1014 654 1101 694 Nic.
1133 666 1168 703 Ρ.
1193 655 1296 695 539.
1322 653 1378 704 C.,
1399 657 1539 692 multos

96 713 254 761 periisse
277 711 481 748 tradentes.
508 709 647 747 WEss.

211 768 313 807 552.
350 767 419 807 13.
458 763 524 805 Ἐν
551 761 724 818 ἡμέραις
753 765 861 819 τρισὶ
883 771 969 813 τοῖς
988 763 1118 819 Ξ-’ργοις
1139 766 1240 816 etc.]
1277 765 1349 803 His
1370 780 1538 805 errorem

96 825 222 860 inesse
251 825 464 872 suspicatur
496 821 547 861 H.
575 821 819 869 Dodwellus,
848 825 1014 860 auctoris
1043 824 1283 874 negligentia
1311 823 1536 861 admissum:

95 881 341 928 scriptorem,
380 880 734 929 quemexcerpsit,
763 892 1013 927 memorasse,
1045 886 1196 927 portum
1226 881 1340 916 tertio
1369 893 1391 916 a
1425 880 1537 916 lunae

95 935 261 983 deliquio
281 935 341 972 die
362 936 482 972 fuisse
501 935 760 981 obstructum,
751 944 760 952 ·
790 935 830 972 id
850 943 1025 973 nostrum
1053 937 1166 972 aliter
1185 942 1297 984 atque
1317 941 1538 985 oportuerat

94 994 298 1040 accepisse.
338 991 540 1028 Praeterea
569 990 835 1041 Thucydidem
868 990 910 1028 Ι
944 990 1026 1028 VII.
1063 992 1134 1032 56.
1163 999 1202 1028 et
1235 992 1306 1031 59.
1346 992 1537 1038 docuisse,

96 1046 362 1097 Syracusanos
380 1060 470 1084 mox
498 1061 520 1084 a
539 1049 706 1095 praelio,
737 1058 812 1095 quo
832 1047 1078 1097 Eurymedon
1108 1048 1271 1097 cecidit,
1304 1055 1451 1097 portum
1473 1061 1538 1084 oc·-

95 1105 267 1149 clusisse,
296 1100 362 1141 ε’κλ
367 1117 446 1142 ειον
469 1096 542 1142 οὖν
562 1118 633 1141 τον
652 1101 795 1153 λιμένα
817 1102 1006 1141 ΕΥΘΥΣ
1023 1100 1095 1142 τὸν
1116 1102 1192 1156 με’)
1195 1119 1258 1151 αν,
1276 1103 1414 1140 Annal.
1431 1102 1539 1141 Thu-

96 1160 181 1210 cyd.
203 1173 238 1210 p.
261 1161 366 1199 208.
405 1159 456 1196 At
475 1172 552 1195 non
572 1160 786 1207 persuadet.
811 1158 909 1196 Nam
932 1159 1226 1209 Thucydideum
1245 1158 1443 1198 ΕΥΘΥΣ
1459 1173 1540 1197 ma-

95 1222 264 1253 turatum
284 1215 435 1264 quidem
454 1228 548 1264 opus
566 1215 733 1262 indicat,
758 1227 836 1251 non
859 1229 934 1252 uno
955 1215 1017 1252 die
1038 1216 1265 1253 absolutum.
1291 1214 1540 1253 Consideras-

95 1279 153 1309 set
173 1279 302 1320 portus
324 1271 419 1308 illud
441 1274 581 1308 ostium
611 1279 695 1307 octo
717 1272 836 1308 ferme
857 1272 976 1308 fuisse
997 1272 1228 1320 stadiorum,
1257 1272 1357 1322 quod
1378 1270 1538 1322 Thucy-

96 1329 176 1365 didi
196 1327 237 1364 L.
259 1327 340 1364 VH.
364 1328 435 1366 59.
461 1327 719 1374 acci-edimus,
745 1333 784 1363 et
804 1327 967 1364 vidisset
994 1328 1035 1364 in
1064 1341 1212 1365 summa
1240 1331 1356 1365 etiam
1374 1328 1538 1366 festina-

94 1385 202 1421 tione
224 1385 307 1431 plus
331 1395 407 1419 uno
429 1383 490 1419 die
519 1382 567 1419 ad
591 1385 671 1419 eius
689 1383 991 1420 obstructionem
1009 1384 1128 1420 fuisse
1150 1396 1257 1432 opuS-
1288 1384 1424 1421 wass.

208 1439 310 1479 553
344 1440 415 1479 19
447 1436 594 1484 Τους’
577 1437 641 1477 επὶ
660 1443 751 1484 ταῖς
769 1434 1002 1490 ηγεμονίαις
1019 1438 1315 1492 τεταγμένους]
1346 1440 1452 1476 Alias
1473 1452 1540 1489 pa-

94 1498 211 1534 trium
231 1508 362 1532 casum
381 1497 423 1532 in
451 1494 522 1531 hoc
543 1507 683 1545 genere
713 1496 965 1545 amplectitur.
1011 1495 1116 1532 Infra
1136 1510 1167 1533 c.
1191 1497 1265 1536 97.
1297 1496 1343 1532 de
1365 1495 1540 1546 Thrasy-

93 1553 208 1599 bulo,
238 1549 284 1598 ὃς
301 1544 352 1602 ἦν
373 1549 437 1589 ε’πὶ
456 1553 530 1602 τῆς
548 1546 767 1616 ἡγεμονίας
787 1549 940 1603 ἐκείνην
959 1548 1034 1604 τὴν
1053 1546 1225 1604 ἡμέραν.
1264 1551 1316 1589 Et
1338 1565 1369 1589 c.
1395 1553 1468 1592 84.
1500 1549 1541 1590 οἷ

93 1607 158 1647 ἔπι
177 1609 260 1646 τῶν
280 1605 570 1660 ἐργαστηρίων.
604 1601 713 1643 Sic‘
695 1622 716 1646 ο
742 1605 805 1645 ἐπὶ
825 1609 899 1646 τοῦ
919 1608 1128 1659 Πειραιῶς
1147 1607 1342 1660 Diogenes
1363 1607 1412 1645 ll.
1435 1610 1538 1648 127.

95 1664 195 1703 Add.
225 1664 399 1712 superius
430 1662 472 1701 L.
493 1662 564 1699 Xl.
603 1663 672 1702 15.
710 1662 846 1699 Latine
875 1662 1078 1700 Petronius
1110 1640 1248 1702 Satine,
1260 1677 1291 1700 c.
1325 1665 1398 1704 30.
1441 1677 1540 1701 unus

98 1734 148 1758 ex
168 1721 332 1772 pueris,
360 1721 430 1769 qui
447 1731 568 1770 super
596 1718 670 1757 Ιιοσ
690 1717 860 1766 officium
887 1726 982 1756 erat
1001 1721 1173 1772 positus.
1219 1720 1316 1758 Vide
1345 1720 1394 1758 N.
1415 1719 1539 1758 Hein-

95 1779 195 1815 sium
215 1776 262 1812 ad
282 1774 405 1812 Curtii
424 1775 466 1811 L.
487 1775 549 1812 vl.
576 1777 646 1815 11.
678 1775 814 1812 WEss.

210 1832 313 1872 553.
335 1832 409 1870 20.
446 1826 791 1881 Ἐκβιβάσαντες]
832 1826 1175 1881 Ἐμβιβάσαντες.
1218 1829 1352 1868 ΒΗΟΙ).
1399 1827 1539 1882 Ἐμβι·

93 1884 328 1940 βάσαντες]
374 1885 674 1924 Rhodomannus
704 1894 818 1924 recte.
868 1887 1016 1924 Vitium
1044 1889 1210 1925 recurrit
1250 1900 1536 1936 saepenumero,

93 1951 139 1982 ut
158 1946 221 1982 vel
241 1943 312 1980 hoc
335 1943 432 1980 libro
453 1956 485 1980 c.
502 1944 573 1982 77.
605 1942 699 1980 Mox
718 1937 894 1995 τριήρεις
913 1941 1029 1982 πέντε
1049 1940 1268 1990 λειπούσας
1286 1946 1369 1982 τῶν
1390 1939 1537 1983 ἕκατον

93 1999 219 2040 εἰκοσι
257 2001 370 2037 sicuti
394 1998 436 2035 L.
462 1999 490 2036 Ι.
518 2000 556 2039 5.
595 1996 665 2050 ἔτη
696 1998 788 2038 δυσὶ
817 1999 1008 2038 λείποντα
1038 2002 1121 2039 τῶν
1144 1998 1288 2050 χιλίων
1318 2007 1407 2036 etc.-
1424 2007 1538 2049 atque

91 2059 134 2095 in
154 2056 315 2106 Polybio
335 2055 400 2092 ΙΙΙ.
422 2057 497 2095 22.
531 2052 751 2108 τριάκοντα
773 2052 876 2094 ἔτεσι
906 2053 1086 2094 λείπουσι
1109 2055 1236 2094 ὁυοΐν.
1270 2056 1390 2093 Porro
1417 2058 1538 2093 trire-

93 2127 172 2150 mes
192 2118 345 2149 centum
377 2111 565 2149 duntaxat
595 2118 632 2148 ct
663 2112 791 2148 decem
822 2112 1029 2148 instructas
1059 2112 1179 2148 fuisse
1217 2110 1466 2161 Thucydides
1491 2112 1535 2152 Ι..

94 2169 177 2206 Vll.
198 2170 270 2208 60.
298 2174 336 2205 et
354 2167 455 2204 Plut.
476 2168 562 2205 Nic.
584 2181 620 2217 p.
644 2169 762 2215 539..
785 2175 851 2204 aut
873 2170 986 2205 etiam
1007 2169 1134 2216 paullo
1156 2170 1298 2216 minus,
1322 2168 1538 2207 adfirmant.

94 2225 191 2262 Vide
211 2237 302 2260 mox
321 2237 354 2262 c.
381 2225 452 2264 17.
486 2223 621 2261 Wssss.

209 2280 313 2319 553.
341 2281 415 2319 26.
447 2277 535 2326 Τὰς
553 2275 801 2346 υπηρετικὰς
822 2275 980 2329 ἔχοντες
1002 2280 1103 2325 ναῦς
1124 2278 1266 2325 παῖδες
1279 2277 1334 2317 ἒλ.
1344 2278 1357 2330 ]
1387 2278 1539 2317 Minora

95 2342 185 2372 sunt
204 2337 382 2385 navigia,
409 2335 457 2372 ad
479 2337 586 2373 varia
614 2339 656 2373 in
675 2336 831 2384 praeliis
850 2336 1064 2372 ministeria
1082 2342 1180 2385 apta.
1229 2330 1331 2373 Τὰ
1312 2333 1536 2387 υπηρετικά

94 2391 137 2428 Ι..
156 2391 264 2430 XlV.
290 2393 362 2432 60.
382 2390 476 2430 XX.
503 2394 588 2439 5οἿ
620 2399 657 2428 et
675 2387 913 2443 ὑπηρετικαὶ
934 2390 975 2427 L.
990 2391 1084 2428 XX.
1109 2394 1166 2431 82
1174 2419 1199 2438 .‚
1221 2392 1538 2440 quemadmodum

95 2455 133 2484 et
153 2447 336 2485 Arrianus
355 2453 467 2495 atque
487 2447 683 2496 Appianus
707 2450 746 2484 in
767 2446 951 2484 Scheffer.
971 2447 1016 2484 de
1037 2447 1135 2485 Nav.
1157 2447 1270 2485 Milit.
1292 2446 1338 2484 Il.
1364 2450 1406 2487 2.
1450 2447 1536 2484 Ηοο

94 2511 242 2550 autem,
274 2503 374 2552 quod
396 2503 441 2539 de
460 2507 602 2553 pueris,
628 2503 881 2540 Athenienses
902 2505 1189 2549 lacessentibus,
1219 2510 1536 2550 commmoratur,

94 2561 289 2609 superiore
309 2561 514 2597 certamine
536 2573 609 2598 usu
635 2562 767 2606 venit,
794 2560 834 2597 ni
852 2560 963 2597 fallat
986 2560 1087 2597 Plut.
1114 2559 1200 2598 Nic.
1218 2573 1254 2610 p.
1280 2560 1367 2599 539
1435 2560 1536 2608 quod

94 2618 241 2664 opinor.
269 2615 409 2654 VVEss,

210 2671 313 2711 553.
342 2672 414 2710 32.
460 2672 548 2710 Τοῦ
571 2668 727 2717 παντὸς
757 2668 938 2722 πολέμου
966 2686 1042 2723 την
1065 2670 1197 2723 κρίσιν
1226 2667 1441 2722 λαμβάνον
1445 2674 1534 2717 τες]

88 2722 147 2766 ‘H
171 2727 302 2779 κρίσις
329 2728 403 2766 τοῦ
435 2725 614 2777 πολέμου
641 2730 816 2765 ultimum
848 2730 1026 2777 exprimit
1054 2728 1147 2765 belli
1176 2728 1406 2774 discrimen,
1436 2727 1539 2776 quod

95 2790 162 2820 aut
183 2785 367 2830 victoria,
396 2789 462 2819 aut
480 2789 582 2820 certa
602 2786 770 2832 pernicie
795 2786 1034 2822 terminatur.
1075 2783 1289 2834 Dionysius
1317 2783 1407 2820 Ant.
1429 2781 1540 2820 Rom.

94 2839 136 2876 L.
157 2838 228 2879 [Χ.
249 2853 285 2890 Ρ.
315 2840 419 2880 592.
451 2834 673 2892 ισόρροπός
702 2854 744 2880 τε
773 2838 841 2879 καὶ
870 2837 989 2893 μέχρι
1018 2841 1174 2880 πολλοῦ
1205 2837 1536 2891 ταλαντευομένη
