1828 3253
288 93 381 135 612
759 87 1286 128 ANNOTATIONES

291 204 519 254 sanguinem
537 200 750 247 defectum,
777 202 906 237 animo
926 200 1017 239 dum
1034 201 1245 250 linquitur,
1280 203 1334 239 ita
1350 202 1471 239 fuisse
1493 203 1639 250 lapsum
1653 227 1665 249 ,
1692 210 1735 240 ut

289 259 448 298 brachio
477 272 496 294 e
526 259 618 294 navi
649 257 837 306 pendente
868 259 1024 307 clypeus
1054 258 1250 295 excideret
1273 260 1312 295 in
1333 272 1446 295 mare.
1498 259 1541 295 Id
1564 259 1646 295 fieri
1669 271 1736 306 po-

293 318 434 361 tuisse,
466 327 528 351 res
549 313 727 350 admonet
747 314 851 362 ipsa,
883 315 1087 362 locusque,
1121 328 1140 351 e
1161 327 1234 364 qno
1261 314 1474 364 pugnabat,
1506 321 1544 351 et
1565 317 1605 351 iu
1625 326 1736 362 quem

295 384 475 423 praeceps
496 372 652 406 corruit.
701 369 838 406 Stabat
858 367 899 407 ἓν
920 371 968 422 τῇ
993 365 1227 426 ἐπιβάθρα,
1254 371 1398 407 decidit
1417 370 1472 415 εἰς
1491 368 1566 421 τὴν
1586 370 1738 421 παρεξ-

295 426 482 479 ειρεσίαν.
511 432 714 474 utrumque
745 427 857 463 lateri
879 427 991 464 navis
1021 429 1236 476 proximum
1263 427 1407 473 fuisse,
1432 429 1585 477 ignorat
1615 439 1740 463 nemo.

296 484 432 522 wass.

411 538 515 578 521.
550 537 622 577 15.
664 532 844 591 Θανάτῳ
872 532 1147 586 κολάζεσθαι]
1190 537 1437 576 Plutarchum
1468 540 1507 576 in
1538 537 1670 587 Pelop.
1701 551 1738 587 p.

297 596 405 635 278.
427 593 470 630 Β.
500 593 602 631 vide.
632 591 815 630 Romanis
836 594 1005 630 moribus
1027 595 1158 640 miles,
1190 597 1314 645 quiin
1339 595 1436 632 bello
1457 608 1573 632 arma
1593 597 1741 641 unzisit,

296 652 361 689 vel
386 651 601 695 alienavit,
629 650 761 700 capite
783 651 977 699 panitur.-
1022 651 1213 697 humane,
1241 652 1434 688 militiam
1457 658 1606 698 mutat,
1642 657 1741 687 teste

300 707 518 745 Modestino
537 705 580 742 L.
603 704 666 742 111.
690 709 720 750 §.
748 706 818 745 13.
831 704 879 742 D.
900 705 946 742 de
966 705 1022 742 Re
1037 706 1151 743 Milit.
1174 707 1335 744 Athenis
1355 708 1495 744 Atticis
1513 708 1740 744 inurebatur

299 756 478 809 infamia,
516 765 549 799 si
578 774 657 797 non
685 762 788 797 fallit
819 762 967 799 Petitus
990 762 1064 799 LL.
1087 763 1204 799 Attic.
1226 763 1269 801 L.
1293 762 1394 800 VIII.
1414 763 1493 800 Tit.
1514 765 1554 802 3.
1572 776 1610 812 p.
1637 765 1740 802 557.

301 819 379 856 Sed
401 821 530 856 virum
549 817 693 856 Illustr.
715 817 855 854 Eze‘ch.
878 817 1083 868 Spanhem.
1107 818 1156 855 ad
1175 818 1421 867 Aristophan.
1443 820 1543 857 Nub.
1572 833 1610 857 v.
1636 820 1742 859 352.

300 869 364 913 adi
391 876 530 924 potius.
561 873 697 911 Wzss.

415 933 519 970 521.
538 931 612 970 21-
640 925 871 980 Ἀθηναῖοι
891 928 966 980 μὲν
986 926 1063 982 γὰρ
1085 927 1128 968 ἔκ
1148 931 1222 981 τῆς
1243 929 1420 969 Λακων.
1441 927 1533 982 ete]
1566 929 1744 967 Aemula-

300 994 364 1025 tur
394 988 599 1024 manifesto
634 983 902 1036 Thucydidem
930 986 972 1023 L.
1001 986 1063 1023 lv.
1089 988 1157 1026 13.
1191 985 1285 1023 Mox
1313 987 1557 1024 doctissimus
1588 985 1745 1023 Rhodo-

300 1057 464 1081 maunus
487 1049 638 1079 secutus
658 1045 918 1079 coniecturam
937 1056 1044 1079 suam
1062 1045 1194 1089 vertit,
1215 1056 1289 1080 sua
1311 1044 1465 1080 exclusi
1486 1050 1612 1089 terra,
1636 1043 1746 1092 quasi

302 1107 402 1137 esset
420 1097 494 1138 οὐκ
521 1095 692 1148 ἔχοντξς.
734 1098 833 1135 haud
859 1100 924 1135 ille
954 1099 1104 1147 quidem
1128 1101 1381 1145 inconcinne,
1419 1102 1516 1136 citra
1537 1102 1746 1137 necessita-

301 1164 379 1193 tem
400 1162 540 1192 tamen.
569 1154 703 1193 WESS.
752 1153 938 1191 Rhodom.
959 1157 1033 1192 sic:
1063 1158 1227 1193 restitue
1256 1152 1330 1194 οὐκ
1353 1163 1446 1192 ante
1480 1153 1649 1205 ἔχοντες.

417 1213 520 1251 522-
543 1211 615 1250 32.
649 1206 711 1249 Οὐ
731 1209 1144 1263 συγκατατιθεμένων
1163 1209 1204 1250 δ’
1229 1208 1396 1258 αὐτῶν]
1427 1210 1746 1265 ConferThucy-

303 1268 380 1306 did.
401 1267 462 1304 lv.
487 1269 561 1307 21.
588 1266 723 1303 Wnss.

419 1325 522 1364 522.
549 1323 623 1363 41.
648 1318 822 1362 ιΕκατόν
843 1319 997 1376 εἴκοσι]
1022 1321 1223 1360 Consentit
1242 1320 1491 1373 Thucydides
1512 1322 1574 1360 IV.
1591 1325 1677 1371 38.‚
1706 1325 1745 1362 id

302 1379 469 1425 addens,
498 1386 584 1416 octo
616 1378 783 1416 defuisse
812 1391 887 1428 quo
917 1382 1044 1416 minus
1068 1386 1327 1416 trecentorum
1349 1393 1530 1416 numerus
1556 1381 1746 1417 rotunda-—

299 1443 418 1473 retur.
462 1433 539 1471 Sed
569 1435 705 1472 horum
733 1436 920 1473 rationem
949 1447 1027 1473 non
1054 1435 1188 1472 habuit
1216 1435 1369 1481 Noster,
1396 1442 1440 1472 ut
1460 1449 1581 1485 neque
1604 1435 1744 1474 Strabo

301 1492 346 1531 L.
369 1491 469 1530 VIII.
495 1503 530 1538 p.
555 1492 674 1536 551.‚
694 1503 765 1527 nec
786 1490 918 1530 Schol.
940 1491 1134 1541 Aristoph.
1151 1490 1282 1540 Equit.
1301 1504 1336 1529 v.
1359 1493 1494 1532 1050.
1524 1492 1661 1529 VVEss.

418 1548 522 1587 522·
551 1548 628 1587 43.
656 1541 760 1586 ιΥπὸ
794 1545 988 1593 Κλέωνος
1015 1550 1089 1586 τοῦ
1122 1548 1371 1599 δημαγωγοῦ
1402 1546 1573 1600 στρατη]
1609 1549 1652 1585 ln
1671 1548 1745 1585 Ni-

302 1605 407 1649 ciae,
431 1616 518 1640 eum
537 1605 570 1640 is
591 1616 673 1640 sese
693 1604 828 1640 classis
848 1605 1008 1652 imperio
1030 1603 1266 1650 abdicasset,
1295 1605 1418 1641 locum
1440 1604 1622 1642 suffectus
1645 1605 1745 1654 apud

301 1658 550 1697 Plutarchum
571 1661 610 1696 in
630 1658 716 1696 Nic.
736 1673 772 1709 p.
796 1661 898 1699 527.
921 1658 985 1708 D.‚
1016 1662 1080 1697 cui
1107 1662 1222 1711 iunge
1244 1660 1537 1710 Aristophanem
1557 1663 1598 1698 in
1617 1661 1745 1710 Equit.

299 1728 339 1753 v.
361 1716 468 1755 391.
502 1729 586 1752 eum
610 1714 840 1753 Criticorum
859 1723 1031 1753 veterum
1049 1715 1209 1754 scholio.
1237 1716 1377 1756 VVEss.

416 1772 521 1811 522.
558 1773 629 1811 56.
659 1768 829 1823 ”Λρξας
858 1769 927 1823 ἕτη
948 1768 1284 1822 τεσσαράκοντα]
1315 1772 1535 1810 Decessisse
1556 1772 1628 1811 hoc
1647 1781 1744 1812 tem-

300 1839 392 1877 pore
414 1827 693 1878 Longimanum
721 1827 975 1865 Artaxerxem
1003 1841 1051 1865 ex
1078 1828 1306 1879 Thucydide
1333 1828 1374 1865 L.
1397 1829 1459 1866 IV.
1483 1832 1553 1869 50.
1582 1838 1743 1868 constat.

300 1883 346 1920 In
366 1886 478 1935 regni
498 1887 580 1921 eius
602 1886 724 1933 spatio
743 1897 814 1922 nec
836 1884 897 1921 hie
917 1897 1040 1933 neque
1058 1884 1100 1921 L.
1122 1884 1193 1921 XI.
1208 1887 1282 1925 69.
1311 1887 1390 1922 ulla
1407 1885 1627 1923 discordias
1642 1887 1743 1934 quod

298 1942 400 1977 iusto
421 1940 653 1977 contractius
674 1940 816 1978 Noster
834 1941 940 1987 fecit,
967 1942 1056 1978 illos
1077 1948 1229 1978 secutus
1248 1943 1466 1989 scriptores,
1490 1943 1626 1990 quihus
1640 1942 1744 1979 The-

297 1998 512 2033 mistoclem
531 1997 579 2033 ad
607 1994 779 2034 Xerxem
799 1999 841 2034 in
857 1996 986 2034 Asiam
1007 1998 1251 2034 contendisse
1277 1998 1463 2047 placebat.
1506 1998 1610 2035 Hinc
1640 2000 1744 2036 illius

300 2052 524 2099 productius
550 2055 662 2103 regni
690 2054 957 2099 intervallum,
987 2052 1098 2089 huius
1121 2053 1301 2099 brevius,
1332 2054 1447 2090 etiam
1474 2056 1516 2091 in
1535 2049 1743 2092 Ptolemaei

299 2106 479 2155 Canone,
509 2108 677 2146 Eusebio
694 2116 733 2145 et
758 2108 965 2159 Syncello‚
985 2110 1050 2157 qui
1071 2110 1102 2146 si
1133 2121 1201 2157 pro
1222 2119 1292 2146 xm
1314 2112 1427 2146 annis
1447 2111 1507 2148 illi
1535 2120 1620 2147 va
1642 2118 1743 2148 totos

297 2166 553 2212 inputassent‚
581 2177 667 2202 cum
688 2178 816 2202 rerum
835 2172 1028 2216 gestarum
1045 2165 1181 2202 ordine
1201 2167 1486 2215 conspirassent
1505 2169 1653 2205 melius.
1681 2167 1743 2205 Tu

299 2221 333 2256 si
353 2219 445 2257 haee
479 2220 634 2257 uberius
656 2223 887 2271 conprobata
908 2221 1123 2267 desidera,
1155 2223 1302 2271 inspice
1322 2224 1630 2260 accuratissimae
1649 2223 1743 2261 dili-

295 2278 449 2326 gentiae
472 2274 672 2314 Conment.
708 2275 764 2315 Cl.
796 2277 904 2315 Hier.
928 2290 1005 2315 van
1035 2276 1184 2326 Alphen
1213 2280 1253 2315 in
1274 2276 1428 2315 Daniel.
1452 2289 1510 2316 lx.
1539 2278 1654 2317 Parte
1674 2279 1741 2316 111.

296 2345 329 2369 c.
350 2334 391 2373 6.
418 2331 555 2369 Wssss.

411 2388 515 2427 522.
551 2389 623 2428 57.
668 2385 829 2442 Ξέρξης
859 2387 1121 2439 ἐβασίλευσεν
1152 2385 1367 2442 ἐνιαυτὸν]
1399 2389 1495 2428 Vide
1520 2380 1684 2428 inferius
1705 2403 1738 2426 c.

297 2444 369 2484 71.
395 2443 532 2481 Wnss.

409 2501 514 2540 522.
548 2499 620 2540 58.
673 2497 845 2540 Αἴκλων
877 2497 1179 2552 ἀποστάντων]
1220 2498 1459 2540 Restituatur
1491 2499 1638 2542 Λῖκων
1676 2504 1739 2540 vel

292 2552 502 2595 Αἶκούων.
523 2554 659 2592 ΒΗου.
687 2556 745 2593 Ad
767 2556 878 2594 huius
898 2559 1026 2609 gentis
1044 2557 1272 2595 vocabulum
1292 2559 1600 2607 frequentissime
1625 2562 1664 2596 in
1679 2559 1738 2595 his

292 2611 402 2647 libris
424 2612 609 2649 offensum
638 2612 777 2659 fuisse,
806 2614 890 2650 (lixi
919 2621 1042 2651 antea.
1079 2610 1225 2652 Αἴκων
1260 2627 1394 2652 verum
1426 2616 1500 2651 erit
1522 2622 1589 2652 aut
1616 2614 1738 2653 Αἰκι-

291 2667 413 2713 κλῶν,
431 2670 465 2704 si
484 2667 552 2705 Ph.
572 2665 794 2706 Cluverium
817 2669 900 2707 Ital.
924 2670 1016 2709 Ant.
1040 2668 1086 2707 11.
1114 2671 1184 2710 16.
1209 2670 1356 2708 audias.
1394 2669 1453 2708 De
1480 2671 1579 2708 bello
1601 2670 1736 2709 Livius

290 2721 332 2759 L.
359 2722 420 2760 lV.
439 2725 513 2764 26.
534 2729 572 2760 et
591 2735 669 2775 seq.
701 2724 832 2763 Wzss.
