1828 3253
316 42 413 83 484
506 37 1027 78 ANNO'I‘A'I‘IONES
1069 39 1130 79 IN
1162 39 1272 78 LIB.
1302 41 1346 78 V.
1374 40 1501 79 CAI'.
1541 44 1705 83 83.8*1.

322 162 400 192 tem
447 152 622 202 primitus
664 150 804 188 dictam
842 149 1074 189 Tenedum
1092 153 1214 190 fuisso
1260 153 1508 190 consentiunt
1549 154 1767 203 scriptores.

318 208 538 248 Hesvchius
566 202 743 260 Aet'moq
749 221 843 258 ρυς,
880 203 905 259 ἡ
941 206 1114 253 Ιέιεὸος
1140 206 1186 247 τὸ
1211 205 1293 247 πά)
1298 225 1351 247 αι.
1394 209 1501 246 Adde
1528 209 1696 247 Plinium
1724 210 1768 247 L.

319 266 368 303 V.
389 267 463 305 31.
497 270 535 300 et
553 262 700 302 Conon.
732 263 886 300 Narrat.
908 263 1067 300 XXIX.
1099 264 1238 301 Wssss.

436 321 540 360 399.
572 321 617 359 2.
663 318 818 370 Τέννην
845 318 900 364 εἷς
920 315 1105 371 Λάρνακα
1132 318 1305 360 ἐνθέντα
1326 318 1651 371 καταποντίσαι]
1693 321 1769 358 Fa-

320 379 450 416 bulam
481 381 633 426 praeter
665 374 895 412 Pausaniam
926 382 965 412 et
999 374 1193 414 Cononem
1231 386 1511 427 proposuerunt
1547 377 1683 415 Critici
1720 377 1769 415 ad

320 434 430 472 Iliad.
450 433 509 479 A,
532 433 604 472 38.
635 430 770 468 Wssss.

436 489 542 528 399
582 489 623 527 7.
684 484 886 538 Αὐλητοῦ
925 502 1036 534 τινος
1074 487 1243 538 ψευᾶῶς
1287 485 1667 541 καταμαοτιρῆσαν
1671 487 1771 541 τος]

322 547 477 613 ,Μοῖρο
477 545 623 582 homini
644 555 784 580 nomen
812 550 919 590 erat,
947 543 1013 592 qui
1046 543 1117 581 hoc
1142 547 1311 594 periurio
1341 546 1487 592 effecit,
1516 553 1558 582 ut
1582 544 1771 591 Τενέδιος

322 598 506 653 αὗλητης
524 603 566 637 in
593 600 835 648 proverbium
855 570 979 636 abiret
1007 599 1070 638 ἐπὶ
1091 603 1174 639 τῶν
1204 599 1255 640 τὰ
1277 602 1412 653 ψευδῆ
1434 617 1571 654 μαρτυ
1575 617 1673 654 (mvn
1676 616 1772 648 των,

323 660 482 696 docente
506 655 702 704 Stephano
732 657 773 692 in
805 653 992 702 Τένεδος.
1041 656 1216 694 Eundem
1247 659 1404 707 respicit
1432 657 1661 707 Lycophron
1680 658 1772 694 Ale-

322 714 462 753 xandr.
479 727 525 752 v.
546 713 666 759 234,
690 711 755 748 sed
780 718 930 761 praeter
950 719 1096 749 ceteros
1118 711 1347 750 Plutarchus
1368 716 1412 757 Q.
1436 714 1570 751 Graec.
1592 727 1627 763 p.
1648 715 1754 753 297.
1746 741 1769 760 .‚

323 772 392 809 ubi
420 773 461 808 in
492 781 646 806 caussas
677 769 860 816 inquirit,
901 781 970 805 cur
1000 774 1039 804 et
1068 769 1218 806 tibicini
1249 770 1494 807 interdictum
1526 772 1577 806 sit
1600 771 1706 807 aditu
1728 771 1770 806 in

324 827 475 865 Tenuis
495 826 699 874 templum,
731 824 914 872 nefasque
933 823 1116 861 habeatur
1135 824 1296 862 Achillis
1316 826 1370 863 ibi
1390 839 1528 863 nomen
1547 839 1771 873 memorare,

324 883 573 921 consentiens
593 881 763 929 adprime
782 878 967 917 Diodoro.
997 880 1131 917 VVEss.

437 938 542 977 399.
581 938 656 976 22-
706 937 804 975 Τῶν
843 934 888 975 δὲ
916 936 1047 975 Κυκλ.
1080 951 1217 1004 νησων
1248 932 1324 983 τὰς
1351 935 1514 983 ahl-mg
1542 932 1770 991 κατῴκισε]

325 994 394 1032 Sic
415 1006 464 1031 ex
484 996 647 1031 vetustis
664 992 775 1029 libris
795 991 948 1029 refinxi.
989 992 1150 1029 Voces
1132 1007 1296 1043 ερημων
1319 990 1455 1032 οὐσῶν
1479 997 1598 1031 nimia
1617 994 1774 1030 solertia

325 1064 374 1089 ex
397 1049 659 1098 superioribus
686 1048 760 1085 huc
786 1049 1028 1099 ingesserant
1050 1049 1212 1088 librarii.
1245 1049 1380 1088 IVESS.

439 1107 545 1146 399.
578 1106 653 1144 25.
677 1101 819 1143 Ἀλλὰ
842 1104 911 1143 καὶ
932 1101 1038 1144 κατὰ
1059 1120 1134 1157 την
1149 1103 1314 1151 Ἀσίαν]
1355 1104 1460 1142 Idem
1482 1101 1586 1143 ἄλλα
1610 1104 1677 1144 καὶ
1701 1104 1774 1142 hoc

325 1163 479 1213 quidem
500 1163 585 1199 loco
614 1167 727 1210 atque
757 1162 832 1197 imo
858 1174 979 1207 vero,
1012 1162 1126 1198 sicuti
1148 1161 1190 1198 L.
1211 1160 1318 1199 XIII.
1342 1162 1417 1201 94.
1464 1161 1659 1198 potuisset
1688 1157 1773 1201 διό-

323 1235 398 1272 περ
429 1216 477 1258 οὗ
494 1213 624 1269 μόνον
653 1215 694 1255 ἐν
724 1221 816 1263 ταῖς
847 1213 1008 1270 νήσοις,
1046 1214 1152 1255 ἀλλὰ
1182 1216 1262 1255 καί.
1312 1216 1389 1254 Sed
1412 1217 1483 1254 hoc
1510 1218 1771 1257 arbitrarium.

324 1276 510 1324 Suspicor
541 1279 669 1311 autem
688 1286 753 1320 ea,
783 1286 878 1323 quae
909 1276 1038 1310 statim
1059 1273 1291 1319 succedunt,
1317 1287 1396 1310 non
1418 1277 1546 1311 omnia
1574 1288 1656 1311 esse
1678 1273 1774 1311 Dio-

324 1333 434 1378 dori,
457 1330 524 1367 sed
545 1331 816 1377 intempestiva
835 1332 996 1367 aliorum
1019 1342 1134 1377 opera
1154 1332 1249 1366 mire
1280 1331 1528 1378 interpolata:
1559 1332 1668 1367 cuius
1692 1332 1776 1377 opi-

323 1390 454 1426 nionis
484 1399 639 1423 caussas
669 1385 809 1433 habeo,
846 1393 927 1422 tum
960 1387 1061 1434 quod
1092 1387 1214 1423 bonae
1243 1392 1356 1422 notae
1381 1384 1498 1422 Codd.
1528 1385 1619 1422 haec
1649 1386 1776 1423 desint

324 1446 521 1490 universa,
549 1448 629 1479 tum
653 1442 767 1479 etiam
788 1442 889 1491 quod
914 1440 1259 1488 Rhadamanthum,
1281 1441 1489 1492 Erythrum
1509 1448 1622 1490 atque
1646 1442 1776 1479 Oeno-

325 1503 479 1551 pionem
505 1511 601 1548 quae
632 1505 826 1546 spectant,
858 1500 939 1547 ipse
972 1498 1127 1535 uberius
1160 1499 1397 1547 explicuerat
1428 1511 1505 1535 non
1534 1501 1654 1536 multo
1685 1506 1774 1536 ante

324 1557 453 1596 c.'7.‹9.
497 1554 582 1591 Hoc
607 1555 793 1603 ampliu8‚
830 1556 886 1591 ait
921 1566 1002 1591 sese
1033 1554 1079 1592 de
1108 1555 1321 1592 minoribus
1349 1555 1512 1602 insulis,
1550 1568 1644 1605 quae
1673 1557 1776 1592 inter

327 1611 514 1662 Cyclades
539 1611 807 1657 censebantur,
839 1610 1052 1658 dicturum,
1082 1618 1120 1648 et
1139 1613 1208 1648 vix
1230 1623 1345 1648 unam
1367 1617 1481 1659 atque
1502 1613 1660 1649 alteram
1680 1624 1774 1648 enu-

327 1675 468 1707 metat:
501 1680 596 1717 quae
618 1680 709 1704 sane
732 1680 865 1715 parum
885 1666 1102 1704 cohaerent.
1133 1667 1274 1704 Wssss.

443 1725 548 1763 399-
579 1725 654 1763 26
704 1722 790 1762 Καὶ
821 1722 992 1777 Μίνῳαι
1014 1718 1290 1774 καλούμεναι]
1330 1720 1499 1774 Corrigit
1528 1723 1569 1760 in
1602 1723 1777 1761 Addend.

325 1779 494 1822 Μίνωοι
526 1781 749 1818 καλοῦνται
776 1778 981 1827 Rhodom..
1010 1780 1110 1828 quod
1138 1780 1293 1829 probari
1321 1787 1471 1827 posset,
1506 1781 1583 1816 nisi
1614 1781 1776 1816 fortasse

323 1839 635 1888 intelligerentur
665 1837 771 1882 loca,
807 1837 944 1885 quibus
975 1832 1162 1875 Μινώιον
1194 1837 1270 1873 fuit
1297 1848 1529 1886 cognomen:
1563 1837 1776 1874 cuiusmodi

325 1895 436 1943 plura
457 1906 524 1942 per
542 1891 717 1930 Siciliam
739 1891 1014 1940 Graeciamque
1035 1906 1057 1930 a
1078 1879 1318 1943 Geographis
1337 1898 1608 1928 memorantur.
1640 1892 1776 1929 Wssss.

441 1950 546 1988 399.
576 1949 650 1988 32.
699 1947 774 1994 Εἷς
801 1945 876 1994 τὰς
903 1963 1055 2000 νησους
1078 1970 1127 1977 —-
1147 1945 1362 2017 κειμένας]
1402 1948 1507 1985 [dem
1536 1951 1597 1986 vir
1615 1947 1772 1988 clariss.

326 2006 492 2043 malebat
525 2004 566 2044 ἐν
603 2006 695 2050 ταῖς
726 2000 868 2056 νήσοις
900 2026 949 2032 -—
982 2019 1074 2050 ταις
1104 2002 1318 2055 κειμέναις·
1364 2016 1438 2052 quo
1468 2017 1546 2041 non
1584 2018 1683 2053 opus
1707 2012 1776 2042 est.

325 2061 522 2110 Frequens
552 2062 655 2098 enim
683 2059 776 2098 haec
804 2062 1101 2111 praepositionis
1130 2062 1316 2110 enallage.
1356 2059 1424 2097 Sic
1454 2059 1496 2097 L.
1516 2060 1627 2097 XIII.
1654 2063 1723 2100 12.
1750 2058 1775 2113 ἢ

327 2115 594 2168 καθημένους
626 2116 681 2162 εἷς
712 2116 912 2156 Σικελίαν.
955 2116 995 2153 S.
1018 2116 1140 2156 Iucas
1162 2117 1207 2154 A.
1234 2116 1280 2155 A.
1302 2116 1405 2153 VIII.
1426 2117 1503 2156 40.
1535 2112 1686 2168 εὑρέθη
1722 2117 1777 2163 εἷς

315 2170 511 2222 Ἀζωτον.
550 2172 646 2209 Vide
669 2177 843 2224 superlus
864 2173 910 2213 L.
934 2173 1012 2210 III.
1004 2175 1102 2226 44.
1135 2180 1174 2211 et
1195 2172 1378 2224 Sylburg.
1411 2173 1537 2210 Praef.
1558 2175 1599 2210 in
1613 2172 1777 2210 Pansam

328 2244 365 2280 p.
390 2231 495 2269 932.
530 2228 665 2267 WVEss.

441 2286 546 2324 399.
579 2286 651 2325 38.
688 2280 1175 2354 Ἐθαλαττοκράτησαν]
1214 2285 1335 2322 Vetus
1367 2287 1531 2335 scriptor
1555 2284 1653 2334 apud
1684 2284 1778 2321 Sui-

327 2341 414 2378 dam
436 2356 473 2379 v.
495 2337 720 2407 Κρησσιος,
755 2339 866 2388 Τοὺς
889 2343 1035 2395 Κᾶρας
1064 2343 1461 2393 θαλαττοκρατῆσαι
1491 2339 1644 2392 λέγεται
1674 2356 1724 2390 με
1710 2356 1777 2379 (τα

328 2396 457 2437 Μίνω
477 2394 550 2436 τὸν
564 2392 791 2448 Κρησσιον.
819 2398 864 2435 de
886 2411 959 2447 quo
983 2401 1101 2436 maris
1121 2412 1251 2435 eorum
1270 2399 1430 2446 imperio
1452 2397 1500 2436 ls.
1530 2396 1777 2434 Casaubonus

328 2453 574 2502 inP01y1›.p.
600 2454 715 2497 194..
724 2454 781 2494 ed.
803 2453 993 2501 Gronov„
1013 2463 1051 2491 et
1070 2455 1211 2491 Noster
1233 2456 1405 2503 superius
1429 2453 1719 2492 c.53.W1zss.

447 2510 554 2549 400
583 2510 656 2548 43.
705 2509 787 2547 Καὶ
809 2508 882 2548 τοὺ
886 2525 905 2556 ς
921 2506 1164 2562 ,ἰαοβάοοις
1182 2512 1329 2561 Κᾶρας
1349 2509 1391 2556 {g
1411 2506 1548 2548 αὐτῶν
1572 2508 1748 2547 ἐκπεσεῖι
1759 2507 1776 2557 ]

327 2564 545 2616 Contigisse
576 2565 616 2601 id
644 2567 747 2602 cilca
776 2569 1018 2617 migrationis
1052 2567 1202 2604 Ionicae
1234 2574 1380 2615 tempus
1428 2579 1476 2602 ex
1506 2566 1694 2602 Strabone
1734 2563 1776 2600 l..

327 2621 434 2658 xlv.
461 2635 499 2673 p.
521 2622 627 2663 938
662 2629 705 2663 et
720 2621 969 2661 I'ausaniaL.
993 2623 1075 2661 V.11
1095 2625 1137 2663 2.
1171 2624 1363 2662 novimus.
1401 2621 1537 2659 Wnss.

1797 10 1819 33 ,⁸
