1828 3253
265 37 358 78 590
723 33 1245 76 ANNOTATIONES
1305 62 1308 67 -

262 144 395 188 πολλὰ
426 142 532 198 πρὸς
559 147 776 199 βιωφελεΐς
799 145 941 201 χρείας
969 151 1056 196 τοῖς
1085 144 1337 203 ἀνθρώποις.
1363 146 1435 187 Cui
1454 148 1550 186 adde
1576 148 1707 187 Gemi-

262 217 357 242 num
379 203 528 253 Isagog.
558 216 589 239 c.
619 204 688 243 14.
715 203 847 241 Wnss.

380 261 484 299 501.
513 260 584 298 14.
625 256 736 306 Τοὺς
764 257 839 311 τὴν
861 257 976 312 Σῖριν
1007 258 1264 312 καλουμένην
1291 258 1531 310 οἷκοῦντας]
1560 257 1708 296 Bellum

265 314 491 352 Tarentinis
511 321 550 351 et
570 314 729 352 Thuriis
750 316 794 351 de
812 316 904 352 urbe
924 317 1061 362 fuerat,
1091 317 1190 365 quod
1215 318 1378 365 positum
1398 315 1458 353 his
1477 316 1708 353 conditioni-

265 372 350 418 bus,
365 378 407 408 ut
426 382 546 419 aequo
569 374 757 420 utrimque
778 372 859 408 iure
881 374 1126 419 incoleretur,
1150 374 1302 409 colonia
1326 381 1454 409 tamen
1477 371 1709 409 Tarentino·

262 441 348 465 rum
368 427 583 474 haberetur,
598 434 695 464 teste
716 427 907 465 Antiocho
929 430 969 465 in
992 427 1171 466 Strabon.
1194 428 1236 465 Ι.
1257 429 1321 467 Vl.
1345 442 1381 478 p.
1401 429 1523 474 406„
1544 429 1581 465 id
1599 441 1708 477 prae-

262 492 369 522 terea
387 484 564 530 addente,
595 480 784 549 ὕστῖρον
792 480 833 521 d’
861 479 1017 535 ιΙ·Ι()οίκ7
1022 500 1106 523 aar
1128 486 1175 523 κ7
1179 487 1358 536 ηθῆναι,
1388 500 1437 534 με
1422 486 1710 534 rafiam-bom

265 539 332 579 καὶ
354 536 538 590 τοῖιομα
559 538 626 577 καὶ
645 536 716 578 τὸν
739 554 881 580 τοπον.
910 540 1027 578 Plura
1047 540 1115 578 Ph.
1138 539 1339 578 Cluverius
1360 541 1442 577 ital.
1463 541 1553 579 Ant.
1578 539 1620 576 L.
1644 538 1708 576 lv.

264 609 301 646 p.
328 596 459 636 1273.
491 596 624 633 NVEss.
665 594 932 633 Rhodomanni
955 598 1331 645 interpretationem,
1366 597 1450 634 Tm
1453 599 1579 634 entini
1604 596 1710 633 Siris

266 654 401 704 oppidi
420 653 572 689 incolas
592 653 671 689 alio
702 653 881 701 migrare
910 660 1078 701 cogunt,
1110 660 1150 690 et
1169 655 1325 691 colonia
1345 666 1504 691 suorum
1523 654 1618 690 illuc
1643 654 1710 690 de-

265 711 384 747 ducta
406 708 552 754 urbem,
574 710 642 745 cui
659 722 761 745 nunc
782 708 1012 746 Iler-acleae
1034 723 1170 746 nomen
1192 717 1264 757 est,
1282 712 1465 756 condunt,
1485 722 1579 757 quac
1600 721 1710 756 quam

262 767 364 803 falsa
387 767 438 801 sit
456 766 519 802 vel
543 763 748 801 Strabonis
772 766 891 803 verba
913 765 1067 813 docent,
1092 767 1224 803 multis
1252 767 1466 817 exagitavit
1488 765 1710 803 Mazochius

262 822 312 859 ad
332 822 407 859 tab.
428 820 579 857 Heracl.
599 832 635 868 p.
658 821 731 860 65.
755 833 785 857 s,

380 879 483 916 502.
511 877 580 916 19.
609 876 693 915 Καὶ
715 875 871 915 Νίττον
890 873 1126 928 Μενήνιον]
1156 877 1231 915 Pro
1253 876 1408 916 Νίττον
1431 876 1534 914 haud
1554 876 1666 913 dubie
1687 889 1710 913 a

261 932 435 971 Diodoro
457 935 642 980 scriptum
662 934 737 969 fuit
760 934 901 972 Τῖτον.
949 933 1028 971 Alii
1049 941 1175 971 tamen
1193 932 1419 986 Ἀγρίππαν
1438 935 1586 970 faciunt
1603 945 1711 981 prae-

261 1003 416 1028 nomen.
458 987 597 1025 Rnon.
644 988 790 1026 Firmat
816 988 1087 1028 Rhodomanni
1119 992 1381 1027 coniecturam
1414 997 1524 1028 vetus
1556 992 1709 1036 interp.,

262 1047 330 1096 qui
361 1050 394 1083 si
427 1047 553 1084 Τῖτον
585 1058 654 1082 suo
684 1046 725 1082 in
755 1046 855 1082 libro
883 1048 1091 1096 repererit,
1129 1047 1229 1084 idem
1250 1053 1289 1083 et
1309 1060 1380 1097 ego
1412 1046 1710 1094 conprobavero.

261 1102 442 1140 Fortasse
472 1108 598 1138 tamen
618 1101 856 1140 NITTON
874 1115 961 1151 pars
986 1110 1067 1151 est,
1103 1104 1168 1140 sed
1190 1103 1420 1151 depravata,
1449 1102 1709 1151 praenominis

262 1158 496 1210 Agrippae,
526 1157 627 1207 quod
658 1159 719 1194 illi
753 1157 889 1195 Livius
922 1158 966 1198 L.
990 1159 1053 1196 IV.
1078 1161 1147 1200 13.
1183 1161 1386 1209 pluresque
1413 1160 1480 1196 alii
1505 1161 1708 1207 inponunt.

261 1214 385 1252 Porro
407 1213 601 1250 Archonte
620 1206 867 1263 Pythodoro,
897 1226 1006 1262 quem
1032 1215 1091 1252 his
1116 1229 1202 1252 cum
1223 1214 1328 1252 Coss.
1350 1222 1483 1252 auctor
1503 1215 1708 1260 conmittit,

260 1270 466 1318 Euripides
496 1269 680 1307 Fabulam
711 1269 883 1307 Medeam
913 1271 1055 1309 docuit.
1097 1271 1373 1319 Aristophanes
1393 1271 1638 1308 Grammatic.
1666 1270 1707 1306 in

262 1327 499 1378 Argumento
521 1325 567 1362 11.
589 1328 672 1362 eius
691 1325 944 1377 Tragoediae,
971 1323 1188 1379 ἕὸιὸάχθη,
1218 1329 1366 1377 inquit,
1397 1326 1460 1365 ἐπὶ
1481 1320 1707 1366 Πυθιοὸώ-

262 1399 338 1436 pov
360 1380 560 1434 ἅοχοιτος
581 1379 687 1420 κατὰ
713 1380 788 1434 τὴν
810 1380 1137 1435 ὀγδοηκοστηνέ
1141 1379 1294 1435 9ὄόμην
1315 1378 1587 1433 ’.Ο7ῑμπιάὸα.
1630 1381 1708 1420 Ubi

260 1433 532 1487 Πυθοδώρου
559 1439 606 1474 ob
628 1437 840 1475 Diodorum
862 1446 900 1475 et
920 1438 1140 1489 Thucydid.
1161 1439 1208 1476 ll.
1228 1442 1270 1479 2.
1292 1446 1471 1488 praestat.
1505 1437 1641 1477 XVESS,

379 1497 482 1535 502
495 1495 570 1533 23.
584 1490 765 1545 Σπόριος
777 1490 961 1547 Μάνιος]
977 1495 1053 1532 Pro
1065 1492 1169 1535 Μάν
1162 1511 1233 1542 (ος
1248 1496 1380 1533 redeat
1392 1509 1460 1532 ceu
1471 1483 1708 1545 postliminio

261 1551 461 1597 ]1.’[αι’7ιος.
491 1549 630 1586 RHOD.
661 1549 778 1587 Recte
798 1549 1112 1590 Rhodomannus.
1141 1552 1288 1590 Vitium
1307 1552 1466 1589 debetur
1490 1551 1707 1588 errantibus

259 1609 454 1654 librariis3
483 1620 572 1643 nam
595 1605 781 1653 ΝΙαίλιος
798 1606 862 1644 hic
882 1609 972 1645 olim
992 1609 1134 1656 fuisse,
1164 1605 1332 1655 Μάλιος
1351 1609 1510 1654 indicat,
1541 1609 1583 1644 in
1603 1609 1708 1656 capi-

261 1667 315 1702 tis
335 1664 447 1701 huius
466 1669 692 1713 argumento
713 1671 917 1712 superstes.
940 1663 1051 1701 Conf.
1073 1665 1225 1702 Livium
1244 1664 1308 1702 IV.
1333 1666 1404 1705 14.
1431 1664 1566 1701 WESS.

378 1721 481 1760 502.
500 1721 575 1759 27.
602 1716 971 1771 Προσκαθῆμενος
992 1723 1042 1774 τῇ
1066 1717 1207 1771 πόλει]
1247 1720 1305 1758 De
1326 1721 1526 1758 obsidione
1549 1721 1604 1757 sic
1623 1733 1706 1757 sae·

261 1788 320 1825 pe.
333 1776 421 1813 Vid.
437 1776 539 1813 infra
558 1789 590 1812 c.
603 1777 676 1815 72.
699 1774 834 1812 Paullo
854 1778 965 1814 aliter
983 1791 1073 1828 περι
1094 1774 1354 1844 Πεὸῥαιβίαν
1373 1778 1706 1843 προσκαθῆσθαι

261 1832 305 1870 L.
328 1831 443 1871 XlX.
468 1833 556 1878 35.,
581 1833 793 1870 etPausan.
813 1832 897 1870 Vll.
922 1834 1005 1880 15.,
1021 1829 1266 1881 Ἡράκλειαν
1298 1833 1342 1873 δὲ
1371 1828 1703 1885 προσεκάθηντο,

259 1890 576 1940 πολιορκοῦντες
602 1885 650 1927 οὗ
669 1887 950 1939 βουλομένους
969 1895 1040 1926 etc.
1058 1889 1328 1928 Phormionem
1345 1896 1384 1927 et
1402 1888 1614 1926 obsidionis
1633 1888 1704 1925 hu-

261 1947 323 1983 ius
343 1951 492 1994 tempus
512 1947 643 1995 signat
661 1943 879 1982 Athenaeus
900 1945 942 1982 L.
964 1945 1009 1982 V.
1043 1946 1114 1986 15.
1150 1945 1287 1983 WVESS.

378 2002 483 2041 502.
508 2001 581 2040 35.
599 1998 699 2052 ’Έτη
721 1997 794 2040 δύο
816 1998 919 2053 πρὸς
938 2006 1025 2047 τοῖς
1044 1999 1194 2051 εἴκοσι]
1225 2001 1368 2038 Eadem
1387 1999 1602 2050 Dionysius
1621 1999 1704 2038 Ha·
1722 2035 1726 2037 ,

259 2058 440 2096 licarnaS.
465 2056 512 2093 T.
534 2057 580 2093 11.
602 2070 637 2106 p.
663 2058 767 2097 142.
792 2064 829 2094 et
846 2064 978 2095 auctor
996 2059 1098 2095 infra
1119 2057 1160 2095 L.
1182 2057 1293 2096 Xlll.
1315 2059 1390 2097 42.
1434 2057 1557 2094 Aliter
1575 2064 1702 2094 autem

262 2115 354 2150 olim
377 2113 618 2163 Thucydidis
635 2114 754 2150 fuisse
773 2114 919 2151 divisos
937 2114 1081 2161 libros,
1112 2115 1261 2151 abunde
1280 2115 1476 2164 cognitum
1497 2121 1554 2150 est
1572 2126 1619 2150 ex
1644 2113 1702 2149 his

261 2169 482 2206 Marcellini
503 2169 548 2236 (le
569 2169 645 2206 Vit.
668 2168 843 2220 Thucyd.
865 2183 981 2239 prope
1001 2170 1135 2207 finem:
1172 2169 1306 2209 ἰστέον
1335 2168 1413 2208 de*
1402 2167 1463 2209 ότι
1494 2167 1569 2220 τὴν
1597 2184 1703 2220 πρα-

260 2240 388 2277 ῃματὲ
373 2225 458 2263 clm
479 2222 607 2264 αὐτοῦ
630 2240 667 2264 οι
687 2225 764 2276 μὲν
781 2225 1003 2296 κατέτεξων
1022 2227 1077 2272 εἰς
1095 2223 1409 2277 τρεισκαίδεκα
1396 2225 1603 2292 ιστορίας,
1633 2224 1705 2264 ἄλ-

261 2283 325 2319 λοι
347 2279 390 2319 dr*
410 2278 460 2319 ἄ7
465 2282 557 2326 λως.
593 2277 707 2331 ὅμως
729 2281 773 2320 δὲ
793 2278 817 2334 ἡ
841 2285 893 2321 π7
898 2283 1009 2334 είστη
1034 2298 1100 2321 και
1121 2278 1145 2334 ἢ
1169 2280 1280 2333 κοινὴ
1304 2278 1538 2335 κεκράτηκε,
1566 2280 1612 2321 τὸ
1632 2279 1702 2333 με’·

257 2351 327 2388 χρι
349 2339 433 2376 τῶν
454 2334 562 2375 ὅκῖιυ
583 2336 810 2389 ὁιῃοῆοθα(
831 2337 906 2390 τὴν
927 2338 1222 2391 πραςματειᾞαν
1268 2337 1446 2375 Fortasse
1469 2346 1557 2375 nata
1578 2339 1703 2375 omnis

263 2393 357 2430 haec
377 2399 435 2429 est
453 2393 664 2442 discordia,
687 2394 788 2442 quod
813 2409 898 2432 cum
918 2394 1165 2445 Thucydides
1183 2398 1366 2432 contiuua
1389 2396 1559 2431 oratione
1580 2395 1700 2432 histo-

262 2450 361 2486 riam
387 2450 646 2496 absolvissetffg
675 2448 809 2488 Critici
839 2452 998 2492 eandem
1017 2454 1058 2488 in
1090 2453 1216 2500 plures
1234 2453 1482 2500 paucioresve
1502 2452 1620 2488 libros
1641 2464 1699 2487 se-

264 2508 434 2542 cuerint:
456 2508 705 2555 quae-opinio
726 2514 785 2543 est
805 2506 935 2544 Schol.
948 2506 1159 2544 Cassellani
1178 2516 1348 2544 extremo
1373 2507 1414 2543 L.
1427 2507 1489 2544 [V.
1510 2507 1606 2545 Vide
1617 2506 1698 2543 Du-

263 2559 347 2600 ker
370 2573 406 2610 p
428 2562 534 2603 6148
566 2568 603 2597 et
624 2560 805 2611 Stephan.
827 2576 862 2612 p.
885 2566 989 2604 662.
1011 2563 1100 2599 edit.
1122 2562 1278 2600 Amstel.
1304 2563 1355 2600 W
1360 2574 1445 2601 ESS.

380 2619 483 2657 502.
507 2618 579 2657 38.
608 2614 777 2657 Ζ1Ἰάνιον
795 2616 1063 2686 Αιμιλιανὸν]
1095 2618 1291 2656 Tribunos
1310 2621 1474 2657 militum
1495 2621 1551 2656 sic
1572 2620 1611 2656 in
1632 2632 1697 2656 or-

263 2672 391 2712 dinem
409 2674 541 2726 redige
561 2687 606 2712 ac
626 2677 797 2726 corrige:
829 2672 947 2716 Mdv
961 2675 1159 2727 Αἰμίλιον
1175 2671 1422 2731 Μάμερκον,
1451 2671 1577 2715 Γάϊον
1594 2671 1696 2714 Ἰού-
