1828 3253
417 121 481 161 IN
521 121 636 159 LIB.
671 121 702 162 1.
739 120 867 162 CAP.
903 122 977 163 96.
1008 123 1082 163 97.
1392 124 1483 165 153

146 240 248 279 108.
285 236 355 277 58.
394 233 571 280 Σκοτιάς
593 229 769 286 (Εκάτης
800 230 941 286 ἱερὸν]
987 234 1072 272 Hoc
1091 235 1223 273 fanum
1244 235 1284 274 in
1303 237 1484 288 Aegypto

30 297 197 343 reperire
226 293 327 330 haud
357 292 534 337 memini,
577 290 643 327 sed
664 291 826 327 Veneris
850 289 1026 336 Σκοτιάς
1056 293 1098 328 in
1124 291 1294 342 Hesych.
1315 293 1483 333 Σκοτία.

30 350 145 387 Haud
170 350 282 387 dubie
308 355 434 385 tamen
457 360 501 383 ea
523 353 601 393 est,
640 358 734 394 quac
757 345 910 395 Orpheo
931 347 1142 397 Argonaut.
1165 350 1297 396 972,
1340 345 1485 389 αἰολό-

30 422 140 458 ¹1109q
152 420 210 454 ος,
241 401 456 456 τρισσοκέᾳ
466 404 578 449 αλος,
601 400 724 441 ὀλοὸν
744 400 866 454 τέρας
887 399 974 441 οὔτι
995 401 1165 453 δαητὸν,
1189 401 1486 457 Ταρταρόπαις

26 458 200 512 ιΕκάτή,
251 472 420 508 quaeque
450 472 537 508 pars
566 457 666 495 haud
688 465 881 506 postrema
902 459 1136 505 inferorum,
1179 472 1362 509 quorsum
1383 469 1420 498 et
1441 475 1486 499 ea.

34 524 222 567 spectant,
254 528 349 564 quae
372 521 598 562 sequuntur,
617 517 738 559 varie,
758 521 801 551 ut
821 517 863 551 in
882 515 1038 563 fabulis,
1054 517 1197 564 exponi
1216 518 1341 554 solita.
1373 516 1486 555 Conf.

30 573 208 610 Aeschin.
233 571 382 609 Socrat.
407 570 455 607 D.
489 570 556 608 III.
585 572 656 611 19.
688 571 822 608 wass.

146 642 248 680 108.
277 640 349 680 64.
389 635 610 678 {Anavfflov
638 633 780 687 πόλει]
828 637 984 675 Mallem
1009 633 1203 693 mutim-‹3›
1236 636 1392 688 πόλει,“
1420 643 1486 679 vel

22 693 257 736 ,Ἀκανθίων
279 691 407 741 πόλει,
431 694 641 731 secundum
652 696 769 730 alios:
802 697 1012 742 quinetiam
1023 695 1233 733 secundum
1252 699 1377 745 ipsum
1388 696 1485 735 Dio-

31 753 188 798 dorum,
220 765 306 788 cum
326 752 441 796 alibi,
474 757 555 787 tum
583 763 619 799 p.
645 751 764 796 320,
796 748 872 801 τὴν
897 748 1132 790 Ἀκανθίων
1163 748 1294 791 πόλιν.
1328 753 1484 792 STEPH.

29 808 130 859 Lege
155 821 240 845 cum
259 806 308 845 H.
329 805 723 854 Steph.142av31'0›v.
750 805 886 843 ΒΗου.
916 807 1006 844 Non
1025 808 1166 844 accedo
1186 811 1282 846 viris
1303 810 1484 848 doctissi-

30 867 115 901 mis.
145 865 177 900 A
203 866 337 913 spinis,
367 875 528 911 quarum
549 863 604 900 ibi
624 864 756 910 lucus,
787 869 832 899 ut
861 865 995 902 κυνῶν
1018 859 1136 911 πόλις
1155 878 1179 901 a
1207 866 1367 903 canibus
1398 875 1436 904 et
1459 881 1483 905 a

28 922 130 969 lupis
161 915 295 959 λύκων
324 916 462 966 πόλις,
510 922 674 967 primum
698 916 917 957 Ἀκανθῶν
949 915 1091 966 πόλις,
1129 921 1231 969 quod
1260 923 1483 961 Ptolemaeo

31 976 97 1013 lv.
118 976 259 1026 Geogr.
285 976 323 1015 5.
349 988 384 1023 p.
410 977 526 1022 120„
557 975 760 1012 addicente
784 974 855 1012 Ms.
877 973 1050 1023 Coislin.,
1071 975 1129 1015 Cl.
1152 976 1315 1018 Salmas.
1338 980 1387 1016 ad
1407 979 1484 1017 So·-

30 1034 99 1069 lin.
128 1046 163 1081 p.
186 1033 291 1072 376.
320 1033 510 1077 restituit,
544 1031 682 1067 deinde
702 1028 913 1077 ’Ἀκανθος
944 1032 1020 1068 dici
1051 1041 1186 1082 coepta
1217 1042 1286 1072 est.
1341 1035 1484 1074 Aberat

31 1087 200 1137 Memphi
218 1090 258 1125 in
280 1086 439 1137 Libyam
463 1100 595 1124 versus
616 1087 751 1123 stadiis
774 1097 859 1123 cxx
879 1095 945 1124 aut
970 1098 1016 1124 CL
1030 1116 1041 1135 ‚
1074 1091 1107 1125 si
1125 1090 1216 1139 quid
1235 1092 1484 1130 tribuendum

30 1144 341 1180 discordantibus
365 1142 527 1180 Diodori
548 1144 671 1189 libris,
699 1150 767 1179 aut
789 1154 943 1190 cccxx,
975 1146 1007 1180 si
1039 1143 1236 1194 Stephano
1268 1150 1310 1185 in
1328 1145 1482 1188 ’,Ἀκαν-

29 1201 135 1246 θοςε
168 1211 242 1248 qua
263 1199 379 1236 dubia
401 1202 441 1236 in
463 1212 504 1236 re
526 1199 699 1247 equidem
720 1199 818 1236 nihil
836 1202 1042 1237 constituo.
1069 1201 1205 1239 WVESS.

144 1268 248 1307 109.
272 1269 347 1307 66.
390 1266 536 1306 Πίθον
567 1264 842 1318 τετρημένον]
881 1266 1095 1305 Notissima
1125 1275 1185 1305 est
1212 1268 1482 1324 Danaidumv‘j

28 1321 119 1373 περὶ
139 1321 213 1363 τὸν
237 1321 485 1375 τετρημένον
515 1321 643 1361 πίθον
665 1320 732 1359 διὰ
764 1322 955 1362 κοσκίνου
980 1324 1171 1376 λατρεία,
1205 1329 1318 1365 sicuti
1340 1329 1484 1366 dicitur

29 1379 219 1430 Porphyr.
247 1378 314 1416 III.
334 1379 379 1416 A.
399 1378 443 1415 A.
467 1393 499 1416 c.
518 1380 587 1415 ult.
609 1392 644 1427 p.
671 1379 800 1425 l-‘IO.;
856 1392 926 1416 nec
947 1393 1035 1417 raro
1057 1389 1183 1418 tamen
1206 1384 1264 1420 illi
1287 1384 1390 1422 dolio
1418 1400 1482 1422 ac-

30 1435 137 1482 cidit,
166 1443 209 1472 ut
227 1433 494 1488 τετριμμένον
511 1441 686 1481 vocetur,
714 1436 836 1472 veluti
859 1439 900 1472 in
921 1434 1012 1473 Cod.
1036 1436 1196 1475 Coislin.
1217 1446 1254 1476 et
1279 1439 1397 1478 Basil.
1428 1442 1482 1480 Μ.

31 1490 78 1528 Τ.
100 1491 147 1528 II.
170 1505 204 1541 p.
223 1493 325 1532 181.
347 1490 401 1537 (3.,
420 1498 593 1528 correcto
617 1498 745 1527 tamen
765 1491 956 1528 a'Iuliano
973 1491 1176 1541 Garneri0‚
1203 1502 1241 1532 et
1258 1496 1483 1548 Phrynicho

30 1549 72 1584 in
83 1546 266 1586 Biblioth.
281 1546 439 1585 Coislin.
462 1562 496 1597 p.
514 1548 621 1587 469.
653 1547 711 1583 De
735 1547 997 1585 sacerdotibus
1023 1560 1150 1587 cchx
1172 1551 1262 1589 vide
1283 1566 1363 1603 cap.
1384 1557 1483 1603 223

30 1606 218 1653 potuisset
238 1611 365 1640 autem
387 1604 604 1650 commode,
634 1617 719 1640 cum
740 1603 794 1650 εἷς
817 1601 864 1642 ὃν
886 1608 1166 1653 praemisisset,
1194 1613 1403 1655 praeterire
1427 1612 1484 1658 εἷς

32 1655 173 1698 αὐτόν.
208 1671 318 1707 quae,
348 1662 425 1696 nisi
445 1661 664 1708 pleonasmo
687 1660 864 1707 quodam,
903 1668 947 1697 ut
969 1660 1094 1700 XVII.
1117 1664 1190 1703 35.
1214 1671 1253 1701 et
1271 1665 1418 1705 XVIII.
1440 1669 1483 1709 9.

33 1718 176 1764 scripta
198 1718 318 1763 velis,
350 1729 634 1765 supervacanea
653 1722 778 1754 erunt.
811 1716 945 1753 VVESS.

147 1784 249 1823 109.
279 1784 350 1823 69.
389 1782 494 1834 Περὶ
520 1780 590 1821 τὸν
612 1780 730 1833 ὄνον]
754 1779 905 1822 ’Όκνον
927 1785 1041 1822 etiam
1061 1786 1140 1836 legi
1159 1797 1312 1836 posset,
1344 1796 1382 1826 et
1401 1791 1482 1828 for-

30 1845 133 1875 tasse
153 1841 301 1877 melius.
321 1839 417 1876 Vide
440 1839 684 1889 proverbium
710 1838 998 1886 Oenusfzmem
1020 1849 1292 1894 contorquens.
1326 1845 1482 1885 STEPH.

28 1894 132 1945 Lege
157 1909 241 1932 cum
261 1894 311 1934 H.
328 1894 460 1944 Steph.
475 1892 638 1933 ‘'Om‘ov.
672 1894 730 1931 De
753 1907 827 1944 quo
842 1896 1054 1934 Pausanias
1075 1899 1117 1934 in
1127 1899 1316 1946 Phocicis.
1345 1900 1480 1941 Ruon.

31 1951 145 1988 Asini
166 1954 207 1989 in
226 1965 269 1988 ea
293 1952 422 1988 fabula
442 1958 528 2001 post
547 1950 696 1988 Ocnum
727 1949 1054 2005 σχοινοστρόᾳον
1083 1966 1209 2004 partes
1241 1957 1342 1996 haud
1373 1966 1480 2010 post·

31 2020 171 2053 remae,
195 2014 239 2044 ut
258 2009 322 2045 vel
344 2020 391 2044 ex
412 2008 613 2055 Propertio
636 2007 699 2047 lv,
723 2009 764 2047 3.
788 2010 863 2047 21.
891 2016 1045 2046 notum:

141 2063 318 2113 Dignior
339 2064 492 2113 obliquo
506 2062 651 2109 funem
672 2066 741 2114 qui
762 2071 951 2116 torqueat
975 2065 1099 2113 Ocno,

198 2120 471 2173 Aeternusque
492 2126 599 2156 tuam
617 2128 789 2171 pascat,
820 2122 964 2167 aselle,
995 2121 1168 2168 famem.

32 2180 71 2212 et
89 2174 254 2212 Pausan.
277 2175 331 2215 X.
355 2177 430 2216 29.
471 2175 752 2227 Aegyptiorum
783 2184 910 2214 tamen
938 2179 1014 2215 alia
1043 2179 1162 2215 fuisse
1182 2181 1281 2218 rafio
1304 2182 1481 2231 videtur3

31 2243 154 2279 neque
183 2234 286 2269 enim
317 2234 471 2279 asinus,
513 2232 615 2281 quod
634 2235 788 2282 plexum
815 2240 917 2280 erat,
947 2236 1218 2283 consumebat,
1248 2238 1314 2274 sed
1335 2246 1482 2278 tortum

31 2287 246 2324 funiculum
267 2301 398 2325 eorum
423 2289 465 2325 in
496 2290 751 2325 sollemnitate
772 2291 839 2326 alii
872 2290 1156 2338 dissolvebant3
1195 2304 1311 2341 quare
1340 2302 1377 2332 et
1407 2309 1479 2348 ego

20 2338 173 2382 ’Όκνον
193 2345 435 2391 praeferrem.
463 2344 571 2381 Adde
599 2345 641 2382 Ρ.
661 2345 847 2394 Leopard.
870 2345 940 2382 IX.
961 2346 1122 2383 Emend.
1149 2351 1219 2388 11.
1250 2350 1385 2389 Wrsss.

149 2411 252 2451 109.
287 2412 359 2450 72.
396 2406 667 2461 ΖΙΤελάμποδα
692 2434 738 2438 -
762 2411 804 2458 ἐξ
833 2409 1051 2464 Αἰγύπτου
1084 2415 1175 2465 εἴα]
1223 2416 1296 2454 His
1326 2421 1482 2468 gemina.

34 2462 209 2502 Clemens
230 2467 340 2503 Alex.
370 2467 559 2515 Protrept.
588 2481 625 2516 p.
651 2470 736 2514 12,
767 2475 805 2504 et
823 2468 1028 2518 Nicephor.
1059 2473 1100 2507 in
1121 2471 1261 2522 Synes.
1293 2486 1328 2522 p.
1354 2476 1479 2522 1121..

33 2523 99 2569 qui
121 2527 250 2559 tamen
272 2522 473 2559 difficulter
492 2524 659 2571 tenebit,
694 2525 815 2561 fuisse
833 2538 920 2562 cum
938 2522 1170 2578 Αἰγύπτιον
1201 2526 1481 2583 ἱερογραμμα-

32 2574 105 2615 τέα
127 2576 195 2615 καὶ
218 2574 476 2631 ἱεροφάντην.
508 2580 644 2618 Wiss.

149 2645 251 2684 109.
285 2646 357 2685 78.
406 2644 770 2698 Οἶκοόοιιιηθέντος
808 2641 888 2687 {vn}
935 2646 1187 2702 ΖΙῙένδητος]
1238 2651 1335 2689 Vide
1368 2666 1481 2704 supra

35 2712 67 2737 c.
92 2701 166 2741 61.
193 2707 230 2737 et
250 2701 295 2736 ‹le
314 2699 476 2738 Daedali
497 2705 633 2739 statuis
656 2703 717 2739 IV.
742 2705 814 2743 78.
844 2703 978 2741 WVESS.

152 2758 255 2797 109.
278 2757 349 2797 84.
385 2754 444 2796 Τὸ
477 2754 694 2796 κάλλιστον
724 2756 965 2811 πρόπυλον]
1002 2760 1105 2800 Plut.
1130 2762 1223 2803 Isid.
1248 2776 1284 2813 p.
1308 2764 1415 2805 363.
1436 2763 1481 2804 F.
