1828 3253
434 185 496 226 1N
525 183 636 225 Lm.
666 184 695 224 Ι.
722 184 847 224 CAP.
878 184 952 226 25.
982 186 1056 226 26.
1413 184 1473 224 43

0 316 1 319 ¹
39 305 82 340 et
107 300 232 340 leorae
264 298 431 340 XXIV.
459 299 598 353 quibus
625 295 710 338 dies
738 304 780 337 et
795 311 876 337 nox
895 298 1130 347 conficitur,
1156 306 1292 336 nomen
1311 309 1477 349 accepe-

38 365 154 406 runt,
192 357 360 396 Maerob.
389 355 419 394 l.
448 356 531 395 Sat.
559 357 635 398 21.
672 355 732 394 De
761 358 844 394 eius
871 369 964 394 vero
994 354 1245 392 benefic-entia
1274 361 1312 392 et
1338 355 1476 393 auxilii

37 417 188 452 miseris
205 414 355 452 ferendi
371 413 498 451 studio
516 419 680 451 testatur
697 412 962 449 Artemidorus
974 439 986 460 ,
1013 412 1123 448 illum
1141 413 1242 448 inter
1271 413 1475 463 σωτῆρας,

37 469 141 508 Deos
161 477 395 516 servatores,
424 472 491 519 qui
510 467 657 509 αὐτίκα
685 465 800 521 μάλα
830 465 1004 517 σώζουσι
1032 474 1340 517 praesentemque
1368 480 1478 517 opem

37 528 179 573 ferunt,
206 527 486 564 transscribens
506 526 553 564 ΙΙ.
573 527 648 566 44.
666 534 709 564 et·
722 525 816 562 haec-
834 526 1034 562 icunculae
1055 526 1195 562 veteris
1214 526 1440 575 inscriptio:

0 579 1 583 ¹
148 582 358 624 MEFAC
383 581 538 623 ΩΡΟΟ
561 581 889 622 ΑΠΟΛΛΩΝ
911 579 1251 620 APHOKPAT

311 639 350 678 E
356 639 628 679 YIAATOG
646 638 756 678 ΤΩΙ
775 637 1089 678 ΦΟΡΟΥΝΤΙ.

36 696 79 733 in
100 706 214 745 quam
230 696 341 746 plura
359 694 481 747 Ampl.
499 694 635 746 Cuper.
651 694 878 744 Harpocrat.
898 707 933 743 p.
957 696 977 734 1
989 693 1060 747 56.
1084 691 1220 731 wass.

151 753 224 792 30.
247 752 320 792 95.
349 752 593 805 Δισμυρίων
611 749 706 804 καὶ]
736 752 833 790 Vide
854 764 968 801 supra
987 764 1018 788 c.
1040 750 1115 792 23.
1144 749 1280 789 WEss.

150 809 226 849 30.
250 811 290 849 l.
325 807 448 849 Κατὰ
476 807 552 861 τὴν
579 811 655 861 τῆς
683 803 855 860 σελήνης
882 806 1098 861 περίοδον]
1148 805 1359 856 Aegyptios
1386 806 1479 843 olim

34 861 168 902 Lunae
187 868 294 903 senio
314 878 457 903 annum
477 865 771 911 determinasse,
797 867 924 913 itaque
943 865 1091 914 aliquos
1111 869 1149 900 et
1175 864 1330 913 singula
1356 863 1480 899 millia

36 933 225 960 annorum
254 921 355 972 apud
386 935 452 960 eos
482 924 628 960 vixisse
658 921 770 972 prodi
801 920 929 958 Plinio
958 919 1041 958 VH.
1061 919 1110 957 H.
1133 919 1183 958 N.
1201 919 1278 960 48.
1309 918 1479 956 accredi-

37 989 143 1015 mus:
172 980 281 1027 paria
311 981 412 1016 enim
441 979 598 1016 tradunt
623 977 817 1017 Plutarch.
841 976 889 1015 T.
909 977 939 1014 Ι.
957 990 994 1026 p.
1017 978 1088 1016 72.
1109 976 1155 1014 A.
1183 983 1222 1013 et
1249 987 1298 1012 ex
1315 975 1479 1012 Eudoxo

37 1031 198 1072 Proclus
223 1037 265 1072 in
293 1033 494 1073 Timaeum
522 1047 558 1084 p.
587 1036 661 1075 31.
697 1033 838 1072 Suidas
866 1036 907 1072 iu
924 1030 1090 1081 Ἵ-Ιλιος,
1121 1040 1233 1082 atque
1253 1034 1334 1072 alii.
1391 1031 1483 1079 Nisi*

38 1095 169 1128 tamen
200 1103 307 1139 erro,
347 1094 470 1129 serius
507 1093 663 1129 lunares
689 1090 729 1128 hi
756 1093 851 1128 anni
876 1089 1041 1128 adhibiti
1068 1096 1179 1136 sunt,
1216 1096 1259 1127 ut
1285 1091 1481 1126 inmanem

37 1158 228 1184 annorum
250 1160 472 1195 numerum,
499 1160 612 1197 quem
637 1148 793 1199 regibus
821 1146 931 1194 Diis,
958 1145 1139 1183 Semidiis
1172 1152 1286 1194 atque
1314 1144 1481 1182 homini-

38 1202 110 1240 bus
138 1205 297 1241 annales
325 1205 641 1252 contribuebant,
681 1204 918 1254 expedirent.
974 1202 1248 1240 Inaudiverant
1272 1203 1401 1252 aliqua
1433 1200 1480 1237 de

37 1259 228 1309 longaeva
241 1272 376 1311 regum
394 1273 485 1298 suae
506 1264 635 1312 gentis
656 1267 745 1297 ante
761 1259 998 1298 Noachicum
1017 1259 1207 1297 diluvium
1222 1265 1259 1295 et
1278 1264 1365 1306 post
1382 1256 1481 1294 illud

37 1321 184 1364 aetate3
212 1327 308 1365 quae
341 1318 424 1354 sine
453 1315 514 1354 his
543 1319 726 1354 extricari
751 1315 947 1354 commode
977 1328 1056 1353 non
1084 1328 1195 1367 posse
1227 1314 1480 1361 videbantur3

37 1383 265 1422 quamquam
284 1385 333 1410 ne
367 1376 423 1411 sic
449 1373 600 1422 quidem
632 1375 748 1423 plana
774 1375 915 1411 omnia.
953 1370 1064 1411 Conf.
1095 1369 1152 1410 Cl.
1181 1370 1256 1409 Iac.
1283 1369 1481 1408 Perizonii

39 1427 192 1480 Origin.
213 1427 377 1481 Aegypt.
397 1442 430 1468 c.
449 1432 493 1470 2.
529 1429 665 1468 WEss.

153 1485 226 1526 30.
250 1487 291 1526 7.
324 1484 526 1538 Τέτταρσι
546 1485 676 1539 μησὶ]
707 1485 756 1522 [s.
785 1484 946 1523 Vossius
972 1483 1081 1538 τρισὶ
1110 1484 1210 1524 libro
1240 1497 1310 1522 suo
1333 1482 1482 1521 adscri—

38 1547 180 1592 pserat,
205 1542 370 1580 fortasse
389 1543 437 1579 ob
458 1542 732 1589 Censorinum,
760 1545 822 1579 cui
839 1541 938 1581 Hori
955 1554 1080 1579 annus
1099 1543 1324 1580 trimestris:
1348 1553 1482 1579 verum

37 1604 176 1637 neuter
194 1599 418 1638 audiendus.
455 1600 664 1651 Vulgatum
684 1606 811 1638 tuetur
829 1598 932 1636 Plut.
951 1597 999 1636 T.
1018 1597 1048 1637 Ι.
1064 1611 1101 1649 p.
1125 1600 1197 1639 72.
1216 1597 1260 1635 Β.
1277 1597 1482 1649 Aegyptiis

38 1649 296 1707 τετράμηνον
315 1656 642 1706 quadrimestrem
659 1669 803 1694 annum
823 1656 1021 1703 tribuens,
1047 1662 1085 1693 et
1107 1667 1203 1705 quae
1222 1654 1286 1692 hio
1315 1665 1482 1702 sequun-

37 1715 116 1747 tur.
173 1709 358 1762 Singulae
377 1715 470 1750 anni
486 1719 729 1762 tempestates
757 1719 920 1761 quatuor
946 1712 1141 1750 mensibus
1161 1711 1483 1757 absolvebantur3

40 1777 138 1814 quae
156 1779 242 1804 eum
261 1773 341 1804 tres
360 1769 452 1806 olim
471 1767 717 1816 haberentur,
743 1782 826 1816 ver,
848 1775 973 1806 aestas
996 1775 1035 1806 et
1051 1767 1187 1816 hiems,
1214 1781 1345 1806 earum
1365 1779 1483 1816 quae-

38 1822 136 1859 libet
152 1835 277 1860 annus
295 1824 533 1862 censebatur.
589 1825 714 1875 Atque
733 1824 803 1862 hae
823 1831 914 1862 sunt
943 1830 1144 1877 τριμερεῖς
1172 1816 1299 1878 ὧραι,
1321 1835 1484 1874 quarum

39 1881 214 1928 superius
232 1882 409 1918 meminit
426 1894 459 1920 c.
486 1884 506 1923 l
519 1883 556 1923 1.
578 1884 649 1922 12.
676 1884 746 1925 16.
767 1888 806 1919 et
825 1879 1004 1931 Aeschyl.
1021 1880 1213 1919 Prometh.
1230 1881 1337 1921 454.
1366 1878 1484 1917 Taci-

39 1941 102 1972 tus
123 1934 220 1975 Mor.
241 1935 370 1987 Germ.
391 1938 465 1978 26.
488 1944 528 1975 et
544 1951 647 1976 nune
665 1938 918 1976 observantur
936 1938 983 1976 ab
1009 1937 1238 1989 Abyssinis‚
1266 1937 1313 1975 de
1343 1935 1483 1987 quibus

39 1989 118 2029 Iob.
137 1990 360 2042 Ludolphus
381 1992 409 2031 1.
428 1993 530 2032 Hist.
548 1994 723 2044 Aethiop.
746 1995 784 2034 5.
813 1993 948 2034 WVESS.

151 2049 225 2089 30.
250 2050 319 2090 10.
339 2047 493 2104 ἿΩρους
510 2048 759 2107 καλεῖσθαι]
788 2050 941 2100 Absque
969 2049 1206 2090 dubitatione
1233 2061 1303 2100 pro
1334 2061 1483 2087 mascu-

35 2104 119 2141 lino
137 2105 391 2144 foemininum
417 2103 529 2159 ὥρας
545 2110 729 2146 restituo:
754 2121 840 2146 cum
859 2110 971 2145 istius
991 2109 1141 2147 nullum
1159 2113 1334 2158 suppetat
1352 2119 1482 2144 exem-

37 2161 162 2210 plum:
193 2160 305 2200 huius
326 2176 418 2201 vero
438 2164 670 2215 significatio
690 2167 732 2202 in
753 2171 930 2215 promptu
947 2163 1143 2202 habeatur.
1162 2163 1256 2202 Cum
1271 2164 1373 2200 enim
1390 2158 1481 2215 ὥρα

37 2229 156 2255 unam
183 2217 229 2255 de
257 2228 303 2255 lv
323 2221 417 2258 anni
441 2221 613 2269 partibus
643 2221 870 2258 creberrime
898 2221 1095 2271 designet,
1138 2221 1230 2270 quid
1258 2222 1419 2266 mirum,
1447 2219 1482 2256 si

39 2275 160 2323 partis
179 2277 338 2312 nomine·
356 2282 477 2315 totum
497 2277 775 2328 synecdochico
798 2284 910 2326 tropo
929 2275 1166 2326 appelletur?
1195 2276 1330 2315 Ruon.
1391 2274 1481 2313 Non

40 2341 178 2378 sequor
206 2333 334 2370 virum
360 2332 647 2381 doctissimum,
674 2337 783 2372 cuius
810 2335 913 2372 dicta
941 2333 1013 2370 hoc
1041 2333 1194 2382 quidem
1212 2335 1298 2370 loco
1318 2328 1480 2385 ἄῤῥητα

40 2382 206 2436 ἀμείνω.
260 2386 362 2425 Ecce
394 2392 496 2427 enim
522 2391 594 2429 tibi
621 2390 820 2428 Censorin.
851 2389 924 2427 Die
952 2389 1043 2427 Nat.
1070 2391 1138 2430 19.
1164 2397 1258 2428 sunt
1292 2391 1360 2440 qui
1391 2395 1480 2425 tra-

41 2442 141 2481 dant
173 2441 274 2482 hune
311 2452 455 2483 annum
495 2449 731 2485 trimestrem
763 2447 918 2485 Horum
946 2448 1165 2486 instituisse
1177 2474 1209 2500 ‚Q
1235 2458 1356 2497 eoque
1395 2457 1479 2490 ver,

40 2505 254 2547 aestatem,
283 2508 531 2550 autumnum,
570 2504 742 2555 hyemem
775 2500 908 2557 ὥρας,
938 2510 980 2540 et
1004 2517 1148 2540 annum
1178 2501 1285 2555 ὡρον
1309 2502 1410 2547 dici,
1442 2505 1483 2537 et

46 2553 224 2593 Graecos
242 2559 408 2596 annales
426 2556 580 2612 ὥρους,
609 2573 816 2610 eorumque
845 2561 1064 2610 scriptores
1093 2554 1373 2612 ὦρογριάφοιζ.
1429 2555 1482 2593 Et

40 2621 90 2646 ne
119 2609 164 2646 de
191 2613 272 2649 eius
299 2618 524 2667 auctoritate
554 2616 728 2663 dubites,
754 2615 949 2653 Plutarch.
979 2615 1025 2654 T.
1054 2615 1104 2654 Ii.
1139 2627 1173 2663 p.
1206 2617 1310 2654 (577.
1335 2612 1384 2650 D.
1414 2613 1481 2650 ubl

38 2665 239 2714 Antipater
257 2666 354 2716 τοὺς
371 2670 446 2721 μὲν
469 2670 680 2718 ἐνιαυτοὺς
698 2670 905 2724 ἀρχαϊκῶς
934 2668 1067 2723 ὥρους
1097 2670 1300 2723 λέγεσθαι.
1341 2669 1480 2718 quibus

38 2721 171 2760 eadem
199 2722 246 2760 de
273 2736 314 2761 re
343 2728 537 2765 simillima
565 2731 606 2766 in
635 2728 772 2766 Athen.
804 2727 857 2766 X.
878 2742 913 2778 p.
934 2729 1041 2768 423.
1059 2727 1103 2766 F.
1120 2741 1169 2765 ne
1190 2727 1312 2764 dicam
1334 2726 1380 2761 (le
1400 2723 1479 2761 He-

37 2777 193 2828 sychio,
222 2778 446 2829 Eustathio,
471 2788 683 2833 ceterisque
705 2784 1069 2831 Grammaticorum,
1097 2783 1256 2823 Homeri
1283 2780 1479 2834 ἐννέωρον

38 2831 237 2887 ὄαριστὴν
277 2843 316 2873 ot
351 2836 545 2891 ἐννέωροι)
579 2839 755 2893 ἄλειφαρ
795 2842 1086 2892 explicantibus.
1146 2838 1349 2876 Commode
1386 2850 1478 2887 crgo
