1828 3253
249 79 341 121 512
704 75 1232 117 ANNOTATIONES

247 192 341 230 tatis
370 188 591 228 memor-iam
621 185 675 228 τὰ
702 185 940 241 Ἐλευθέρια
969 197 1056 239 post
1076 189 1214 228 deinde
1234 189 1497 239 celebrarunt,
1534 190 1691 241 Iovique

246 245 506 300 Ἐλευθερίῳ,
526 246 572 282 de
591 257 664 294 quo
686 247 785 294 apud
799 245 1064 296 Thucydidem
1081 247 1131 285 Π.
1151 250 1235 294 71.,
1257 261 1365 284 sacra
1385 248 1570 285 fecerunt.
1591 247 1692 286 Con-

249 305 310 342 fer
330 303 383 340 Io.
405 301 626 348 Meursium,
645 313 755 350 quem
776 301 938 340 Diodori
955 305 1143 341 rationem
1160 316 1239 340 non
1257 303 1434 341 habuisse
1453 306 1588 351 miror,
1618 303 1648 340 F
1651 318 1693 340 e·-

249 360 349 398 riat.
359 358 496 395 Graec.
515 357 557 394 L.
580 357 646 395 111.
672 358 811 396 WVEss.

364 416 471 454 427
500 415 519 453 1
533 415 571 453 l.
604 411 690 453 Τὸν
711 413 878 466 στερξον
881 428 932 453 τα
953 412 1028 465 μὲν
1046 430 1123 467 την
1142 412 1339 468 ὅμόιηοιαι
1351 414 1370 469 ]
1416 416 1511 460 Quis
1530 414 1592 453 hic
1612 428 1693 453 non

252 468 450 518 στεξοντα
480 470 684 520 legendum
716 471 882 517 iudicet,
910 472 1150 510 vicinitatem
1176 477 1385 522 scripturae
1416 479 1453 509 et
1472 472 1694 520 discrepan-

250 530 345 565 tiam
375 526 579 565 verborum
607 528 670 564 vel
702 527 824 563 obiter
853 527 1126 565 considerans?
1169 527 1430 567 Librariorum
1458 530 1499 565 in
1519 531 1691 579 margine

251 589 484 629 assumento,
493 594 649 630 prorsus
668 584 810 632 inepta,
825 584 1048 621 omittimus.
1074 583 1212 625 RHOD.
1242 586 1380 623 Pulcre
1400 586 1558 622 memini
1577 582 1693 637 στέρ-

248 654 332 693 γειν
352 653 428 691 την
449 634 577 689 τύχην
599 645 635 675 et
655 637 832 691 στέργειν
851 636 902 678 τὰ
922 636 1124 692 παρόντα,
1148 655 1233 679 cum
1253 641 1516 690 praesentibus
1534 643 1693 688 acquie-

251 698 416 742 scimus,
445 701 484 731 et
511 694 601 742 quid
621 694 666 731 de
691 694 761 731 hac
784 695 951 732 dictione
981 700 1124 734 notarit
1142 700 1453 735 accuratissimus
1472 695 1502 733 F
1505 696 1577 734 rid
1599 697 1692 746 Syl-

251 753 363 802 burg.
387 751 435 788 ad
455 749 686 800 Dionysium
707 750 834 790 Hanc.
862 749 909 789 T.
929 750 976 788 Π.
998 765 1032 801 p.
1056 755 1173 800 100„
1203 767 1273 790 nec
1296 753 1435 803 adduci
1453 759 1579 789 tamen
1601 765 1689 802 pos-

251 821 349 856 sum,
377 813 421 844 ut
442 807 488 843 de
506 806 579 843 hoc
602 808 687 843 loco
706 808 819 844 aliter
842 819 1018 845 censeam
1037 822 1082 846 ac
1101 808 1411 846 Rhodomannus.
1435 808 1574 845 Posses
1593 810 1690 845 alio-

248 867 317 913 qui
347 860 421 902 τὸν
449 857 737 913 στερεώσαντα
764 862 974 913 refingere,
1012 865 1114 912 quod
1141 867 1182 902 in
1211 872 1376 902 mentem
1394 867 1547 902 venisse
1570 863 1687 904 Dion.

246 919 435 958 Lambino
455 918 503 956 ad
524 917 676 957 Cornel.
700 919 837 968 Nepot.
857 918 952 970 Reg.
971 934 1004 959 c.
1033 923 1069 960 l.
1094 921 1374 960 animadverto.
1412 920 1462 957 W
1469 930 1553 956 Ess.

362 977 469 1016 427.
497 976 566 1014 13.
593 970 641 1013 Ὁ
671 973 715 1014 δὲ
746 972 867 1027 ὅρκος
895 970 946 1027 ἦν
976 978 1188 1027 τοιοῦτος]
1220 976 1473 1014 lurisiurandi
1497 975 1589 1012 haec
1607 976 1693 1013 for-

245 1033 351 1071 mula
373 1033 656 1068 controversiae
678 1031 846 1068 obnoxia
879 1039 949 1069 est.
995 1031 1264 1082 Theopompus
1284 1033 1325 1070 L.
1352 1032 1482 1071 XXV.
1525 1031 1691 1081 Philipp.

247 1089 295 1126 ab
319 1087 620 1125 Atheniensibus
641 1087 768 1124 fictam
792 1087 1022 1126 adfirmavit.
1061 1089 1164 1127 Audi
1184 1088 1380 1126 Theonem
1399 1088 1690 1139 Progymnasm.

247 1157 280 1182 c.
304 1146 348 1184 2.
382 1156 431 1181 ex
451 1157 496 1180 eo
519 1142 758 1193 Theopompi
787 1144 885 1181 libro
904 1152 1197 1183 memorantem·
1233 1142 1294 1185 ὅτι
1310 1141 1545 1195 Ἑλληνικὸς
1567 1141 1690 1194 ὅρκος

245 1195 614 1250 καταψεύδεται,ι
602 1197 649 1239 ὀν
674 1197 896 1251 Ἀθηναῖοί
927 1215 1055 1254 ᾳασιν
1084 1197 1235 1252 ὀμόσαι
1264 1215 1362 1246 τους
1377 1197 1580 1251 (Έλληνας
1609 1197 1687 1252 πρὸ

243 1258 320 1308 τῆς
346 1251 482 1307 μα’χης
507 1258 583 1307 τῆς
613 1254 654 1293 ἓν
687 1257 924 1303 Πλαταιαῖς
952 1255 1055 1307 πρὸς
1084 1271 1181 1303 τους
1207 1252 1462 1310 βαρβάρους.
1499 1255 1544 1292 ld
1565 1259 1690 1303 ipsum

246 1314 408 1363 colligas
429 1324 478 1348 ex
503 1311 562 1348 his
586 1311 824 1360 Theopompi
852 1315 1107 1362 praeceptoris
1130 1312 1332 1359 Isocratis,
1377 1314 1441 1360 qui
1461 1325 1547 1349 cum
1567 1312 1691 1349 Pane·-

243 1382 331 1420 gyr.
352 1382 387 1418 p.
414 1370 515 1408 106.
542 1370 779 1405 meminisset
806 1368 851 1404 de
879 1370 1024 1406 inmani
1043 1370 1244 1406 Persarum
1267 1372 1308 1406 in
1333 1368 1565 1405 Graecorum
1592 1375 1689 1405 tem-

243 1427 309 1493 pla
329 1431 368 1461 et
386 1438 473 1461 aras
491 1427 707 1471 atrocitate,
729 1424 856 1461 subdit
875 1427 1094 1463 confestim.
1124 1423 1186 1465 διὸ
1217 1425 1282 1464 καὶ
1305 1422 1402 1470 τοὺς
1410 1420 1557 1470 Ίωνας
1576 1420 1690 1470 ἄξιον

242 1480 442 1528 ἐπαινεῖν,
476 1477 538 1519 ὅτι
559 1482 642 1520 τῶν
672 1479 997 1550 ἐμπρησθέντων
1024 1479 1143 1533 ιερῶν
1164 1477 1424 1534 ἐπηράσαντο
1446 1476 1488 1519 εί
1503 1494 1609 1526 τινες
1627 1479 1691 1519 οἷ-

242 1533 541 1588 κοόομήσαιεν,
582 1533 607 1588 ἢ
637 1532 759 1574 πάλιν
789 1535 843 1583 εἷς
870 1534 923 1575 τὰ
954 1534 1108 1603 ἀρχαῖα
1137 1551 1394 1607 καταὲστησαι
1429 1537 1691 1587 βουληθεῖεν,

241 1590 317 1632 οὐκ
348 1590 621 1647 ἀποροῦντες,
649 1588 751 1631 ὅθεν
781 1589 1123 1642 ἐπισκευάσωσιν,
1160 1591 1275 1632 οἰλλΠ
1269 1592 1335 1632 ι’να
1355 1588 1583 1644 υπόμνημα
1603 1597 1690 1638 τοῖς

239 1646 555 1701 ἐπιγιγνομένοις
575 1648 601 1702 ἡ
632 1650 708 1699 τῆς
736 1650 819 1687 τῶν
837 1645 1065 1702 βαρβάρων
1086 1647 1287 1700 ἀσεβείας.
1318 1661 1480 1698 quorum
1499 1655 1691 1697 postrema

241 1707 336 1753 quin
357 1704 444 1741 huic
465 1705 652 1742 formulae
672 1706 751 1741 sint
768 1708 921 1755 gemina
943 1719 1138 1757 germana,
1169 1719 1216 1742 ne
1240 1706 1392 1754 quidem
1412 1704 1580 1742 dubitari
1598 1710 1689 1753 pot-

240 1767 314 1800 est.
341 1760 393 1798 Et
416 1760 751 1798 tamenlsocrates
770 1761 873 1799 diras
892 1761 960 1799 has
984 1775 1062 1800 non
1085 1762 1397 1808 Atheniensibus,
1426 1772 1549 1809 neque
1567 1760 1689 1797 Grae-

240 1830 375 1856 corum
399 1818 538 1854 ceteris
558 1818 779 1864 contribuit,
799 1818 864 1854 sed
886 1821 975 1855 unis
995 1818 1164 1855 Ionibus.
1183 1817 1300 1856 Cuius
1317 1820 1374 1855 rei
1393 1828 1552 1864 ecquam
1572 1817 1687 1854 aliam

239 1876 430 1911 rationem
459 1873 627 1920 dixeris,
666 1885 778 1922 quam
797 1876 905 1924 paria
924 1888 1009 1911 eum
1030 1888 1115 1912 cum
1140 1873 1386 1924 Theopompo
1405 1870 1568 1910 fecisse?
1608 1871 1686 1909 Ut-

239 1942 391 1978 cunque
420 1930 561 1976 fuerit,
597 1931 762 1967 inseruit
789 1929 860 1967 hoc
888 1931 1153 1967 iusiurandum
1177 1931 1377 1981 Lycurgus
1401 1928 1509 1965 Orat.
1532 1940 1621 1965 suae
1643 1930 1686 1964 in

237 1984 412 2023 Leocrat.
430 1999 467 2035 p.
494 1987 610 2032 158.,
641 1986 708 2022 sed
728 1988 855 2034 paullo
876 1987 1077 2037 integrius.
1102 1986 1370 2023 Differentiam
1390 1985 1553 2032 notabo,
1584 1984 1685 2032 quod

238 2048 278 2077 et
297 2049 387 2078 ante
406 2056 464 2079 me
484 2043 661 2079 fecerunt
682 2043 760 2079 viri
782 2042 995 2080 doctissimi
1014 2041 1227 2092 Dionysius
1247 2042 1453 2079 Lambinus
1475 2040 1524 2076 ad
1542 2039 1682 2089 Nepot.
1712 2054 1715 2057 ’

237 2094 334 2148 Reg.
365 2111 397 2135 c.
434 2100 486 2144 l.,
517 2105 555 2134 et
585 2096 864 2148 Barbeyracius
885 2098 1033 2138 Histor.
1068 2098 1227 2135 Foeder.
1254 2097 1298 2135 P.
1317 2097 1345 2135 I.
1375 2111 1410 2147 p.
1434 2098 1509 2136 92.
1540 2096 1680 2133 WESS.

237 2151 349 2191 Conf.
376 2153 569 2203 Excerpta
591 2153 623 2188 V
627 2157 715 2191 atic.
736 2168 770 2204 p.
794 2154 852 2191 ed.
872 2154 965 2194 Mai.
993 2157 1063 2195 18
1081 2154 1196 2192 XXI.

348 2210 454 2250 427
483 2211 551 2250 17.
581 2209 666 2249 Και
690 2206 902 2262 κρατήσας
930 2213 987 2250 τῶ
1017 2208 1182 2279 πολέμῳ
1202 2212 1286 2250 τῶν
1313 2204 1568 2274 βαρβάρων]
1599 2207 1682 2259 Iy-

229 2278 376 2333 tcurgus
398 2279 498 2311 τους
507 2260 783 2331 βαρβάρους,
817 2273 898 2304 tum
925 2269 1008 2306 τῶν
1035 2265 1129 2334 μὲν
1142 2264 1450 2333 μαχεσαμένων
1472 2260 1575 2318 ’ὑπὲρ
1606 2266 1682 2316 τῆς

229 2316 437 2368 ιΕλλάδος
464 2317 623 2360 πόλεων
644 2320 881 2372 οὐὸειιίαν
859 2319 1004 2362 ανάστ.
1036 2338 1129 2362 που
1125 2337 1216 2369 σω,
1243 2319 1318 2368 τὰς
1341 2320 1384 2360 ὸὲ
1405 2318 1457 2360 τὰ
1476 2323 1550 2360 τοῦ
1571 2322 1680 2373 βαρ-

233 2373 370 2429 βάρου
394 2375 619 2429 προελομει
624 2392 684 2424 ας,
708 2373 873 2424 ἁπάσας
893 2375 1136 2418 δεκατεύσω.
1169 2391 1327 2427 quorum
1352 2379 1479 2426 priora
1498 2379 1681 2414 momenti

233 2446 314 2470 non
334 2436 478 2484 magni,
506 2436 720 2482 posteriora
750 2448 869 2484 paene
897 2437 1134 2472 necessaria:
1164 2447 1260 2484 quae
1280 2448 1302 2471 a
1333 2433 1476 2470 Nostro
1504 2434 1680 2483 neglecta

233 2497 396 2539 possunt
413 2489 552 2536 videri,
584 2489 684 2538 quod
715 2493 903 2538 principio
933 2490 1044 2528 huius
1082 2492 1173 2529 belli
1208 2490 1346 2528 Graeci
1375 2491 1678 2534 constituissent,

231 2542 330 2592 τοὺς
353 2544 538 2585 ἐθελοντὶ
561 2547 643 2584 τῶν
661 2541 877 2598 εΕλλήνων
899 2542 1116 2596 ἑλομένους
1140 2545 1192 2587 τὰ
1211 2547 1411 2598 Περσῶν,
1434 2543 1675 2584 δεκατεῦσαι

230 2606 320 2647 τοῖς,
338 2603 468 2648 θεοῖς,
494 2608 538 2638 ut
557 2614 669 2651 supra
689 2615 721 2638 c.
736 2603 775 2641 3.
794 2605 999 2640 memoriae
1023 2603 1255 2652 prodiderat.
1285 2602 1444 2640 Mallem,
1458 2607 1586 2638 tamen
1606 2600 1674 2636 ad-

230 2657 402 2694 didisset.
438 2657 739 2694 Rhodomannus
769 2661 849 2695 suis
871 2660 913 2695 in
935 2659 1110 2697 Addend.
1145 2655 1461 2712 ἀγωνισαμένων
1480 2658 1674 2706 praeposi-

228 2716 332 2752 tione
355 2714 486 2753 addita
503 2720 639 2765 auget,
672 2713 1065 2767 συναγωνισαμένων
1086 2717 1232 2768 legens.
1261 2715 1398 2753 wass.
