1828 3253
318 107 374 145 56
775 97 1292 139 ANNOTATIONES

320 231 429 268 ρους.
469 209 742 264 ἓποχετεῦεται
763 211 809 253 δὲ
827 217 913 260 τοῖς
935 212 1114 264 κοχλίαις
1131 211 1182 253 τὰ
1203 212 1294 252 λίαν
1315 208 1454 260 ἔξαλα.
1490 212 1604 251 Nilus
1612 212 1753 265 plures

319 274 473 310 insulas
491 272 581 309 ltine
598 272 687 309 inde
707 283 874 323 sparsas
890 272 1176 323 complectitur,
1205 284 1371 321 quarum
1395 271 1502 307 aliae
1525 283 1755 307 excrescen-

325 332 376 367 tis·
396 330 519 379 fluvii
543 329 659 377 aquis
689 334 795 365 totae
824 327 1082 377 obteguntur,
1118 328 1226 364 alme
1266 333 1473 378 exparte.
1520 339 1621 376 quae
1660 339 1753 363 vero

315 384 506 437 fluetibus
536 385 658 422 altius
690 391 852 423 erstant
879 385 1119 421 coclzliamcm
1149 395 1219 433 ope
1248 384 1487 432 infigantur.
1532 379 1597 421 Τὰ
1629 377 1755 428 ἔξαλα

323 442 474 491 proprie
514 451 609 488 quae
638 444 735 478 mari
762 443 930 478 eminent
957 440 1118 477 Aeliano
1151 439 1262 477 Xlll.
1293 438 1342 475 H.
1362 439 1408 478 A.
1430 440 1502 478 20.
1524 445 1562 475 et
1582 436 1668 475 XV.
1689 440 1729 477 2
1741 464 1754 485 ‚

322 505 404 535 tum
424 508 516 545 quae
535 496 673 539 fluvio:
701 509 796 546 quae
821 499 854 534 si
879 499 986 535 milio
1014 496 1249 534 conserenda
1279 498 1379 542 sint,
1406 497 1611 546 largiorem
1638 506 1758 542 aquae

324 555 471 602 copiam
500 541 714 602 postulant,
751 553 852 604 quod
886 554 925 591 id
957 556 1092 591 limosa
1120 559 1159 590 et
1188 552 1341 588 humida
1372 558 1475 588 terra
1504 551 1687 602 gaudeat,
1717 556 1761 587 ut

324 610 461 646 docent
489 609 694 658 Geoponic.
725 609 773 647 ΙΙ.
804 611 877 650 38.
905 610 984 647 Iam
1017 610 1285 663 γεωργεῖσθαι
1315 605 1467 662 κέγχρῳ
1508 610 1542 644 si
1567 609 1762 653 malueris,

322 678 401 704 non
429 665 683 714 intercedam3
713 678 939 714 quamquam
967 673 1004 704 et
1032 667 1229 716 vulgatum
1261 663 1360 700 nihil
1380 663 1494 700 habet
1517 663 1761 700 incommodi.

323 720 463 759 Strabo
493 721 584 762 XII.
614 735 650 772 p.
677 725 780 763 826.
802 723 847 759 de
871 722 995 761 Ponti
1026 736 1092 761 ora
1121 722 1310 759 maritima
1332 733 1381 758 ex
1399 718 1614 759 casauboni
1633 731 1763 756 emen-

323 778 500 826 datione,
532 783 765 830 γεωργεῖται
787 776 835 818 οὐ
856 775 1001 818 πολλά.
1059 779 1193 816 Wmss.

437 836 508 874 39.
535 835 604 874 13.
637 834 720 874 Καὶ
742 830 1056 888 κυνοκεφάλων]
1085 834 1288 884 Copulam‚
1317 844 1411 881 quae
1440 845 1489 870 ex
1518 830 1765 869 Rhodoman—

321 893 438 930 niana
458 891 677 938 exsulabat,
709 898 747 930 et
774 904 917 940 nupero
947 893 1147 941 interpreti
1165 889 1327 927 Diodori
1348 889 1496 926 Gallico
1518 888 1672 926 errandi
1700 901 1765 925 oc-

322 950 426 987 casio
447 948 545 994 fuit,
570 948 733 984 restitui.
789 946 848 984 De
878 946 1158 997 Cynocephalis
1179 947 1282 983 infra
1300 945 1367 982 Hi.
1392 946 1464 985 35.
1518 945 1653 982 Wssss.

436 1016 509 1054 39.
534 1014 606 1054 19.
636 1012 725 1060 Τὰς
745 1011 918 1065 ἐκβολὰς
940 1016 1014 1053 τοῦ
1037 1014 1252 1064 ποταμοῦ]
1276 1012 1379 1049 Bene
1408 1012 1478 1049 hoc
1507 1011 1634 1048 habet.
1669 1011 1766 1048 Vide

322 1071 425 1108 infra
453 1069 541 1108 XV.
570 1070 646 1109 42.
679 1077 717 1107 et
745 1077 895 1120 praeter
930 1069 1109 1110 Strabon.
1138 1069 1265 1108 XVII.
1288 1081 1324 1119 p.
1347 1070 1482 1110 1136.
1502 1067 1551 1106 D.
1578 1066 1767 1105 Achillem

330 1125 487 1166 Tatium
506 1125 570 1165 IV.
588 1140 624 1176 p.
644 1127 751 1167 247.
807 1127 941 1165 VVESS.

438 1194 594 1234 39.21.
615 1190 1140 1248 ΚαλεῖταιΠηλουσιακὸν]
1162 1192 1360 1230 Ostiorum
1378 1190 1480 1227 hunc
1492 1191 1665 1228 ordinem
1679 1203 1768 1240 pro-

325 1249 418 1289 bant
438 1249 577 1288 Strabo
595 1249 722 1287 XVII.
745 1265 779 1300 p.
805 1253 821 1290 l
839 1251 939 1290 153.
968 1250 1118 1287 Plinius
1143 1250 1187 1287 V.
1207 1248 1256 1285 H.
1280 1248 1326 1285 N.
1353 1249 1422 1289 10.
1443 1246 1682 1284 Ptolemaeus
1704 1247 1766 1285 lv.

325 1305 468 1356 Geogr.
502 1319 538 1356 p.
573 1308 674 1346 116.
703 1308 771 1344 alii
797 1309 930 1353 aliter,
966 1306 1012 1343 de
1032 1307 1168 1354 quibus
1190 1304 1332 1343 Christ.
1357 1303 1546 1341 Cellarius
1568 1304 1631 1341 [V.
1655 1303 1702 1340 G.
1722 1302 1767 1341 A.

324 1375 360 1412 p.
392 1365 466 1402 21.
505 1362 614 1406 Quod
642 1371 768 1400 autem
795 1363 937 1401 Nostro
979 1359 1216 1412 (Datame-v,
1256 1364 1359 1408 sive,
1398 1366 1441 1398 ut
1482 1357 1599 1397 Codd.
1638 1360 1770 1407 edunt,

311 1415 620 1469 ’Φατμνιτικόν,
639 1418 678 1456 id
690 1418 874 1456 Straboni
898 1416 1117 1465 Φατνικὸν
1136 1418 1264 1455 Plinio
1286 1417 1647 1464 Pz'mtm‘tz'comseu,
1668 1416 1770 1465 quod

325 1476 366 1512 in
398 1476 548 1524 scriptis
576 1476 727 1513 invenit
756 1474 811 1512 Cl.
847 1474 1057 1514 Salmasius
1088 1476 1127 1512 in
1148 1473 1273 1512 Solin.
1294 1487 1329 1523 p.
1353 1474 1456 1513 339.
1490 1472 1770 1520 mammilio-on,

325 1529 541 1570 Ptolemaeo
561 1529 845 1584 Παθιιητικὸπ
856 1559 867 1580 ‚
893 1534 1014 1569 vetmi
1034 1534 1116 1568 eius
1136 1532 1338 1578 interpreti
1364 1529 1559 1566 Ulmensis
1588 1529 1770 1566 editionis

325 1585 580 1628 Patmitieon.
618 1586 731 1624 Unde
765 1584 1018 1639 Φατμιτικὸν
1047 1586 1120 1624 hoc
1148 1589 1258 1633 loco,
1287 1594 1353 1623 aut
1382 1593 1482 1622 certe
1507 1583 1768 1634 Φατνιτικὸν,

324 1645 455 1682 verius
489 1656 646 1681 censeo:
676 1644 725 1681 ad
757 1656 870 1693 quam
898 1645 1058 1681 formam
1080 1642 1127 1683 τὸ
1160 1641 1313 1682 Νείλου
1340 1637 1477 1692 στόμα
1511 1639 1770 1694 Φαγνητικόν

323 1700 367 1737 in
389 1698 430 1736 L.
453 1698 551 1736 XX.
574 1701 644 1740 76.
666 1701 787 1750 quod
793 1713 915 1749 neque
943 1703 1028 1739 viro
1059 1701 1214 1750 egregio
1245 1697 1294 1737 H.
1326 1699 1477 1737 Valesio
1510 1700 1551 1736 in
1583 1697 1770 1737 Amniian.

325 1754 460 1793 XXII.
490 1756 558 1796 15.
581 1757 717 1803 latuit,
744 1757 1024 1808 corrigendum.
1077 1756 1129 1794 W
1133 1767 1212 1792 Ess.

437 1824 510 1866 39.
530 1825 605 1863 26.
637 1821 769 1863 Οὐδὲν
789 1823 1010 1876 κατεπείγει
1029 1819 1226 1877 γράφειν]
1257 1823 1442 1860 Scholion
1462 1824 1662 1872 occupavit
1681 1820 1771 1860 Cod.

325 1878 483 1917 Coislin.
496 1908 507 1927 ,
529 1893 548 1915 e
569 1893 641 1929 quo
662 1887 894 1932 propagatae
914 1887 1004 1917 sunt
1022 1880 1208 1917 absurdae
1230 1880 1414 1917 Mutin.et
1427 1878 1521 1930 Reg.
1541 1882 1767 1928 scripturae.

325 1936 489 1987 Vulgata
509 1935 672 1974 Diodori
691 1944 767 1984 est,
798 1939 1036 1985 recurritque
1057 1935 1107 1974 ll.
1128 1939 1202 1977 22.
1229 1936 1293 1974 111.
1317 1938 1357 1976 3.
1414 1937 1548 1974 ὮῙΕΞΞ.

439 2005 512 2043 39.
540 2006 613 2044 28.
663 2005 878 2051 Φυλακαῖς
912 2002 1112 2056 εὐκαίροις
1155 2002 1445 2055 ὸιειλημιιιείνη]
1497 2002 1662 2041 Multum
1700 2003 1772 2041 hoc

327 2067 495 2111 praestat
513 2058 630 2099 Codd.
650 2061 888 2109 quorundam
916 2062 1131 2098 lectionem.
1159 2060 1358 2109 loseph.1
1382 2059 1425 2096 Β.
1448 2059 1476 2098 I.
1497 2062 1572 2100 20.
1590 2061 1627 2100 5.
1647 2062 1770 2099 τοῦτο

328 2115 372 2155 ὁὲ
392 2112 559 2169 πύργοις
590 2115 815 2168 διείληπται
844 2117 1060 2169 μεγίστοις.
1096 2116 1255 2155 Aristot.
1278 2116 1361 2155 Vll.
1380 2116 1531 2154 l'olitic.
1556 2118 1624 2156 12.
1655 2113 1707 2155 τὰ
1714 2114 1773 2155 δὲ

327 2172 438 2224 ‘caym
464 2172 558 2211 daea)
566 2174 700 2226 ἧφθαι
721 2175 804 2226 (pv)
795 2188 937 2225 ακτηρ
942 2172 1016 2219 ίοις
1035 2189 1102 2212 και
1132 2169 1300 2225 πύνρροις
1320 2170 1425 2211 κατὰ
1446 2187 1573 2212 τοποι
1565 2187 1597 2218 ς
1622 2171 1774 2212 ἐπικαί-

331 2243 441 2281 ρους.
465 2228 631 2278 quibus
623 2243 661 2267 ιιι
681 2230 810 2267 verbis
829 2230 1028 2267 muniendi
1048 2237 1085 2266 et
1106 2229 1372 2280 distinguendi
1391 2235 1526 2281 potest
1528 2236 1615 2265 item
1637 2229 1775 2276 induit,

330 2291 374 2321 ut
394 2298 504 2333 saepe
526 2287 566 2321 in
588 2284 647 2324 his
667 2286 797 2333 libris,
829 2287 946 2325 sicuti
974 2285 1543 2326 1.96.X11.49.X111.11.
1572 2285 1676 2324 XIV.
1700 2286 1771 2325 75.

332 2339 472 2378 Strabo
500 2339 590 2377 ΧΠ
610 2354 644 2390 p-
670 2342 773 2382 833
805 2338 1033 2393 ἀποτομοις
1062 2338 1238 2396 φάραγξι
1267 2357 1334 2382 και
1365 2345 1560 2395 κρημνοῖς
1590 2341 1773 2392 ὁιειὶημ-

331 2395 447 2448 μείη.
476 2399 536 2433 cui
553 2399 747 2447 geminum,
765 2412 988 2449 germanum
1008 2405 1065 2436 est
1092 2401 1132 2435 in
1151 2398 1264 2436 huius
1293 2399 1384 2435 libri
1413 2400 1535 2447 capite
1567 2401 1773 2446 superiore.

332 2452 391 2490 De
419 2452 575 2490 urbibus
605 2460 730 2494 autem
762 2462 921 2505 utraque
952 2458 994 2494 in
1021 2458 1106 2507 ripa
1127 2457 1312 2494 ostiorum
1331 2454 1413 2493 Nili
1431 2456 1566 2504 positis
1587 2457 1716 2504 agitur
1736 2460 1775 2490 et

333 2508 422 2549 XV.
445 2509 519 2549 42.
576 2509 626 2546 W
630 2520 708 2546 Ess.

447 2577 519 2617 39.
541 2577 613 2616 32.
637 2577 781 2624 Νεκῶς
811 2573 832 2617 ὃ
871 2577 1176 2631 Ψαμμητιβςου]
1220 2577 1286 2615 Sic
1317 2585 1355 2615 et
1381 2577 1567 2615 Herodot.
1594 2578 1643 2616 II.
1671 2577 1773 2618 158.

335 2631 387 2670 At
407 2631 634 2672 Aristoteles
655 2633 685 2671 l.
710 2633 906 2671 Meteorol.
933 2635 1000 2675 14.
1024 2648 1091 2684 pro
1117 2635 1222 2673 Neco
1254 2635 1366 2672 habet
1398 2633 1606 2671 Sesostrin.
1633 2633 1772 2670 Strabo

336 2695 375 2725 et
396 2686 584 2727 Sesostris
605 2695 642 2727 ct
659 2688 930 2728 Psammetichi
945 2691 1017 2731 filii
1034 2693 1209 2730 meminit
1226 2690 1350 2729 XVII.
1369 2704 1405 2741 p.
1434 2693 1453 2730 l
1467 2693 1486 2731 1
1499 2692 1569 2730 57.
1589 2690 1635 2729 A.
1669 2689 1774 2726 Alibi

336 2750 463 2783 autem
482 2747 648 2784 animum
667 2752 891 2794 occupatum
909 2746 1041 2785 habuit
1062 2748 1155 2798 Aeg.
1176 2747 1398 2798 Menagius,
1425 2760 1510 2785 cum
1529 2746 1600 2784 hoc
1621 2759 1669 2783 ex
1687 2748 1772 2783 loco
