1828 3253
251 180 342 221 800
712 173 1228 218 ANNOTATIONES

246 288 449 345 συρίττειν
471 294 642 326 extrema
657 288 750 340 ch.
773 288 823 327 ad
838 287 917 327 Cai.
938 288 1093 327 Philon.
1117 289 1201 328 Iud.
1221 290 1267 328 dc
1291 291 1437 340 sibilis,
1464 292 1602 342 quibus
1619 305 1698 331 ma-

245 350 305 386 los
330 351 459 397 poetas
479 347 521 382 in
541 345 702 382 theatris
722 347 936 394 excipiant,
964 346 1273 395 frequentantur,
1303 348 1509 397 eodemque
1532 351 1700 397 pertinet

249 397 531 454 ‹l‘eaovpeyfco'g-
589 400 722 451 Neque
741 414 902 450 pravum
923 408 1053 439 tamen
1076 404 1250 441 alterum.
1293 403 1337 440 In
1359 404 1511 441 Glossis
1526 404 1700 455 διασυρ-

246 459 351 512 μός,
379 459 611 503 cavillatio,
643 459 866 503 den-actio,
897 457 1158 497 obtrectatio:
1198 467 1311 509 atque
1337 461 1391 497 ita
1420 456 1627 512 διασύρειν
1655 462 1697 498 L.

247 515 344 554 XX.
366 516 437 554 33.
467 521 505 551 et
525 512 682 551 Lucian.
703 514 749 550 de
771 512 944 552 Calumn.
966 522 1036 552 etc.
1065 529 1098 552 c.
1118 517 1188 557 14.
1235 518 1359 560 Quam
1379 530 1471 555 vcro
1491 520 1701 568 aegerrime

247 572 350 609 hunc
371 573 584 608 carminum
605 583 760 608 suorum
778 577 1040 620 contemptum
1059 570 1273 623 Dionysius
1294 574 1451 622 tulerit,
1477 572 1634 611 docetur
1655 574 1700 613 L.

246 628 335 666 XV.
362 629 402 667 7.
463 626 596 664 WEss.

364 683 468 724 725.
497 685 537 723 8.
585 679 896 734 Οὗαλσανίτας]
926 681 1042 720 Forte
1064 679 1375 731 Οὐολσινιιὶτας.
1419 684 1556 722 RHoo.
1619 682 1703 724 08⁴-

247 738 494 789 ο7.σανι’τας]
539 736 641 775 Huic
669 740 797 776 locum
827 739 937 787 dedi,
979 743 1135 791 propius
1155 748 1304 778 remoto
1329 754 1351 778 a
1371 743 1522 779 veriore
1546 745 1700 779 nominc

251 793 547 842 Οὖολσινίτοις,
594 795 696 843 quod
725 803 762 832 et
786 795 854 832 Ph.
877 794 1056 834 Cluverio
1086 797 1168 834 Ital.
1199 797 1292 834 Ant.
1318 796 1364 834 L.
1383 797 1432 837 ΙΙ,
1466 811 1500 846 p.
1521 799 1625 838 557.
1659 811 1700 834 se

244 853 437 903 probavit.
488 847 721 903 Γουράσιον
753 854 835 890 sive
862 852 997 889 urbem
1024 866 1089 890 seu
1120 854 1320 890 castellum
1341 855 1426 903 agri
1443 854 1702 891 Volsiniensis

227 920 359 949 ,nemo
387 909 513 946 novit.
575 903 808 959 Τρόσιλλον
841 909 998 959 refingit
1035 906 1263 955 Cluverius,
1313 911 1535 946 coniectura
1572 910 1700 947 dubia.

245 964 440 1003 Praelium
463 964 518 1001 ibi
539 970 753 1014 pugnatum
774 964 958 1001 describit
979 964 1113 1002 Livius
1133 964 1175 1001 Ι.
1190 965 1235 1002 V.
1264 966 1336 1004 32.
1395 964 1445 1002 W
1449 976 1532 1004 Ess.

361 1020 468 1061 725.
495 1022 565 1059 12.
594 1017 836 1073 Χιλίαοχοι
832 1015 874 1068 ἐξ
893 1019 979 1071 etc.]
1006 1020 1156 1058 Horum
1176 1023 1332 1058 nomina
1346 1021 1456 1058 foede
1480 1022 1654 1058 mutilata
1667 1028 1704 1058 et

245 1084 426 1127 corrupta
441 1090 487 1113 ex
496 1075 625 1113 Fastis
641 1078 694 1113 ita
713 1077 761 1113 ad
773 1079 1033 1127 integritatem
1046 1091 1153 1114 suam
1170 1078 1357 1123 reducito,
1377 1077 1582 1124 Κοΐντιος,
1599 1077 1703 1117 Καί-

246 1146 357 1181 σων,
385 1128 536 1178 Γάϊος,
577 1126 743 1182 Φάβιοι.
792 1129 998 1184 Κόίγκτος
1016 1132 1283 1180 Σουλπίκιος,
1311 1128 1516 1185 Κόϊγκτος
1537 1132 1704 1185 Σεροῦίῑ-

245 1192 352 1236 7.ιος,
401 1184 597 1241 Σερουὶος
635 1184 878 1240 Κορνηλιος.
930 1188 1066 1227 ΒΗΟΙ).
1124 1188 1328 1227 Probabile
1372 1196 1450 1237 est,
1493 1189 1702 1227 Fabiorum

244 1247 496 1296 praenomina
523 1243 587 1282 hic
604 1245 727 1282 fuisse
745 1247 837 1282 olim
857 1248 1002 1296 posita:
1040 1245 1115 1283 buc
1145 1245 1251 1283 ducit
1279 1245 1397 1285 Coisl.
1425 1246 1536 1284 liber.
1569 1246 1703 1283 Livius

245 1301 299 1340 M.
323 1301 435 1338 Fabii
450 1300 628 1337 Ambusti
648 1307 726 1338 tres
743 1301 845 1339 filios
862 1303 975 1339 facit:
1009 1309 1049 1339 at
1069 1309 1205 1340 auctor
1220 1301 1427 1339 Fabiorum
1444 1308 1592 1351 patrem
1610 1301 1703 1340 Tri-

245 1359 361 1396 bunis
383 1359 494 1394 milit.
524 1357 730 1395 manifesto
757 1365 944 1408 aggregat
979 1371 1012 1394 c.
1040 1359 1144 1399 113.
1204 1357 1453 1406 Reliquorum
1481 1359 1701 1395 nominibus

245 1428 354 1452 error
376 1416 458 1451 sine
478 1413 594 1450 dubio
613 1415 728 1453 inest.
789 1413 1005 1480 Sigonius'
995 1427 1037 1450 m
1067 1414 1169 1451 Livii
1187 1413 1229 1451 L.
1240 1414 1284 1451 V
1318 1415 1390 1453 36.
1419 1413 1510 1450 hinc
1532 1415 1630 1450 citat
1651 1413 1700 1459 Q

244 1470 466 1522 Sulpicium
494 1469 669 1519 Longum
696 1476 735 1506 et
768 1469 821 1507 Σ
807 1485 965 1522 ο-ουιον
993 1466 1226 1524 Κορνηλιον
1246 1465 1428 1522 711a70vy
1432 1485 1529 1508 ωνα.
1587 1469 1702 1507 Unde

241 1527 457 1578 integriore
496 1539 583 1563 eum
620 1525 755 1564 codice
785 1538 897 1564 usum
928 1527 1072 1575 fuisse,
1119 1525 1222 1564 haud
1250 1528 1396 1563 iniusta
1425 1526 1591 1576 suspicio
1628 1533 1699 1563 est.

244 1582 382 1622 WEss.

359 1638 464 1679 725.
500 1640 573 1679 16.
621 1637 981 1684 Κακοπαθοῦντες
1004 1639 1063 1692 τῷ
1092 1635 1259 1693 πολέμῳ
1292 1638 1381 1691 ete]
1439 1637 1538 1676 Vide
1563 1636 1703 1676 Xeno-

243 1695 378 1745 phont.
400 1694 444 1731 L.
465 1694 511 1732 V.
531 1708 568 1744 p.
579 1694 690 1734 429.
751 1694 1052 1746 Ignominiosam
1071 1702 1198 1731 autem
1217 1697 1289 1732 toti
1308 1695 1495 1732 Graeciae
1518 1701 1556 1731 et
1580 1694 1702 1743 Spar-

243 1755 344 1790 tanis
377 1752 555 1798 inprimis
585 1751 812 1788 Antalcidae
838 1764 968 1799 pacem
987 1750 1183 1788 Archonte
1205 1750 1406 1788 Theodoto
1426 1752 1546 1788 fuisse
1577 1754 1701 1793 socia-

242 1815 323 1846 tam
349 1809 460 1843 testis
491 1809 607 1844 etiam
630 1807 824 1844 Alistidcs
851 1807 897 1845 Τ.
912 1807 975 1843 lli.
998 1820 1033 1856 p.
1045 1808 1152 1847 471.
1185 1814 1221 1843 et
1247 1807 1385 1858 Polyb
1408 1807 1438 1844 I.
1461 1809 1502 1847 6.
1561 1808 1698 1845 ἛῪΕΞΞ.

359 1865 464 1903 725.
494 1865 570 1903 20.
603 1863 713 1914 Περὶ
741 1862 799 1903 ὡν
828 1865 881 1915 ἠι
900 1860 1141 1914 ἀπεσταλέμ
1121 1877 1208 1909 (νος
1227 1861 1522 1916 ἒιιςδχομένιος]
1573 1863 1700 1900 lntcr-
1752 1856 1757 1860 ”

241 1922 513 1969 punctionem,
548 1931 624 1968 qua
655 1917 895 1970 ἀπεσταλμέ
897 1933 963 1965 νος
991 1926 1030 1956 et
1060 1917 1335 1970 ἕιὸεχοιιενως
1368 1920 1700 1968 dispescebantur,

241 1978 410 2014 mutavi.
453 1983 538 2013 erat
567 1977 670 2013 enim
701 1976 891 2022 absulda,
926 1983 1202 2025 monuerat-que
1231 1976 1545 2014 Rhodomannus.
1604 1976 1699 2014 Mox

241 2035 372 2083 potius
392 2033 465 2070 erit
483 2027 736 2099 ποιήσεσθαι
757 2047 806 2082 τι]
813 2047 832 2070 v
852 2028 962 2083 εἶρὴι
969 2047 1028 2083 ψ.
1086 2032 1136 2069 W
1141 2042 1221 2069 Ess.

358 2088 464 2128 725.
498 2089 572 2128 23.
618 2084 730 2133 Τους
760 2085 799 2126 δ’
836 2085 987 2134 &Movg
995 2084 1200 2140 Ε)..’7ηιας
1222 2109 1271 2117 ·-
1294 2083 1553 2139 αυτοιόμους
1575 2102 1631 2126 em
1635 2085 1698 2139 αι]

241 2144 402 2182 Praetel
419 2146 567 2181 insulas
587 2151 716 2181 tamen
736 2145 941 2190 Lemnum,
980 2143 1147 2181 Imbrum
1168 2151 1206 2180 ct
1227 2144 1417 2195 Scyrum,
1458 2156 1552 2193 quae
1574 2143 1698 2181 Athe-

241 2201 465 2247 niensibus,
487 2213 657 2253 =quorum
673 2201 742 2237 sub
764 2202 924 2250 imperio
941 2201 1115 2248 fuerant,
1148 2202 1304 2238 relictae
1322 2207 1426 2238 sunt.
1472 2200 1597 2238 Docet
1615 2200 1698 2237 Xe·
1737 2242 1739 2247 ⁴

241 2256 400 2306 nophon
428 2256 471 2294 L.
489 2256 535 2294 V.
564 2258 746 2306 p.430.,
779 2259 883 2306 ipsas
900 2257 1072 2294 foederis
1089 2263 1127 2294 et
1144 2259 1248 2307 pacis
1269 2258 1375 2308 leges
1391 2263 1696 2307 repraesentans.

241 2312 385 2351 wess.

359 2368 466 2409 725.
501 2370 574 2409 34.
605 2365 947 2421 Ἔκκεκλημὲνος]
977 2367 1079 2421 Lege
1098 2366 1398 2421 ἕκκεκτημένος.
1440 2369 1570 2407 PALM.
1616 2368 1696 2406 Vo-

241 2427 335 2473 luit,
365 2426 502 2472 credo,
533 2426 776 2463 doctissimus
794 2427 1008 2464 palmerius
1034 2423 1274 2477 ἒιιτημένος,
1311 2432 1354 2463 ut
1378 2426 1477 2475 apud
1505 2425 1694 2463 Herodot.

242 2481 429 2529 lX.93.‚
452 2489 520 2519 aut
537 2480 792 2533 κεκτημένος.
825 2483 996 2526 Quorum
1013 2484 1242 2519 alterutrum
1264 2488 1301 2519 et
1321 2496 1391 2533 ego
1409 2489 1696 2531 praeoptavero.

241 2536 465 2588 Evagoras,
498 2552 588 2589 rege
609 2539 703 2575 alibi
723 2546 929 2587 occupato,
957 2553 1001 2576 eo
1022 2552 1104 2575 rem
1121 2538 1343 2590 redegerat,
1370 2545 1415 2575 ut
1433 2551 1583 2575 omnem
1604 2552 1694 2587 pac-

240 2607 290 2632 ne
312 2593 480 2661 Cyprum
502 2596 578 2632 sibi
594 2595 787 2632 subditam
806 2595 974 2633 videret:
1016 2591 1122 2634 ὥστε
1149 2596 1299 2647 μικροῦ
1324 2592 1401 2644 μὲι
1431 2592 1569 2645 ἐδέησε
1602 2590 1693 2633 1.κὺ-

240 2665 347 2704 προν
368 2647 536 2690 ἅπασαν
555 2656 776 2702 κατασχεῖν
795 2651 983 2689 Isocrates
1003 2654 1059 2688 ait
1074 2653 1116 2688 in
1133 2650 1256 2701 Evag.
1277 2662 1312 2698 p.
1325 2651 1432 2690 294
1489 2650 1626 2690 lVEss.

357 2708 462 2747 726.
494 2707 569 2747 45.
608 2705 812 2760 Λέρματα
833 2709 939 2747 nath
943 2709 1107 2757 ψῶντες
1127 2705 1361 2758 ἐσιτοῦιτο]
1404 2707 1509 2745 Idem
1531 2721 1602 2744 usu
1623 2720 1690 2745 ve-

240 2764 301 2799 nit
320 2762 635 2811 Atheniensibus,
663 2776 686 2802 a
707 2763 888 2801 Cornelio
902 2763 1012 2802 Sulla
1032 2764 1218 2800 obsessis:
1248 2763 1458 2815 absumptis
1484 2766 1585 2800 enim
1603 2765 1689 2800 ani-

238 2819 424 2869 malibus,
461 2815 645 2874 δέρματά
674 2835 718 2861 τε
742 2819 809 2860 καὶ
839 2816 1002 2875 βύρσας
1035 2818 1215 2871 ἓίμονῖας
1242 2818 1309 2859 καὶ
1336 2818 1617 2871 λικιιωλιιέιους
1640 2817 1686 2859 τὸ
