1828 3253
457 197 521 239 IN
563 197 673 238 Lm.
704 197 749 236 V.
790 196 918 237 CAP.
952 199 1021 240 10.
1044 199 1189 240 -13.
1457 202 1551 242 413

102 315 171 353 lin.
191 311 284 352 cod.
304 312 485 364 praefert,
511 307 753 365 γυψώμασι,
774 311 979 350 manifesta
998 317 1058 349 est
1076 312 1185 350 vocis
1206 308 1468 365 κονιαμὰτων
1488 314 1550 352 in-

103 372 341 421 terpretatio.
370 369 505 406 WEss.

217 427 427 466 339.17.
481 426 580 470 Τοῖς
611 437 654 463 τε
679 421 787 474 βίοις
817 420 1080 476 ἀνέδραμον]
1119 422 1185 461 Sic
1218 423 1259 461 L.
1287 423 1359 462 XI.
1393 425 1465 465 72.
1497 424 1544 463 de

102 481 380 551 Syracusanis,
408 481 472 530 qui
502 482 610 518 brevi
637 493 796 531 magnas
825 481 899 517 sibi
928 493 1016 530 opes
1046 487 1298 528 paraverant,
1327 478 1430 531 ταχὺ
1453 487 1545 527 ταῖς

103 538 261 584 οὐσίαις
284 535 511 589 ἀνέτρεχον,
540 550 609 586 pro
630 538 766 585 quibus
786 533 891 586 ταχὺ
913 535 1257 589 προσανέδραμον
1276 541 1367 583 ταῖς
1387 535 1545 583 οὐσιαις

101 594 146 634 L.
159 594 262 632 XVI.
279 595 350 635 14.
379 593 488 638 Quod
505 606 595 643 prae
613 594 787 630 manibus
800 600 869 640 est,
882 595 1048 630 recurrit
1062 592 1207 643 Ecloga
1219 592 1266 629 ll.
1280 592 1320 628 L.
1333 592 1544 641 XXX1V.‚

101 652 168 688 ubi
183 649 518 700 Carthaginienses
543 648 606 688 ἐπὶ
626 646 731 688 πολὺ
752 654 838 694 τοῖς
858 647 965 698 βίοις
987 645 1310 701 ἀναδραμόντες.
1341 649 1544 698 Sumptum

101 707 148 744 ab
168 707 366 744 arboribus
387 708 595 756 ceterisque
613 705 780 752 videtur,
804 716 899 753 quae
920 706 962 741 in
981 706 1099 742 altum
1120 718 1202 741 sese
1222 709 1386 756 erigunt.
1413 705 1444 741 Ε
1448 718 1543 742 una-

96 765 186 812 pius
207 761 579 811 Excerpt.Hoesch.
609 760 914 810 Ῑ).12.παῖὃες
943 760 987 800 δὲ
1013 758 1150 800 αὐτῶν
1176 760 1244 800 καὶ
1266 758 1312 800 τὸ
1346 758 1542 800 οικετικόν

99 814 204 868 πρός
221 833 263 857 τε
284 833 360 870 την
380 815 599 870 εὐκρασίαν
618 820 702 857 τῶν
721 815 852 869 ἀέριον
873 814 1118 870 ανεὸραμοτ,
1146 819 1170 856 ἰ.
1197 830 1229 856 e.
1251 817 1547 855 subolescebant

99 875 272 925 egregie.
304 874 411 911 Adde
432 875 601 912 eiusdem
621 875 742 912 vitam
768 873 899 911 Aeacii
918 887 955 923 p.
985 875 1086 914 166.
1116 873 1248 911 anss„

210 931 317 970 339.
346 931 416 971 19.
449 928 629 982 Γαῦλος]
665 929 843 968 PLEBS
871 929 1199 968 GAULITANA
1225 932 1267 967 in
1296 928 1413 966 Thes.
1440 928 1543 966 Gru-

99 992 170 1024 ter.
195 999 230 1035 p.
249 997 415 1024 ccccxv.
439 988 479 1026 3.
509 990 653 1024 iustum
681 998 889 1034 verumque
911 985 983 1024 hoc
1012 1000 1095 1023 esse
1115 986 1326 1023 confirmat.
1363 985 1449 1023 Vid.
1478 985 1542 1022 ln·-

101 1045 234 1092 script.
257 1042 372 1080 Gauli
391 1056 478 1081 cum
497 1042 698 1080 Gualtheri
728 1043 930 1080 Animadv.
962 1056 998 1093 p.
1024 1044 1126 1083 864.
1161 1050 1199 1080 et
1217 1042 1287 1081 Ph.
1312 1040 1464 1078 Cluver.
1491 1041 1539 1078 [Ι.

101 1098 210 1136 Sicil
230 1099 274 1138 A.
310 1112 344 1148 p-
369 1101 476 1139 444.
510 1096 674 1149 Γάβὸος
696 1106 734 1136 et
760 1099 945 1145 Γαῦὸος,
975 1106 1018 1136 ut
1048 1099 1140 1136 alibi
1160 1100 1287 1136 insula
1316 1099 1543 1147 impellatur,

99 1156 349 1193 scribentium
368 1163 522 1204 peccato
542 1155 632 1192 hinc
651 1157 840 1206 originem
860 1162 1072 1192 traxerunt.
1104 1155 1237 1192 WEss.

213 1213 321 1253 339.
354 1213 428 1251 23.
477 1209 537 1251 Οὐ
556 1207 686 1278 μόνον
714 1215 800 1258 τοῖς
829 1205 1022 1263 ἒαπόροις
1046 1208 1150 1250 ἀλλὰ
1172 1226 1239 1250 και
1262 1217 1334 1248 etc.
1345 1209 1362 1263 ]
1398 1209 1544 1247 Absur-

101 1266 191 1306 dum
208 1280 287 1305 non
307 1274 366 1304 est
385 1271 510 1313 ταῖς
495 1263 758 1320 ἕμπόροις,υ
734 1274 779 1304 ut
799 1280 917 1305 naves
938 1269 1134 1304 onerariae
1157 1268 1444 1317 intelligantur.
1474 1266 1543 1304 ha·-

100 1323 164 1360 bet
184 1326 285 1361 enim
304 1337 352 1361 ex
371 1321 546 1361 Nonno
533 1323 713 1377 ,εζιιπορον
734 1322 882 1374 ἕδρην,
912 1335 1005 1372 quae
1026 1320 1354 1375 aliis'qcn091m]‚
1380 1322 1428 1360 Η.
1453 1322 1544 1359 Ste-

99 1379 247 1429 phanus
268 1379 455 1417 Thesaur.
485 1379 532 1416 T.
562 1379 628 1417 Ill.
659 1391 697 1427 p.
733 1381 849 1427 184..
878 1387 916 1417 et
941 1387 1031 1417 sunt
1059 1382 1140 1417 eius
1169 1381 1325 1431 generis
1357 1379 1544 1417 vocabula

99 1437 280 1485 pleraque
311 1437 476 1487 originis
499 1443 537 1473 et
568 1437 714 1473 formae
744 1436 980 1484 adiectivae3
1010 1449 1080 1473 nec
1103 1437 1247 1484 recipio
1274 1442 1424 1482 tamen,
1458 1449 1544 1473 cum

101 1505 151 1529 ex
181 1493 283 1530 edito
312 1493 521 1530 conmodus
550 1495 600 1530 sit
629 1505 777 1532 sensuS.
826 1493 989 1539 Portus,
1024 1495 1091 1543 qui
1117 1494 1357 1529 mercatoriis
1380 1491 1545 1529 navibus

100 1555 335 1598 opportunus
363 1555 443 1596 est,
472 1550 568 1598 ipsis
598 1551 729 1597 utique
760 1548 1036 1586 mercatoribus
1068 1555 1126 1586 est
1166 1549 1434 1586 acconmodus.
1484 1546 1544 1584 De

101 1603 285 1653 Cercina,
310 1612 444 1643 contra
471 1604 644 1643 Africam
669 1607 816 1656 posita,
844 1605 928 1643 dixi
956 1605 1005 1643 ad
1035 1604 1168 1645 Itiner.
1200 1605 1344 1643 Anton.
1373 1618 1411 1655 p.
1437 1604 1543 1645 518·

102 1660 237 1699 Wnss.

213 1717 319 1757 340.
345 1717 420 1757 29.
450 1713 572 1769 Αὕτη
593 1715 638 1757 δὲ
655 1718 730 1769 τῆς
749 1711 952 1769 Λιπάρας
970 1714 1176 1771 παραλίας
1197 1712 1406 1768 ἀπέχουσα
1427 1715 1545 1756 σταὸ.

102 1771 202 1824 etc.]
248 1772 378 1822 Turpe
407 1773 544 1811 vitium
578 1772 638 1811 his
679 1776 945 1824 ingeneratum
975 1787 1058 1810 esse
1091 1773 1259 1810 dubitari
1299 1786 1377 1809 non
1409 1778 1546 1821 potest.

99 1828 357 1867 Doctissimus
380 1832 567 1878 interpres
586 1830 626 1867 id
647 1831 810 1879 quodam
831 1830 942 1867 modo
962 1832 1121 1873 avertit3
1150 1842 1306 1877 pravam
1326 1835 1453 1866 tamen
1486 1842 1547 1865 se-

102 1892 214 1922 cutus
235 1887 446 1933 rationem,
476 1889 610 1933 eiecit,
641 1898 736 1935 quae
754 1886 946 1923 mordicus
966 1885 1169 1922 retinenda
1192 1893 1322 1932 eraut,
1355 1887 1545 1922 servavit-

101 1953 188 1990 que,
211 1941 312 1992 quod
334 1941 423 1979 hinc
444 1943 666 1993 longissime
687 1942 961 1979 eliminandum
984 1948 1054 1978 cst.
1083 1941 1196 1987 Quae
1218 1955 1242 1978 α
1265 1942 1432 1993 Lipara,
1456 1954 1545 1978 ver-

99 2001 173 2045 tit,
207 1998 381 2046 Gferme
403 2000 538 2036 stadia
563 2001 700 2037 distat.
741 1999 857 2047 Atqui
878 2012 899 2035 a
921 1998 1059 2048 Lipara
1079 2000 1302 2049 longissime
1323 1999 1429 2034 abest
1448 1996 1544 2044 Ilva,

100 2061 183 2092 toto
203 2053 408 2106 Tyrrheno
429 2058 526 2093 mari
546 2056 633 2092 inde
655 2055 859 2104 disparata.
898 2053 1028 2091 Distat
1059 2068 1103 2091 ea
1130 2056 1257 2092 insula
1277 2067 1298 2091 a
1326 2054 1544 2090 continenti

101 2110 236 2148 stadiis
255 2112 411 2148 circiter
430 2109 471 2159 C,
493 2112 607 2149 sicuti
626 2112 674 2149 acl
695 2112 836 2148 Anton.
856 2110 989 2150 itiner.
1011 2124 1046 2160 p.
1063 2112 1165 2151 513
1185 2110 1349 2148 ostendi.
1379 2110 1545 2159 Scripsit

101 2180 192 2218 ergo
221 2166 437 2214 Diodorus,
476 2164 581 2219 αὕτη
612 2166 656 2207 δὲ
680 2170 753 2219 τῆς
784 2166 990 2220 παραλίας
1022 2165 1231 2218 ἀπέχουσα
1262 2165 1456 2212 σταὸίους
1488 2179 1545 2212 ως

100 2219 270 2270 ἑκατὸν,
299 2225 387 2275 ipsa
407 2237 432 2261 a
452 2226 675 2261 continente
694 2225 838 2261 stadiis
860 2223 891 2260 G
912 2225 1108 2261 disiuncta
1129 2230 1198 2261 est.
1227 2235 1302 2272 quo
1323 2223 1402 2259 fere
1430 2221 1544 2259 modo

100 2278 272 2330 Poggius
294 2279 442 2317 Graeca
461 2283 670 2330 expressit,
703 2287 746 2317 ut
763 2281 900 2316 merito
933 2280 1160 2328 suspiceris,
1185 2293 1270 2316 eum
1291 2292 1359 2316 suo
1380 2281 1421 2315 in
1444 2279 1544 2315 libro

101 2337 349 2385 inportunum
368 2332 571 2388 Λιπάρας
594 2337 824 2374 vocabulum
846 2336 942 2372 haud
965 2337 1173 2374 invenisse.
1210 2335 1253 2372 ld
1275 2335 1368 2376 mihi
1390 2334 1543 2383 quidem

103 2398 204 2427 certe
232 2393 577 2441 exploratissimum
605 2399 684 2440 est,
713 2406 846 2430 vocem
881 2405 963 2428 eam
994 2399 1058 2429 aut
1086 2405 1169 2429 esse
1197 2386 1542 2444 παραδιορθωσιν

103 2449 297 2495 sequentis
317 2447 542 2499 παραλίας,
568 2455 635 2485 aut
654 2460 702 2485 ex
723 2449 982 2498 superioribus
1010 2449 1281 2498 intempestive
1302 2450 1342 2484 in
1364 2446 1462 2483 hanc
1484 2459 1543 2482 se-

103 2503 188 2539 dem
208 2503 461 2554 demigrasse3
489 2517 600 2554 quam
627 2511 754 2541 tamen
774 2507 875 2541 tueri
895 2518 978 2541 eam
1007 2517 1140 2554 passus
1169 2517 1275 2550 sum,
1301 2503 1402 2551 quod
1424 2501 1543 2538 Codd.

103 2560 238 2609 scripti
265 2561 568 2608 pertinacissime
596 2561 857 2597 defenderent.
910 2559 1062 2597 Insulae
1095 2573 1236 2597 nomen
1264 2559 1396 2596 eodem
1428 2558 1541 2595 modo

102 2614 318 2664 Stephanus
346 2614 612 2665 Byzantinus,
651 2630 675 2655 a
703 2615 883 2653 Berkelio
915 2623 953 2653 et
974 2616 1174 2655 Gronovio
1200 2622 1303 2653 recte
1335 2621 1544 2661 correctus,

105 2673 283 2721 explicat.
317 2671 452 2709 WESS.

218 2728 322 2767 340.
356 2729 428 2767 34.
455 2724 627 2780 Πολλὴν
649 2725 814 2779 ἔχοντος
832 2730 906 2768 τοῦ
925 2743 1012 2779 μετ.
1034 2725 1283 2779 δαψίλειαν]
1313 2726 1450 2764 Melius
1469 2727 1545 2762 erit

103 2781 283 2834 ἔχοντες,
316 2786 424 2821 cuius
455 2786 570 2821 etiam
601 2786 643 2821 in
665 2792 830 2821 mentem
866 2785 1086 2822 doctissimo
1116 2783 1394 2821 Rhodomanno
1424 2785 1544 2819 venit.

104 2842 209 2886 Quae
227 2853 320 2879 vero
352 2839 415 2878 hic
444 2840 685 2889 disputantur
707 2841 753 2878 de
780 2841 971 2892 lapidibus
991 2843 1033 2880 in
1054 2842 1149 2880 ferri
1179 2853 1343 2878 massam
1364 2840 1542 2888 eliquatis
