1828 3253
469 139 532 178 ΙΝ
572 136 684 178 LIB.
716 137 746 175 1.
776 135 904 176 CAP.
936 138 1008 179 89.
1033 158 1079 166 —
1105 138 1179 177 91.
1430 139 1516 180 141

83 256 246 303 primum
264 266 348 290 cum
371 252 582 301 exemplum
603 251 887 299 praebuissent,
919 262 1024 297 mox,
1050 250 1228 301 contagio
1248 252 1376 299 quasi,
1402 253 1522 300 pestis

84 309 213 346 eadem
234 308 281 345 ad
302 317 446 346 ceteros
469 310 658 357 pervasit,
689 314 732 344 ut
752 307 847 343 bene
872 305 924 343 M.
944 305 989 343 V.
1013 308 1050 343 la
1067 305 1187 342 Croze
1216 306 1245 343 1.
1273 306 1374 345 Hist.
1406 306 1521 345 Chri-

85 368 199 403 stian.
230 365 355 402 Indor.
382 376 417 413 Ρ.
442 359 488 402 5.’
513 363 647 399 Wnss.

197 422 298 461 100.
323 422 391 459 58.
414 415 636 470 Ἀλλήλους
656 417 906 467 κατεσθίειν]
938 416 1048 454 Conf.
1081 430 1194 467 supra
1226 431 1257 454 c.
1289 418 1359 458 14.
1385 419 1521 457 'Wssss

205 478 303 517 101·
329 477 399 515 68.
435 476 577 525 Τιιιων
599 479 733 525 ττχεΐν
753 474 870 514 &5031-
863 473 948 524 -’·ωι]
990 473 1184 511 Sollemne
1205 473 1276 510 hoc
1308 474 1353 510 (le
1386 488 1523 513 conse-

86 534 214 570 cr'atzs
235 539 272 569 et
292 530 507 568 hominibus
528 538 575 585 etr
580 531 822 570 animalibus.
863 529 998 567 Castor
1017 537 1054 567 et
1082 530 1223 566 Pollux
1253 532 1355 567 intra
1378 534 1520 581 templa

84 590 228 638 recepti
247 601 368 638 τιμας
390 575 583 633 ἰσοθέους
603 584 722 637 ἔσχον
760 589 892 640 inquit
905 586 1004 623 Plut.
1035 589 1075 623 in
1097 585 1212 622 Thes.
1233 599 1268 634 p.
1297 588 1367 625 16.
1394 588 1455 634 A.
1477 595 1518 625 et

87 644 132 680 de
160 644 271 680 Aleta
296 643 431 693 Polyb.
459 642 513 680 X.
538 645 607 684 10.
638 643 753 682 ὸοκεῖ
775 641 810 681 δ’
845 641 966 688 οὗτος
999 637 1166 696 εὑρετὴς
1193 655 1360 693 ςενοιιει
1364 657 1408 689 ος
1437 646 1521 683 τῶν

85 697 308 752 ἀργυρειων
326 695 561 749 μετάλλων,
589 697 768 738 ἰσοθέων
787 696 1011 749 τετευχέναι
1030 700 1174 747 τιμῶν.
1204 696 1332 734 Habet
1352 706 1389 735 et
1409 699 1524 737 Arta-

85 768 206 805 panus
234 756 276 792 in
302 755 440 792 Euseb.
464 754 515 792 X.
547 755 609 792 Pr.
640 755 699 793 Ev
702 768 790 806 ang.
831 769 865 805 p.
905 756 1012 794 432.
1051 753 1092 790 C.
1130 752 1277 790 Mosem
1309 757 1411 791 enim
1437 751 1519 794 υπὸ

83 814 168 851 τῶν
190 808 326 863 ἱερέων
349 809 518 851 ἰσοθέου
540 813 660 863 τιμῆς
682 809 992 858 καταξιωθέντα
1023 812 1411 863 719o<5as09ev37yvat
1426 806 1523 864 Ἕρ-

84 883 169 918 μιν
187 874 395 914 asseverat
420 874 458 904 et
480 867 641 919 Grewor.
680 867 866 906 Nazianz.
880 867 987 904 Orat.
1005 866 1073 904 Ill.
1102 880 1138 917 Ρ.
1162 841 1264 906 106.
1284 865 1328 903 Α.
1352 874 1392 904 et
1412 880 1522 918 saepe

86 922 506 964 Diodor.Vi‹l.1V.l
542 925 592 962 W
596 935 676 960 Ess.

202 982 304 1020 101.
327 982 399 1021 78.
430 976 579 1026 Τοὺς
561 995 718 1020 εαυτων
733 981 858 1031 βασιλ
862 983 917 1027 εἴς
936 986 1007 1017 etc.
1020 978 1037 1030 ]
1079 978 1174 1017 Vide
1209 993 1322 1030 supra
1345 991 1426 1029 cap·
1449 944 1522 1021 72.

86 1035 221 1075 Wssss.

202 1093 303 1132 101.
327 1094 398 1133 80.
435 1088 521 1132 Oine
549 1089 643 1132 ἄνευ
674 1090 887 1143 δαιμονίου
908 1088 1020 1138 τινὸς
1050 1091 1274 1145 προνοίας]
1315 1092 1527 1130 Pausaniae

88 1160 184 1197 quac
203 1148 389 1186 divinitus
409 1155 447 1184 et
466 1161 514 1185 ex
536 1149 801 1198 providentiae
824 1149 957 1185 ordine
985 1152 1216 1199 contingunt
1255 1151 1337 1198 pari
1366 1151 1523 1200 elegan-

89 1207 144 1240 tia
166 1201 239 1242 οὐκ
270 1201 363 1242 ἄνευ
390 1206 494 1243 θεοῦ
525 1205 660 1241 cadere
690 1205 871 1241 dicuntur
891 1204 954 1241 lv.
986 1206 1060 1271 29.
1084 1204 1168 1241 Vll.
1203 1207 1242 1244 8.
1277 1204 1329 1242 X.
1362 1206 1432 1246 14.
1482 1211 1522 1242 et

88 1259 249 1309 Appian.
271 1259 318 1298 V.
339 1258 382 1296 Β.
401 1258 442 1296 C.
474 1272 510 1308 p.
535 1261 669 1300 1154.
713 1256 960 1310 πειθόμενος
988 1258 1062 1299 οὐκ
1085 1257 1179 1299 ἄνευ
1201 1262 1305 1299 θεοῦ
1328 1259 1390 1307 δὶς
1411 1256 1521 1300 οὕτω

88 1315 145 1354 θέ
129 1329 242 1369 ρους
266 1321 434 1354 πταῖσαι
453 1331 583 1362 τους]
572 1318 649 1355 7107
654 1315 805 1367 aciat-,g
834 1316 968 1353 WEss.

205 1373 307 1412 101.
333 1373 404 1412 83.
433 1372 539 1425 Περι.
566 1371 641 1422 μέν
665 1373 737 1412 οὖν
765 1374 848 1411 τῶν
877 1369 1169 1424 ἀφιερωμένων
1187 1371 1287 1422 etc.]
1326 1371 1526 1410 Hactenus

89 1441 243 1466 caussas
264 1430 482 1465 animalium
504 1430 641 1476 cultus,
672 1437 716 1466 ut
731 1430 850 1479 vulgo
872 1429 1073 1475 (labantur,
1100 1431 1315 1475 recensuit,
1346 1443 1365 1465 e
1388 1430 1525 1478 quibus

88 1485 130 1522 id
150 1484 294 1532 liquido
323 1487 610 1536 cognoscimus,
638 1498 716 1521 non
738 1498 781 1522 ea
810 1485 1021 1535 Aegyptios
1049 1486 1168 1521 fuisse
1198 1487 1381 1532 stultitia,
1414 1492 1458 1522 ut
1482 1487 1524 1522 in

91 1543 259 1578 animum
276 1540 522 1588 inducerent,
551 1543 732 1578 animalia
753 1555 796 1578 ea
824 1540 928 1578 Deos
949 1553 1050 1578 esse:
1090 1542 1298 1590 putabant,
1336 1544 1526 1592 imagines

93 1609 174 1633 esse
201 1609 328 1633 rerum
347 1597 587 1643 divinarum,
620 1604 657 1633 et
688 1599 729 1634 in
748 1599 826 1634 illis
855 1610 938 1634 sese
958 1597 1143 1634 bonitatis
1172 1605 1209 1634 et
1240 1600 1432 1647 potentiae
1466 1597 1525 1635 di·-

91 1655 206 1690 vinae
235 1659 459 1702 argumenta
487 1654 665 1690 venerari
692 1653 839 1690 debere.
887 1653 990 1690 Olim
1023 1655 1125 1691 enim
1157 1655 1240 1693 τῶν
1274 1651 1324 1706 ἀ)
1328 1648 1524 1705 αλμάτων

94 1706 169 1758 οὐχ
188 1704 244 1754 εἷς
263 1704 408 1758 νόμος,
438 1705 534 1747 οὐδὲ
555 1712 610 1755 εἷς
629 1723 803 1761 τροπος,
829 1705 925 1748 ουδὲ
952 1706 1072 1760 τέχνη
1091 1708 1190 1760 μία,
1221 1706 1316 1749 οὐδὲ
1334 1706 1412 1762 ὕλη
1434 1709 1525 1761 μία.

94 1764 329 1801 Graecorum
368 1771 451 1801 erat
487 1777 628 1802 numen
658 1778 772 1811 auro,
817 1772 999 1815 argento,
1031 1768 1264 1814 ceterisque,
1294 1779 1390 1815 quae
1422 1772 1526 1803 terra

92 1824 259 1870 pretiosa
277 1821 374 1867 fert,
406 1828 444 1857 et
463 1821 586 1858 forma
612 1820 777 1857 humana
796 1823 941 1873 colere3
969 1834 1054 1858 cum
1080 1823 1122 1858 in
1143 1822 1252 1872 Aegy
1254 1829 1317 1871 pto
1348 1823 1423 1859 alia
1444 1835 1525 1859 om-

92 1878 158 1914 nia
177 1877 442 1926 probarentur,
468 1879 666 1927 cultusque
686 1879 784 1914 varii
802 1880 954 1927 generis
971 1878 1198 1914 animalibus
1220 1879 1453 1925 deferretur,
1484 1885 1527 1915 ut

93 1932 283 1970 Maximus
313 1931 407 1982 Tyr.
435 1931 599 1972 Dissert.
633 1934 706 1973 38.
736 1945 771 1982 p.
795 1935 902 1973 222.
941 1934 1132 1971 observat.
1189 1933 1289 1970 Male
1323 1933 1423 1971 haud
1454 1934 1524 1971 (lu-

93 1990 154 2026 bie
178 1992 349 2037 utrique,
384 2001 507 2037 neque
536 1990 630 2026 adeo
659 1996 784 2026 tamen
818 1990 975 2026 absurdi
1007 1990 1258 2037 posteriores,
1295 1997 1340 2027 ut
1371 1990 1526 2038 quidem

95 2045 233 2082 Graeci
260 2045 532 2094 opinabantur:
566 2058 654 2082 nam
676 2053 714 2082 ct
743 2052 893 2082 tantum
917 2058 963 2082 ex
987 2046 1214 2083 animalibus
1241 2047 1420 2083 utilitatis
1439 2059 1525 2094 per-

94 2102 305 2151 cipiebant,
341 2101 443 2138 unde
474 2115 518 2138 ea
547 2102 646 2138 dona
666 2101 834 2139 Deorum
863 2103 1124 2139 inmortalium
1156 2115 1237 2138 esse
1277 2104 1523 2153 colligerent:

95 2165 133 2194 et
160 2164 355 2207 praeterea
382 2159 423 2193 in
451 2158 499 2194 iis
528 2171 609 2194 esse
643 2158 828 2206 quaedam
855 2158 1049 2204 miranda,
1090 2159 1225 2206 quibus
1256 2159 1528 2196 adumbrarem

93 2216 302 2262 potentiam
326 2213 517 2260 divinam,
545 2215 732 2265 longeque
765 2215 1006 2251 manifestius
1025 2217 1306 2263 exprimerent,
1334 2227 1446 2263 quam
1466 2222 1526 2252 ta—

96 2271 196 2306 bulis
215 2283 258 2306 ac
281 2271 417 2306 statuis
437 2272 516 2306 suis
537 2279 693 2317 possent
713 2270 925 2318 Graecique
944 2269 1180 2318 Romanique
1199 2272 1362 2319 pictores
1382 2285 1426 2308 ac
1446 2279 1525 2309 sta-

97 2327 230 2370 tuarii,
259 2326 316 2361 uti
341 2324 430 2361 Ger.
451 2325 502 2362 lo.
533 2325 691 2363 Vossius
722 2325 791 2362 IX.
827 2325 961 2363 Theol.
983 2326 1098 2365 Gent.
1129 2328 1197 2366 14.
1227 2335 1525 2375 commentaturg

97 2384 159 2418 cui
179 2383 293 2432 iunge
312 2379 513 2417 Dissertat.
551 2382 654 2418 Amr·
648 2385 708 2419 stis
732 2381 915 2418 Banerii
905 2396 945 2419 in
964 2381 1175 2422 Comment.
1204 2383 1525 2432 Acad.1nscript.

97 2436 144 2473 'l.
174 2436 300 2486 1V·.p.
332 2438 433 2476 116.
471 2444 508 2474 et
545 2436 682 2475 Thom.
712 2438 896 2475 Galaeum
924 2441 966 2476 in
996 2438 1190 2475 lamblich.
1216 2439 1332 2490 Myst.
1362 2440 1525 2491 Aegypt.

95 2493 141 2530 V.
171 2495 210 2532 8.
242 2493 400 2541 p.265.
435 2493 569 2530 wass.

211 2506 314 2588 161·
335 2550 409 2587 90.
439 2545 807 2601 Καταπασαιιενοι]
834 2549 979 2587 Morem
1004 2551 1131 2601 tangit
1157 2550 1313 2588 Luciau.
1333 2550 1379 2587 (le
1405 2550 1528 2589 Luctu

96 2617 129 2641 ο.
154 2607 224 2644 12.
236 2632 248 2650 ,
275 2603 343 2642 καὶ
374 2603 524 2655 ἐσθὴς,
551 2608 748 2654 inquiens,
778 2603 1137 2659 xa‘ca9riwjymwuc,
1157 2621 1224 2645 και
1255 2603 1364 2652 κόνις
1386 2605 1449 2645 ἐπὶ
1475 2611 1526 2662 τῆ

96 2661 253 2714 κεφαλῇ
274 2656 404 2698 mizon
396 2674 485 2699 ται.
506 2668 544 2697 et
565 2674 635 2699 uos
656 2676 687 2698 c.
711 2665 782 2702 72.
811 2662 946 2699 Ψεεε.

152 2728 156 2732 ’
212 2718 314 2756 101
344 2713 562 2755 94-0112‘5
592 2716 777 2769 ἐσθῆτας
804 2715 1004 2770 λαιιπρὰς
1014 2692 1361 2769 7159tsj’ci7ffl7mvcu]
1403 2719 1529 2756 Atrati

95 2779 264 2810 mortuos
285 2772 486 2822 lugebant:
513 2784 628 2822 quare
659 2772 761 2825 303),
770 2788 790 2820 ς
810 2772 980 2826 λαμπρὰ
1002 2774 1166 2811 candida
1186 2781 1265 2820 est,
1294 2781 1337 2811 ut·
1363 2771 1526 2825 ἱμάτιον
