1828 3253
277 197 369 239 180
736 189 1252 232 ANNOTAT10NES

280 307 372 346 vide
403 305 579 344 Africani
605 302 738 343 Cestos
766 317 798 342 c.
824 305 899 346 24.
927 319 962 357 p.
984 306 1093 346 298.
1126 311 1164 343 et
1188 304 1241 342 Io.
1259 302 1290 342 F
1293 302 1499 342 reinshem.
1532 303 1575 341 in
1595 301 1720 341 Curtii

285 363 386 402 VIII.
413 364 482 403 14.
505 364 580 403 23.
610 362 748 400 wssss.

402 421 504 459 131.
526 420 599 458 30.
632 414 820 469 Περσεὺς
843 409 863 457 ὅ
886 419 969 456 τῶν
988 412 1249 457 ,Μακεδόνων
1266 413 1481 468 βασιλεὺς]
1507 415 1596 453 Non
1616 428 1722 465 prae·

288 478 399 514 teriit
422 475 493 512 hoe
515 477 598 511 eius
618 481 849 525 stratarrema
870 474 1052 524 Polyaen.
1074 473 1139 512 IV.
1163 476 1237 513 20.
1268 473 1318 510 W
1323 484 1346 509 Ε
1352 483 1407 510 SS.

408 533 509 572 131.
528 532 602 571 40.
639 532 780 570 mara
812 526 1025 581 ποτάμια]
1063 530 1160 566 Puto
1185 542 1303 566 naves
1337 541 1385 565 ex
1416 541 1493 565 uno
1520 528 1725 565 arundinis

291 595 429 626 trunco
448 594 602 625 cavatas
621 590 804 633 innuere,
843 598 938 635 quae
957 580 1166 636 μονόξυλα
1186 585 1414 634 Hippocrati
1435 584 1480 620 de
1501 584 1624 631 Ae're,
1653 583 1723 632 Aq.

292 644 381 681 Loc.
407 658 441 693 p.
463 646 569 684 290.
588 643 725 693 Polyb.
746 642 810 679 III.
822 643 895 682 42.
919 641 1132 679 Heliodoro
1152 642 1295 680 veroI.
1319 654 1355 689 Ρ.
1373 642 1445 680 57.
1479 655 1532 679 τα
1555 640 1727 690 λιμναῖα

293 696 448 753 σκάφη,
471 698 551 739 ἀπὸ
573 695 704 750 μόνου
731 694 853 745 ξύλου
877 697 945 737 καὶ
965 695 1145 750 πρέμνον
1164 696 1315 748 παχέος
1335 713 1377 735 esa
1381 711 1426 743 ος
1445 691 1730 751 ἀγροικότερον

294 753 595 806 κοιλαιιιόμινα.
635 757 743 792 cuius
768 761 806 791 et
827 754 868 791 L.
890 753 962 792 lX.
996 768 1030 804 Ρ.
1050 755 1157 821 460
1178 755 1278 792 vide.
1312 754 1451 791 WESS.

412 814 516 854 131.
539 813 613 851 42.
647 803 709 851 Οῗ)
727 808 773 850 τὸ
798 824 929 860 παχος
950 807 1024 849 οὐκ
1056 807 1106 848 ἂν
1134 831 1181 838 -·
1203 804 1446 864 περιλάβοι]
1484 805 1595 848 Conf.
1627 808 1731 846 infra

294 869 518 908 XV11.9O
548 874 587 904 et
608 867 787 905 Strabon.
808 866 895 904 XV.
920 880 954 916 Ρ.
984 868 1119 907 1037.
1133 865 1174 904 C
1202 866 1341 904 WVESS.

413 927 515 965 131.
539 926 609 964 50.
638 922 724 962 Καὶ
744 919 1114 969 πολλαπλασιάσας
1131 919 1229 968 τοὺς
1246 916 1606 974 προϋπαρχοντας]
1629 921 1735 964 Quae

298 996 347 1020 ex
367 981 496 1019 Ctesia
516 981 561 1016 de
582 980 764 1016 Indorum
784 992 894 1030 rege,
925 992 1010 1016 cum
1038 981 1071 1015 is
1091 979 1233 1015 bellum
1252 984 1404 1025 movet,
1435 979 1641 1027 exscripsit
1658 976 1734 1014 Ae·-

297 1041 389 1076 lian.
419 1037 543 1075 XVII.
575 1036 625 1074 H.
647 1036 693 1074 A.
716 1037 816 1082 29„
862 1034 1151 1084 elephantorum
1179 1034 1281 1072 huno
1303 1045 1506 1075 numerum
1529 1035 1735 1071 immanem

295 1096 417 1133 fuisse
438 1094 624 1130 indicant.
652 1092 792 1129 IVESS.

416 1150 518 1190 131.
543 1150 613 1188 53.
648 1145 737 1199 Τὴν
763 1145 827 1185 ἐπὶ
850 1148 934 1186 τῶν
955 1145 1180 1199 θωρακίων
1200 1142 1487 1198 κατασκευὴν]
1513 1144 1575 1183 An
1596 1146 1736 1183 lorica-

301 1214 362 1244 tos
386 1213 424 1243 et
443 1206 616 1242 turribus
635 1206 846 1241 instructos
872 1204 993 1240 fuisse
1014 1201 1232 1254 significat?
1285 1209 1447 1252 utroque
1467 1203 1571 1240 enim
1594 1214 1736 1252 genere

301 1264 569 1307 armabantur,
606 1268 687 1298 tum
706 1274 754 1296 ne
775 1259 866 1308 quid
894 1260 1023 1296 damni
1045 1261 1191 1297 belluae
1212 1260 1367 1309 sagittis
1389 1259 1553 1307 telisque
1572 1259 1737 1296 inferre-

304 1326 379 1365 tur,
408 1327 487 1356 tum
508 1324 551 1354 ut
568 1330 617 1353 ex
636 1317 807 1354 turribus
824 1317 928 1352 tela'
919 1329 960 1353 ιη
986 1315 1116 1352 hostes
1137 1317 1401 1353 vibrarentur.
1435 1329 1589 1365 μαχονι
1599 1329 1639 1352 αι
1658 1310 1736 1366 γὰρ

302 1371 603 1424 ἓπεσκευασμέν
606 1388 642 1412 οι
663 1387 769 1424 πυρὶ
772 1387 842 1418 ους
865 1373 992 1421 inquit
1008 1371 1232 1408 Philostrat.
1251 1371 1297 1408 11.
1321 1372 1388 1408 Vit
1406 1370 1584 1420 Apollon.
1609 1373 1678 1411 12.
1700 1376 1741 1407 et:

300 1447 348 1470 το
373 1430 525 1482 θηρίον
546 1427 778 1482 πέφρακται
797 1427 873 1479 μὲν
902 1427 969 1466 καὶ
998 1423 1153 1482 σιδηρω
1183 1421 1508 1480 παραγινόμενον
1531 1426 1586 1473 εἷς
1602 1441 1740 1478 μαχην

303 1487 504 1524 Heliodor.
521 1485 590 1522 IX.
614 1499 650 1534 p.
664 1486 771 1524 437.
808 1484 987 1521 Fortasse
1008 1490 1136 1521 tamen
1158 1490 1284 1521 turres
1303 1483 1492 1520 duntaxat
1509 1485 1639 1520 innuit
1657 1485 1741 1522 τῶν

303 1542 530 1595 θωρακίων
550 1542 759 1588 vocab=1103
778 1542 887 1578 cuius
899 1541 1130 1588 suspicionis
1148 1547 1343 1578 auctorem
1357 1540 1406 1577 do
1417 1539 1619 1576 Aelianum
1628 1538 1739 1576 XIII.

304 1599 356 1636 H.
375 1600 418 1635 A.
443 1600 484 1638 9.
477 1626 501 1644 .,
531 1599 597 1646 qui
626 1598 672 1634 de
702 1597 902 1645 elephanto
931 1596 1113 1634 Indorum
1134 1597 1342 1643 bellatore,
1376 1592 1396 1636 ὃ
1421 1594 1466 1634 δὲ
1486 1591 1743 1648 στρατιώτης

304 1654 372 1694 ἕλ’
338 1670 455 1720 ..z-(pag
483 1654 545 1692 ἐπι
576 1656 650 1692 τοῦ
681 1651 935 1703 καλουμένου
969 1652 1050 1691 ΘΙ)
1030 1653 1297 1698 -PAKIOY‚
1326 1649 1352 1704 ἡ
1383 1650 1451 1690 καὶ
1481 1650 1529 1704 νὴ
1554 1651 1640 1692 Δία
1668 1652 1744 1691 τοῦ

303 1707 437 1751 utitem
458 1712 615 1762 μμνοῦ
637 1708 704 1748 καὶ
725 1707 944 1761 ἐλευθεροῖ)
973 1706 1222 1759 πολεμιστὰς
1241 1707 1318 1759 μὲν
1342 1712 1451 1761 τρεῖς
1470 1705 1574 1761 παρ’
1608 1703 1746 1747 ἑκάτε-

304 1783 358 1820 ρα
387 1763 543 1816 βάλλον
547 1780 620 1811 τας
641 1764 708 1803 καὶ
730 1762 804 1804 τὸν
825 1764 963 1816 τρίτον
983 1761 1156 1804 κατόπιν
1175 1780 1204 1819 φ
1210 1762 1308 1820 ἕρει·
1369 1776 1492 1814 neque
1511 1766 1615 1803 enim
1640 1777 1746 1803 com-

304 1824 416 1861 mode
436 1825 593 1859 loricam
614 1835 658 1858 eo
680 1824 764 1858 Ioco
785 1823 1038 1859 intellexeris.
1066 1822 1204 1859 WESS.

423 1880 524 1919 131.
549 1879 620 1918 69-
656 1879 753 1917 Τῶν
775 1874 1205 1931 παρεμβεβληκοτων]
1249 1878 1479 1929 Legitimum
1498 1876 1571 1914 hoc
1594 1883 1673 1925 est,
1706 1883 1745 1915 et

308 1936 354 1973 de
377 1937 472 1982 illis,
500 1937 565 1984 qui
588 1941 714 1971 castra
732 1937 866 1971 metati
889 1941 1000 1982 sunt,
1031 1933 1204 1971 Diodoro
1222 1936 1422 1984 probatum
1438 1933 1547 1971 XIII.
1571 1936 1642 1975 87.
1674 1932 1745 1972 καὶ

305 1989 436 2045 ‘cauny
458 1989 746 2043 παρενέβαλεν
770 1997 808 2028 et
828 1991 874 2028 ΙΙ.
897 1991 966 2031 13
996 2006 1064 2029 και
1082 1993 1221 2029 πᾶσαν
1240 1988 1437 2044 στρατιὰν
1458 1990 1747 2043 παρεμβεβλη-

308 2053 427 2086 κυῖαν
445 2047 486 2086 ἐν
516 2049 573 2085 τῶ
598 2046 737 2086 nullm.
796 2047 902 2083 Idem
920 2054 958 2083 et
976 2046 1252 2084 Alexandrinis
1271 2048 1546 2096 interpretibus
1564 2047 1746 2095 frequens

307 2104 432 2141 Exod.
454 2102 600 2140 XVIII.
629 2104 667 2142 5.
690 2103 847 2139 Numer.
869 2103 898 2140 Ι.
921 2104 1007 2151 50.,
1034 2103 1062 2139 Ι.
1081 2102 1248 2140 Samuel.
1271 2102 1333 2140 IV.
1362 2105 1399 2143 1.
1420 2110 1490 2140 etc.
1517 2103 1658 2142 WESS.

424 2161 511 2200 13.-
487 2162 526 2195 ί.)
553 2160 625 2198 74.
644 2156 901 2212 Ἐπαρθεΐσα
921 2161 971 2212 τῆ
990 2158 1080 2212 νίκη
1101 2156 1175 2205 τὰς
1203 2158 1244 2198 ἕν
1261 2161 1319 2214 τῷ
1340 2160 1514 2212 ποταμῶ
1534 2166 1605 2196 etc.
1616 2156 1635 2212 ]
1670 2155 1746 2196 Co-

308 2216 450 2264 pulam,
470 2229 564 2265 quae
584 2217 799 2253 orationem
822 2216 1095 2262 conturbabat,
1130 2222 1284 2252 secutus
1302 2222 1453 2253 veteres
1471 2215 1590 2252 Codd.
1614 2221 1745 2252 sustu-

310 2273 352 2307 li.
383 2271 466 2307 Hoc
488 2284 579 2308 vero
600 2278 790 2320 tempore,
819 2272 931 2308 modo
948 2285 1009 2308 res
1028 2272 1142 2309 fidem
1165 2274 1312 2320 capiat,
1343 2272 1530 2309 accidisse
1555 2273 1743 2319 suspicor,

310 2328 412 2375 quod
431 2328 476 2364 de
502 2327 754 2365 Semiramide
779 2327 917 2365 Suidas
938 2329 1106 2377 prodidit
1122 2331 1162 2365 in
1187 2328 1428 2381 Σεμίραμις,
1456 2335 1494 2365 et
1512 2328 1554 2364 L.
1575 2327 1743 2365 Kustero

308 2395 468 2430 pravum
489 2385 583 2420 adeo
604 2387 730 2421 visum
755 2392 831 2431 est,
864 2391 907 2421 ut
926 2386 1012 2421 aliis
1035 2385 1306 2422 illustrandum
1324 2391 1362 2421 et
1382 2384 1660 2421 emendandum
1678 2397 1744 2420 re-

306 2439 482 2488 liquerit:
509 2440 626 2477 verba
647 2446 755 2477 sunt:
783 2457 808 2510 3]
832 2437 935 2493 αὐτη
955 2436 1181 2479 ἐκιεὺσασα
1201 2455 1274 2480 τον
1294 2437 1482 2491 ποταμὸν
1499 2437 1653 2487 Ἰνδὸν,
1676 2437 1747 2478 καὶ

304 2508 380 2545 της
411 2492 525 2541 ἐιτὸς
557 2495 696 2547 κοίτης
728 2496 903 2536 κτίσασα
940 2492 1120 2536 παλάτια
1149 2495 1213 2535 ἐπὶ
1241 2492 1484 2547 υψωμάτων
1513 2492 1745 2550 ἐγχορηγων

303 2547 447 2602 ησᾳιαλ
439 2549 584 2600 »τωμέν
588 2566 658 2599 ων,
678 2552 803 2598 αὖθις
822 2569 896 2591 ana
892 2551 1020 2591 λυσεν
1039 2567 1094 2598 εις
1112 2549 1187 2604 τὴν
1207 2552 1358 2604 κοίτην.
1385 2564 1481 2601 quae
1501 2552 1608 2599 mihi,
1635 2565 1746 2600 prae-

305 2606 442 2643 fiscina
474 2608 662 2654 dixerim,
709 2609 861 2647 obscuri
883 2608 981 2646 nihil
1000 2609 1204 2646 admodum
1226 2608 1364 2645 habere
1383 2609 1586 2655 videntur,
1627 2608 1742 2645 modo

306 2663 418 2699 futile
440 2663 701 2701 vocabulum
684 2662 912 2717 ιγχορήγων
933 2666 1121 2711 inmutes,
1151 2678 1195 2702 ac
1216 2661 1431 2716 ἔγχωστιον
1449 2666 1528 2703 levi
1547 2665 1742 2701 discrimi-

307 2730 356 2754 ne
377 2732 459 2755 esse
479 2719 620 2757 iubeas.
670 2718 873 2758 Sententia
890 2723 986 2758 erit:
1012 2721 1310 2759 Semiramidem
1331 2721 1632 2771 Imlumflumen
1656 2721 1739 2757 alio

305 2776 530 2821 derivasse,
569 2777 812 2826 conditisque
833 2779 943 2814 intra
966 2779 1049 2814 eius
1069 2778 1223 2814 alveum
1236 2779 1409 2828 palatiis
1439 2784 1480 2814 et
1506 2779 1546 2814 in
1567 2788 1740 2825 aggeres

304 2839 491 2880 aggestas
516 2832 702 2870 bitumine
731 2835 935 2885 inpositis,
982 2836 1084 2873 idem
1116 2836 1156 2872 in
1193 2847 1304 2875 suum
1343 2834 1499 2873 alveum
1533 2835 1738 2872 inmisisse.
