1828 3253
466 230 529 270 IN
559 227 1157 272 L113.X1.CAP.78.79.
1449 235 1539 275 549

88 343 281 396 Dionysio
301 328 390 384 Ant.
398 342 510 386 Roin.
534 343 578 384 L.
602 344 675 385 ΙΧ.
695 359 732 397 p.
751 346 870 394 623„
899 351 1102 417 utrumque
1122 348 1163 383 in
1182 346 1409 398 magistratu
1426 359 1532 386 mor-

91 408 198 440 tuum
219 402 408 440 tradente.
436 402 568 440 WEss.

199 459 308 499 464.
352 459 424 499 50.
469 457 555 498 Και
580 454 667 497 κατ’
700 454 789 526 0712
791 472 862 504 οις
893 454 1134 508 συμπλοκὰς
1161 467 1233 498 etc.
1265 475 1460 510 ποιοιμει
1463 457 1531 514 οι]

86 513 277 552 Emendat
305 517 346 552 in
367 514 539 552 Addend.
562 517 641 552 suis
661 509 748 553 κατ’
771 511 849 566 5713
854 529 908 553 οι
928 512 1241 564 Rhodomannus,
1264 518 1364 566 quod
1385 517 1531 554 factum

86 572 240 608 nouem.
267 573 413 608 Auctor
434 570 506 608 hoc
534 578 647 608 amat.
677 570 784 618 gNam
804 569 847 607 L.
865 570 973 607 XIII.
997 572 1065 611 15.
1092 568 1251 623 717'71013
1281 589 1331 625 γι
1356 590 1375 612 0
1407 570 1529 624 λιμὴν

84 630 169 667 τῶν
200 623 287 667 κατ’
304 624 482 695 ὂ7;ί]ους
509 623 845 678 ναιμαχούιτωι.
891 626 942 663 Et
964 641 994 664 c.
1017 628 1090 667 40.
1122 630 1292 667 eiusdem
1313 630 1398 666 libri
1424 628 1529 665 Min-

84 684 199 721 darus
229 678 315 722 κατ’
349 680 438 736 ὄ7ίγ
430 697 490 730 ας
508 682 576 722 καὶ
597 680 703 722 κατὰ
722 682 821 750 μίαν
851 681 1030 723 ἐκέλευσε
1061 685 1197 736 σῑμπ7
1203 684 1382 725 ἕκεσθαι.
1427 684 1530 723 Τυιιι

83 739 127 777 L.
137 738 268 777 XVII.
284 739 357 780 83.
376 755 407 790 μ
413 738 495 808 ε’χρι
514 738 590 791 μέν
609 753 720 785 τινος
737 734 865 790 μάχαι
886 737 974 778 κατ’
996 737 1083 792 62¹1>
1086 756 1156 787 ους
1177 739 1208 793 ἐς
1212 740 1368 781 ‘'novro.
1386 741 1527 778 Wzss.

194 796 303 836 464-
330 797 404 836 61.
434 793 494 835 Τὸ
516 797 602 835 τελε
605 801 748 835 ἰταΐον
772 794 987 848 ἔνι’κνσαν]
1016 795 1119 833 Mars
1138 798 1216 835 fuit
1236 811 1388 847 anceps,
1408 799 1526 835 sicuti

81 850 330 902 Thucydides
352 851 382 889 Ι.
409 853 512 893 105.
541 859 759 890 asseverat:
788 855 876 901 quia
897 859 1024 889 tamen
1042 853 1296 892 Athenienses
1328 862 1526 901 tropaeum.

78 915 292 958 posuerunt
309 910 437 958 primi,
465 911 669 946 victoriam
689 908 824 947 iisdem
845 908 1070 946 adiudicant
1085 909 1222 960 Lysias
1234 911 1340 948 Orat.
1359 910 1524 947 Funebr.

79 977 113 1002 c.
136 965 207 1005 15.
237 971 276 1002 et
294 964 455 1004 Aristid.
488 963 535 1001 T.
558 965 587 1002 Ι.
616 979 650 1015 p.
673 966 805 1013 269.‚
834 968 899 1014 qni
918 973 1116 1013 praeterea
1134 967 1335 1018 adiungit,
1361 969 1524 1005 alterum

77 1022 264 1070 praelium
283 1020 507 1058 duodecimo
539 1028 625 1070 post
654 1021 735 1068 die,
763 1035 902 1072 magno
936 1021 1222 1062 Corinthiorum
1250 1025 1377 1071 malo,
1401 1024 1522 1060 fuisse

77 1083 301 1129 pugnatum.
342 1078 466 1122 Quam
484 1091 578 1116 vero
603 1078 806 1116 Cimoliam
833 1079 976 1116 Noster
996 1078 1184 1127 adpellat,
1216 1093 1261 1118 ea
1281 1081 1423 1130 privati
1452 1078 1522 1118 ho-

75 1135 194 1172 minis
211 1139 294 1170 erat
313 1133 532 1184 praedium,
559 1132 787 1185 ThucydIde
806 1135 1048 1186 significante
1065 1135 1094 1172 Ι.
1119 1137 1222 1177 106.
1248 1137 1299 1174 W
1302 1147 1383 1173 Ess.

189 1190 295 1230 464-
327 1190 403 1230 63.
448 1187 587 1229 Πά7ιι
619 1189 838 1244 ᾖειοιιὲνης
876 1191 968 1242 ἶσχῑ
973 1193 1048 1243 οᾶς
1075 1188 1243 1246 μάχης]
1291 1192 1386 1230 Dele
1421 1203 1520 1240 qua-

77 1253 165 1283 tuor
201 1245 270 1284 has
293 1245 495 1283 dictiones.
541 1246 604 1284 Ex
633 1247 876 1296 praecedenti
899 1249 1000 1284 enini
1036 1261 1152 1285 versu
1175 1262 1243 1298 per
1276 1250 1520 1286 oscitantiam

74 1302 226 1339 librarii
267 1305 394 1340 ociose
431 1301 506 1340 huc
549 1309 640 1340 sunt
682 1305 902 1342 translatae.
935 1302 1069 1341 RHOD.
1138 1302 1265 1344 Mer&
1304 1304 1348 1345 δὲ
1379 1302 1520 1356 ὀλίγας

71 1353 229 1411 ἡμέρας
249 1355 289 1397 οἶ
312 1358 499 1410 Φωκεῖς
485 1355 500 1381 ¹
541 1359 684 1396 Induxi
703 1360 964 1409 ineptissimas
980 1373 1118 1407 voces,
1144 1360 1234 1398 huic
1254 1363 1340 1398 loco
1358 1363 1518 1408 alienas,

73 1421 111 1452 et
137 1415 343 1452 manifesto
374 1427 423 1451 ex
434 1416 711 1484 superioribus
739 1417 932 1466 repetitaS.
986 1416 1141 1454 Mallem
1182 1420 1317 1465 etiam,
1356 1418 1518 1454 sublatis

69 1468 174 1522 μετὰ
195 1469 238 1510 δὲ
260 1467 401 1523 ὀλίγας
424 1466 600 1523 ἡμέρας,
628 1473 810 1521 scriptum
831 1474 1025 1522 legeretur
1047 1471 1089 1512 οἷ
1107 1471 1151 1512 δὲ
1176 1474 1345 1520 Φωκεῖς.
1383 1473 1518 1521 Neque

72 1529 173 1564 enim
202 1528 334 1576 paucis
360 1534 448 1575 post
477 1528 735 1579 depugnatum
755 1531 796 1565 in
827 1527 989 1566 Cimolia
1007 1531 1190 1578 praelium
1211 1533 1253 1567 in
1278 1529 1351 1568 hoc
1375 1531 1520 1567 bellum

69 1583 288 1621 Phocenses
319 1583 620 1631 descenderunt,
660 1585 976 1633 quemadmodum
1005 1598 1053 1621 ex
1093 1585 1321 1636 Thucydide
1351 1586 1379 1622 1.
1414 1588 1518 1627 107.

69 1639 233 1677 videbis.
272 1637 392 1676 Vetus
412 1642 621 1690 interpres,
649 1643 835 1689 retentis,
863 1654 963 1691 quae
986 1641 1135 1690 delevi,
1163 1643 1384 1690 vocabulis,
1410 1644 1518 1680 Iacu-

73 1709 161 1733 nam
182 1695 254 1732 hoc
273 1696 360 1732 loco
379 1698 655 1746 suspicabatur.
682 1697 732 1734 W
736 1708 817 1733 Eas.

183 1752 291 1792 464·
329 1754 402 1792 68.
452 1753 671 1791 Κωτιιιον
706 1769 773 1792 και
798 1751 945 1804 Ἐοῖβι
951 1769 999 1793 ον
1034 1752 1103 1792 καὶ
1125 1751 1336 1805 Ἔριναιόι
1328 1755 1367 1804 J
1413 1754 1517 1805 Lege

69 1807 266 1847 Kv'wrmm
277 1835 289 1855 ,
334 1804 486 1856 Βόίον,
524 1805 722 1860 Ἐοινεόν.
780 1809 865 1846 Has
891 1813 992 1847 enim
1021 1811 1138 1847 urbes
1167 1812 1222 1847 sic
1253 1810 1415 1857 Strabo,
1451 1813 1516 1848 wel

71 1863 310 1911 STRATO,
337 1871 380 1901 ut
398 1878 420 1901 a
452 1866 678 1913 quibusdam
700 1868 962 1912 existimatur,
992 1869 1165 1903 nominat
1181 1866 1224 1904 L.
1248 1865 1320 1906 IX.
1349 1879 1384 1915 p.
1410 1868 1516 1907 654.

67 1919 114 1958 A.
143 1923 187 1958 in
214 1921 470 1968 descriptione
498 1920 677 1969 Doridis,
710 1929 748 1958 et
773 1921 815 1958 L.
837 1921 890 1958 X.
920 1935 954 1970 p.
987 1923 1092 1962 729.
1115 1922 1160 1960 A.
1186 1925 1228 1960 in
1260 1923 1514 1970 descriptione

68 1975 217 2014 Cretae.
243 1975 383 2014 RHOD.
423 1977 538 2015 Hunc
561 1980 686 2015 locum
706 1981 747 2015 in
768 1980 941 2028 margine
964 1981 1018 2015 sie
1040 1979 1260 2016 emendavit
1279 1978 1328 2015 H.
1351 1978 1517 2030 Stepha-

67 2046 164 2070 nus:
189 2032 402 2083 ΚιντιζιῗῨιΟῚν
423 2034 491 2073 καὶ
506 2032 688 2087 Ἐρίνιον
707 2034 773 2073 καὶ
793 2032 1015 2086 Ἑριιυῖοντ
1045 2037 1178 2072 nescio
1200 2035 1302 2072 unde
1335 2037 1516 2073 sumserit

69 2103 133 2127 eas
153 2103 288 2137 voces,
317 2090 390 2127 hoc
418 2093 501 2128 scio
525 2091 678 2141 longius
699 2104 763 2128 eas
780 2091 913 2127 abesse
933 2104 954 2127 a
973 2093 1141 2142 genuina
1161 2098 1201 2128 et
1220 2104 1313 2128 vera
1333 2093 1515 2138 lectione,

69 2159 182 2196 quam
202 2160 268 2193 ea,
291 2159 386 2196 quae
410 2149 558 2184 suntin
579 2154 702 2184 textu.
749 2146 828 2183 Vix
858 2155 951 2195 puto
972 2161 1015 2184 ea
1036 2161 1121 2184 esse
1137 2147 1187 2184 H.
1209 2145 1417 2197 Stephani,
1447 2148 1516 2185 sed

72 2216 116 2239 eo
138 2202 296 2240 absente
316 2217 359 2240 ea
381 2203 483 2241 edita
501 2217 596 2241 esse.
625 2203 709 2251 Tu,
736 2205 870 2250 lector,
896 2206 929 2240 si
948 2204 1059 2240 nobis
1075 2203 1185 2251 fidis,
1209 2204 1300 2255 vlege
1319 2204 1514 2244 Κυτίνιον

71 2258 139 2297 καὶ
164 2256 219 2297 ἔτι
249 2259 377 2299 Βοΐον
406 2259 475 2298 καὶ
498 2257 708 2312 Ἔρινεόν,
737 2267 776 2296 et
802 2266 954 2310 repete,
984 2272 1078 2309 quae
1100 2273 1215 2309 supra
1246 2262 1379 2297 notavi
1400 2260 1447 2297 ad
1478 2273 1515 2309 p.

75 2316 177 2355 187.
207 2315 265 2352 ed.
295 2314 428 2365 Steph.
454 2316 584 2353 Pam.
631 2315 826 2356 Κττιίἰον
855 2315 922 2354 καὶ
955 2313 1010 2355 ἔτι
1044 2312 1174 2355 Βόϊον
1208 2315 1275 2355 καὶ
1299 2313 1514 2369 Ἐρινεὸν]

71 2369 233 2408 Coi-rexi
252 2384 390 2421 pravas
410 2385 547 2420 voees,
576 2374 648 2409 etsi
672 2371 791 2409 Codd.
810 2385 944 2421 parum
964 2375 1156 2419 iuvarent,
1184 2373 1387 2409 obsecutus
1410 2371 1516 2409 Rho-

70 2427 275 2475 domanno,
302 2427 497 2466 Palmerio
514 2436 551 2466 et
573 2429 619 2466 Is.
637 2428 864 2466 Casaubono
882 2429 930 2465 ad
942 2427 1123 2466 strabon.
1144 2428 1214 2466 IX.
1232 2441 1267 2477 p.
1285 2429 1416 2476 6543
1443 2442 1515 2466 nec

71 2484 148 2520 alia
168 2497 276 2521 mens
297 2482 352 2520 CI.
373 2483 630 2535 Barbeyraeio
655 2487 693 2522 in
714 2484 860 2522 Histor.
878 2484 1036 2524 Foeder.
1060 2485 1102 2522 P.
1126 2484 1156 2522 I.
1175 2498 1209 2535 p.
1229 2487 1346 2533 106„
1381 2486 1514 2533 inpro-

74 2539 180 2576 banti
203 2547 397 2588 praeterea
423 2554 539 2578 voees
562 2538 641 2580 ὑπὸ
665 2538 798 2594 λύᾳοι·
818 2538 892 2580 τὸν
912 2537 1217 2592 ὀνομαζόμενον
1238 2539 1512 2592 Παρνασσὸν,

72 2601 116 2632 ut
136 2609 391 2645 supervacuas
411 2610 620 2646 parumque
639 2598 848 2647 adpositas.
886 2597 970 2648 Ego
988 2599 1068 2635 illis
1090 2610 1169 2634 non
1188 2598 1374 2643 offendor,
1401 2599 1513 2646 plane

73 2653 260 2689 similibus
280 2652 451 2690 Cononis
472 2654 626 2693 Narrat.
649 2664 786 2692 xxvll.
834 2654 955 2691 Porro
987 2653 1184 2703 Stephano
1215 2653 1409 2693 Κυτίνιον
1437 2652 1515 2703 μία.

72 2710 155 2746 τῶν
174 2710 299 2761 τριῶν
323 2712 406 2749 τῶν
427 2710 643 2761 Δωρικῶν,
671 2711 737 2748 ubi
755 2706 962 2761 τεττάρων
981 2723 1049 2747 cur
1073 2709 1115 2747 L.
1136 2708 1363 2747 Holstenius
1382 2721 1516 2745 emen-

73 2763 202 2809 daret,
231 2777 364 2803 caussa
384 2777 599 2817 praegnans
617 2779 696 2803 non
716 2773 807 2803 erat.
854 2766 887 2802 A
907 2766 1132 2815 quibusdam
1152 2772 1336 2814 quatuor,
1364 2765 1410 2802 ab
1431 2767 1517 2802 aliis

73 2827 149 2857 tres
177 2819 344 2859 Doricae
371 2821 441 2859 hae
470 2823 583 2860 urbes
614 2829 896 2868 memorantur,
934 2824 994 2859 uti
1025 2821 1251 2872 Thucydide
1283 2821 1312 2858 I.
1349 2823 1449 2861 107.
1479 2827 1517 2858 et

74 2876 215 2915 Nostro
235 2891 320 2916 cum
339 2877 425 2926 hic,
455 2887 536 2916 tum
556 2878 597 2915 1..
618 2879 681 2916 lv.
705 2879 778 2919 67.
793 2906 804 2926 ,
833 2880 895 2916 cui
918 2878 1111 2929 adscripta
1131 2878 1233 2917 vide.
1270 2876 1405 2914 W'Ess.
