1828 3253
321 157 380 197 50
748 149 1292 189 -ANNOTATIONES

318 281 403 307 rum
419 266 608 314 ministri,
633 265 741 314 popis
762 271 800 302 et
824 266 1050 303 victimariis
1081 266 1246 312 similes,
1275 272 1318 302 ut
1340 266 1490 316 egregie
1511 264 1561 304 Is.
1595 263 1754 302 casaub.

319 328 361 363 in
382 324 519 362 Athen.
541 322 607 359 Vl.
627 325 667 363 6.
690 320 796 360 XIV.
819 323 893 361 23.
922 321 1101 358 ostendit.
1157 321 1279 370 Atque
1300 321 1360 358 his
1381 335 1498 371 paene
1518 333 1627 369 pares
1648 329 1757 358 erant

319 381 595 432 Aegyptiorum
640 377 901 430 Pastoplwri,
945 380 1170 426 templorum
1220 378 1386 424 aeditui,
1443 378 1756 426 quemadmodum

320 437 496 474 Clemens
526 435 635 472 Alex.
669 434 737 471 111.
765 433 928 484 Paedag.
958 436 1000 473 2.
1027 433 1235 483 Horapollo
1257 433 1286 472 Ι.
1312 435 1385 473 40.
1418 442 1456 471 et
1474 433 1661 483 Porphyr.
1692 433 1755 469 lv.

319 493 427 531 Abst.
456 496 496 533 8.
527 492 723 538 indicant,
761 504 783 527 a
819 490 987 527 ferendis
1026 495 1199 536 παστοῖς
1248 490 1434 527 thalamis
1474 493 1555 527 sive
1589 489 1758 525 Deorum

319 550 504 587 aediculis
550 547 591 584 id
631 548 796 584 nominis
827 549 964 583 sortiti.
1021 546 1119 583 Nam
1152 542 1499 599 frcmtocspoz'rporg
1537 559 1601 582 eos
1630 547 1756 582 faeere

321 612 361 643 et
379 617 521 642 novum
540 602 613 640 hoc
631 604 809 641 vocabuli
825 616 946 654 genus
976 603 1225 652 scriptoribus
1255 616 1340 639 eum
1367 601 1454 638 Nic.
1485 600 1670 638 Caussino
1692 602 1759 637 ob—

319 662 495 707 trudere,
522 662 608 708 quis
635 657 758 696 ferat?
801 659 866 696 sed
895 659 1052 706 desin03
1080 661 1190 708 plura
1218 658 1263 694 de
1293 657 1540 706 pastophoris
1560 658 1759 694 meditanti

321 720 443 755 otium
463 718 556 754 fecit
575 715 697 764 Ampl.
719 715 766 751 G.
789 714 926 763 Cuperi
947 715 1110 765 Harpoc.
1131 728 1166 764 p.
1192 716 1292 755 130.
1318 714 1453 752 lVEss,

435 773 508 812 34.
533 773 608 812 40.
641 767 816 817 Μόνους
836 767 1137 822 τῶνἙλλήνων
1158 767 1347 822 ὀμνύειν]
1378 770 1457 807 Isin
1482 768 1666 815 Athenis,
1694 769 1760 806 sed

322 833 445 867 serius
473 830 593 866 fuisse
622 830 764 864 cultam
791 840 839 864 ex
866 828 991 876 lapide
1020 827 1174 866 Reines.
1209 826 1307 864 Clas.
1326 827 1354 863 Ι.
1378 826 1481 867 135.
1506 834 1616 874 atque
1636 827 1762 862 aliun-

324 887 372 923 de
392 887 580 923 novimus.
636 883 790 934 Ergone
810 885 991 921 sollemne
1011 884 1106 920 illud
1127 880 1175 934 νὴ
1196 881 1254 922 τὼ
1274 880 1362 922 θεὼ
1395 896 1476 934 per
1510 883 1693 919 Cerere-m
1725 888 1765 918 et

324 942 608 993 Proserpinam
645 943 687 977 in
716 939 909 989 Aristopb.
942 940 1106 990 Lysistr.
1134 941 1289 988 eiusque
1320 939 1449 975 schol.
1483 941 1553 979 81.
1579 940 1680 979 148.
1700 951 1762 974 re-

325 996 463 1047 spicit?
524 996 633 1040 Quod
664 1002 790 1033 tamen
818 995 912 1032 Isidi
939 998 1133 1045 proprium
1153 1008 1239 1032 cum
1263 1008 1343 1031 nou
1368 998 1439 1041 sit,
1466 995 1628 1031 fortasse
1659 998 1761 1031 cirea

326 1052 538 1090 Alexandri
578 1059 617 1089 et
646 1064 908 1088 successorum
944 1059 1102 1088 aetatem
1135 1064 1202 1100 per
1242 1053 1323 1087 eius
1351 1063 1491 1087 numen
1517 1050 1762 1087 iureiurando

326 1110 452 1146 adacti
481 1114 581 1144 sunt.
636 1106 722 1144 Huc
752 1107 878 1146 refero
909 1115 947 1145 et
973 1108 1022 1145 ad
1052 1109 1226 1156 periuros
1255 1107 1432 1158 quidem,
1470 1118 1565 1155 quae
1595 1105 1763 1157 Hesych.

326 1164 440 1202 habet
458 1166 499 1201 iu
513 1160 625 1209 Ἴσις.
654 1163 787 1201 VVESS.

441 1220 515 1259 34.
533 1220 608 1259 45·
637 1219 847 1266 Πλείστας
867 1216 1055 1266 ἀποικίας
1085 1217 1316 1271 ἒκπξιιψαι]
1357 1217 1578 1269 Scripserat
1607 1218 1652 1255 (le
1685 1220 1765 1255 Ae-

326 1279 552 1328 gyptiorum
603 1275 775 1313 coloniis
815 1283 1001 1327 regnante
1038 1276 1254 1313 Ptolemaeo
1290 1275 1479 1327 Euergete
1519 1276 1627 1313 Ister
1665 1275 1764 1325 apud

326 1329 679 1383 Ethnieographum
698 1335 739 1369 in
758 1331 960 1384 A19107og
979 1330 1046 1369 et’
1049 1332 1226 1379 maog·
1257 1335 1364 1370 cuius
1387 1334 1766 1379 c01nn1enta1ios‚ut

326 1389 513 1435 aliorum,
539 1394 750 1437 tempmum
769 1391 911 1426 iniuria
930 1389 1071 1426 nobis·
1060 1402 1126 1426 mv
1131 1389 1214 1428 idit.
1242 1389 1376 1426 XVESS.

442 1445 515 1484 34
539 1445 609 1485 50.
631 1445 863 1512 ΖΙἸηὸεμιᾶς
883 1441 1020 1492 ἀςιολΙ
987 1460 1047 1497 ο7
1050 1446 1124 1494 ov]
1157 1445 1362 1495 Exemplar
1380 1458 1499 1482 unum
1527 1443 1662 1491 habet,
1691 1457 1764 1483 ουκ

328 1497 542 1567 ἔκοιίἀμεν
566 1496 759 1554 γράφειν,
789 1498 894 1540 ἀλλὰ
918 1498 1102 1541 τοσαῦθ’
1133 1517 1232 1553 77μιν
1264 1503 1456 1555 εἰρῆσθαι
1484 1497 1636 1552 μόνον,
1668 1513 1766 1538 στο-

324 1568 506 1607 γαςομει
509 1572 544 1596 οι
568 1559 642 1609 τῆς
666 1555 930 1610 σῑμιιετοιας.
966 1556 1073 1610 Περὶ
1102 1556 1147 1596 δὲ
1175 1560 1250 1609 τῆς
1269 1572 1310 1609 7.
1356 1559 1462 1602 Quae
1493 1560 1528 1594 si
1554 1560 1620 1594 cui
1644 1558 1767 1606 placet

328 1614 465 1659 lectio,
493 1614 731 1650 restituenda
750 1614 888 1661 fuerit,
912 1613 1131 1663 reponendo
1151 1614 1332 1652 videlicet
1354 1610 1536 1665 εἷο77σθω
1557 1620 1594 1650 et
1614 1627 1766 1663 στοχα-

329 1666 524 1719 ζομέιοις.
548 1675 615 1706 aut
643 1676 745 1706 certe
773 1669 948 1707 addendo
976 1670 1214 1708 infinitivum
1244 1670 1327 1709 δεῖν
1349 1671 1412 1708 vel
1431 1665 1648 1722 ποοσήκειν
1676 1676 1765 1706 ante

328 1720 522 1777 γράφειν,
561 1727 627 1774 qui
654 1722 734 1765 απὸ
768 1739 843 1765 του
872 1728 1008 1765 κοινοῦ
1037 1732 1235 1774 repetatur
1263 1733 1352 1764 ante
1372 1726 1577 1778 εἴοῆσᾶαι.
1632 1724 1766 1761 Potest

330 1787 459 1818 tamen
478 1782 573 1818 ferri
589 1777 760 1834 γράφειν
780 1794 859 1819 non
878 1782 1126 1831 praecedente
1144 1782 1361 1829 infinitivo,
1389 1790 1429 1819 at
1456 1781 1607 1848 &prod
1609 1796 1649 1819 αι
1680 1794 1766 1818 meo

330 1837 484 1885 quidem
510 1837 652 1874 iudicio
679 1849 758 1875 non
784 1845 920 1886 potest.
976 1837 1081 1875 Haec
1100 1845 1227 1876 autem
1246 1839 1363 1877 verba
1383 1833 1633 1888 στοχαζομεν
1637 1852 1672 1875 οι
1693 1839 1767 1888 τῆς

332 1891 586 1945 συμμετρίας
605 1900 717 1931 antea
735 1897 884 1944 posuit,
909 1908 995 1931 cum
1013 1895 1129 1941 alibi,
1158 1901 1240 1931 tum
1261 1907 1298 1944 p.
1322 1897 1362 1935 6.
1384 1895 1454 1931 bis.
1484 1892 1637 1930 STEPH.
1692 1893 1768 1930 Ve-

329 1951 412 1986 rior
438 1948 533 1986 mibi
560 1949 712 1988 videtur
741 1952 931 2001 scriptura
963 1948 1054 1987 Cod.
1081 1950 1134 1988 M.
1164 1953 1316 2000 quicum
1348 1949 1394 1987 R.
1423 1957 1461 1986 et
1489 1948 1544 1986 Cl.
1575 1952 1616 1989 2.
1647 1962 1766 1999 paene

330 2007 589 2043 consentiunt.
643 2005 849 2057 Vulgatum
867 2013 993 2044 tamen
1015 2008 1179 2056 reliqui,
1205 2020 1253 2044 ne
1274 2009 1336 2044 cui
1356 2007 1615 2055 calumniandi
1635 2019 1767 2044 ansam

330 2061 562 2110 praeberem.
620 2062 754 2099 WVESS.

451 2118 523 2157 35.
555 2117 626 2158 57.
655 2114 897 2171 Ὀχυοότητι
928 2116 973 2158 δὲ
993 2118 1173 2172 φυσικῇ]
1210 2119 1426 2158 Provincia
1446 2120 1559 2158 aditu
1579 2118 1767 2168 difficilis,

334 2180 376 2210 et
401 2187 580 2211 annonae
597 2174 826 2222 fecundae,
854 2172 976 2212 Tacit.
998 2175 1026 2213 Ι.
1049 2175 1150 2212 Hist.
1174 2176 1243 2216 11.
1270 2176 1431 2213 Isocrati
1457 2176 1615 2213 Laudat.
1642 2176 1767 2214 Busir.

334 2242 370 2278 p-
403 2231 507 2271 328
535 2226 735 2269 ἀθανατω
766 2245 884 2281 τειχει
912 2233 970 2270 τῶ
999 2232 1135 2286 Net'7sy
1164 2231 1654 2284 vev517101ae'2227.Quibus
1687 2235 1768 2282 ple-

334 2288 446 2323 niora
463 2285 554 2322 haec
573 2273 724 2336 Iosephi
743 2286 791 2323 ΙΙ.
811 2286 854 2324 Β
876 2286 1288 2338 1.XV1.4.1›.190.
1320 2288 1556 2338 τετείχισται
1588 2288 1633 2328 δὲ
1660 2285 1766 2327 πάν-

333 2344 461 2380 τοθεν
488 2338 519 2409 77
543 2339 764 2393 δυσβάτοις
791 2342 997 2394 ἔοημίαις,
1022 2360 1048 2395 77
1076 2301 1189 2383 oaj'
1167 2358 1313 2391 ασσαις
1335 2342 1556 2395 ἀλιιιέιοις,
1587 2361 1613 2396 77
1634 2360 1765 2384 ποτα-

335 2402 452 2447 μοῖς,
492 2394 519 2449 ἢ
548 2396 697 2446 ἕλεσιν,
733 2402 907 2437 munitur
943 2407 1074 2437 autem
1111 2402 1280 2451 undique
1310 2400 1507 2451 Aegyptus
1545 2408 1620 2438 aut
1656 2404 1765 2438 invia

337 2454 569 2500 solitudine,
607 2462 681 2492 aut
703 2458 811 2493 mari
845 2458 1093 2507 inportuosa,
1131 2464 1203 2494 aut
1230 2459 1394 2507 fluvizs,
1437 2463 1510 2494 aut
1536 2458 1764 2509 paludibus.

338 2515 377 2546 et
398 2509 460 2546 lV.
483 2511 554 2550 10.
581 2511 618 2549 5.
649 2512 901 2555 Quamobrem
921 2512 1180 2561 Nectanebos,
1208 2527 1294 2551 cum
1313 2514 1452 2551 Persae
1483 2514 1622 2550 bellum
1640 2517 1765 2551 mina—

335 2571 492 2612 rentur,
520 2561 685 2631 ἓθάορει
703 2563 883 2618 μάλιστα
903 2571 953 2621 τῆ
974 2571 1048 2619 τῆς
1063 2565 1205 2623 χώρας
1224 2565 1461 2621 ὀχυρότητι,
1489 2568 1763 2622 ὁυσπροσίτου

338 2617 463 2672 οὔσης
493 2617 707 2673 Αἶγύπτου
744 2624 835 2660 infr.
860 2623 949 2663 XV.
979 2625 1054 2664 42.
1085 2632 1122 2662 et
1149 2625 1342 2676 Augustus
1361 2628 1466 2662 inter
1483 2627 1568 2663 alia
1588 2629 1764 2663 domina-

339 2679 457 2714 tionis
485 2691 661 2725 arcana,
687 2681 842 2725 vetites,
881 2683 961 2717 msi
979 2684 1199 2732 permissu,
1209 2656 1393 2730 C't‘7zg,†1·edi
1420 2682 1665 2719 senatoribus
1691 2689 1766 2719 aut

338 2733 750 2828 'iqui'ibmxg'm'mm'g
784 2737 1035 2784 inlustribus,
1075 2752 1160 2776 eam
1191 2740 1366 2790 seposuit
1413 2737 1463 2778 11.
1506 2737 1644 2778 Anual.
1685 2738 1757 2778 59.

373 2791 464 2826 aeiti
586 2800 652 2827 Ess
