1828 3253
323 75 418 116 544
766 73 1301 115 ‚ANNOTATIONES

320 201 470 226 morum
497 187 691 224 iudicium.
741 185 887 224 Mentio
912 189 1037 238 reguli
1067 187 1180 226 huius
1210 196 1379 227 extremo
1402 189 1474 227 hoc
1499 192 1600 229 libro
1627 198 1665 229 et
1693 206 1757 230 se-

322 245 474 293 quentis
494 246 691 293 principio
717 244 896 293 frequens
918 251 996 290 est,
1026 257 1096 281 nec
1117 247 1228 282 aliter
1259 249 1442 294 scriptum
1469 250 1656 297 reperitur
1686 261 1757 286 no-

322 314 421 339 men.
472 301 617 337 Putant
645 302 726 336 eius
757 307 869 348 caput
891 301 1116 348 inscriptum
1138 306 1307 351 conspici
1325 306 1365 339 in
1386 306 1510 339 numis
1532 303 1758 341 Menaenio-

321 371 408 395 rum
428 356 525 393 Tab.
553 367 616 391 cv.
650 355 835 404 Pax-ntae,
865 355 959 393 mihi
981 369 1056 393 non
1089 359 1178 393 satis
1208 360 1338 408 liquet.
1372 359 1508 395 XVI-:ss

436 414 546 452 461.
579 414 652 451 33.
689 412 773 450 Καὶ
804 411 1131 459 κατοικισθέντες
1158 410 1226 467 ὑφ’
1253 411 1436 467 Ἱέρωνος
1463 417 1537 454 τοῦ
1560 415 1645 454 δυν.
1666 413 1758 456 ἕπο-

323 468 502 520 λὲμουν]
536 468 637 505 Leve
658 470 795 506 vitium
818 468 908 504 haec
929 470 1045 506 verba
1066 473 1290 519 occupavit,
1319 473 1488 519 fecitque
1508 478 1551 508 ut
1571 475 1758 520 interpres

322 529 505 564 aliorsum
526 538 571 562 ea
591 526 764 570 referret,
793 531 904 573 atquc
926 532 1152 573 oportuerat.
1182 525 1381 564 Sententia
1402 534 1472 574 est,
1492 527 1696 565 Ducetium
1719 535 1757 565 et

324 584 604 634 Syracusanos,
636 594 721 616 cum
745 578 1013 618 Catanensium
1033 595 1145 631 agros
1166 590 1266 619 sorte
1286 586 1385 620 inter
1406 597 1445 620 se.
1468 585 1757 631 distribuerant,

322 641 425 677 bello
442 638 616 683 eosdem,
638 637 683 673 ab
705 635 874 673 Hierone
896 639 975 674 illic
995 639 1213 686 collocatos
1233 641 1352 676 fuisse
1371 640 1586 691 adgressOS.
1621 639 1760 678 Scribe.

322 710 413 746 ergo
437 693 504 732 καὶ
533 690 872 738 κατοικισθέντας
894 688 962 746 υφ)
987 689 1169 745 Ἶέοωνος
1193 715 1240 721 --
1263 694 1384 734 {noll
1364 711 1500 746 ε-μουν,
1529 703 1578 742 et,
1600 710 1648 733 ne
1669 711 1757 735 ver-

321 754 457 790 borum
478 756 669 786 structura
687 749 904 797 offendaris,
939 751 1070 786 confer
1089 757 1166 787 not.
1187 751 1234 788 ad
1255 751 1296 788 L.
1319 751 1383 790 lv.
1408 755 1482 792 61.
1512 753 1649 790 wass.

433 807 541 846 461.
575 805 647 844 35.
683 804 768 844 Καὶ
798 803 1052 858 λειφθέντων
1079 806 1233 845 πλείοσι
1261 803 1435 858 μάχαις]
1463 807 1565 846 Bene
1585 808 1755 855 Coislin,

322 867 388 913 qui
410 866 444 900 si
464 864 671 908 tacuisset,
696 863 912 911 postulante
932 865 1118 899 sermonis
1139 863 1267 900 indole
1290 870 1506 902 mutassem.
1542 865 1630 904 Vid.
1650 878 1755 914 supr.

321 935 354 958 c.
377 922 448 961 68.
479 918 614 956 VVESS.

434 976 541 1015 461.
580 975 653 1014 37.
703 971 798 1025 Πρὸ
830 970 979 1013 τούτου
1010 972 1266 1027 καλουμένην
1290 972 1530 1027 Ἐννησιάν]
1582 976 1758 1014 Praestat

309 1029 522 1084 ’'Imyooav,
548 1037 590 1068 ut
609 1033 738 1080 pulcre
757 1034 906 1068 monuit
924 1030 1202 1069 Ph.Cluve1·ius
1222 1032 1328 1069 Sicil.
1352 1032 1482 1082 Antiq.
1506 1034 1547 1070 L.
1560 1032 1587 1070 I.
1604 1046 1638 1081 p.
1654 1035 1755 1073 123.

322 1091 386 1126 cui
405 1087 550 1136 loseph.
571 1088 708 1124 VVasse
727 1090 842 1138 iunge
862 1090 902 1124 in
923 1087 1161 1137 Thucydidis
1184 1088 1227 1127 L.
1249 1089 1312 1128 Vl,
1337 1090 1409 1129 94.
1426 1089 1665 1138 Receperunt
1686 1089 1757 1126 Ca·

319 1153 500 1183 tanenses
521 1147 663 1181 avitam
685 1145 829 1191 urbem,
857 1152 1055 1194 postquam
1078 1158 1144 1193 per
1166 1156 1241 1181 xlv
1260 1159 1381 1182 annos
1403 1148 1485 1183 eius
1502 1148 1756 1195 possessione,

318 1202 411 1240 inde
439 1202 486 1238 ab
505 1198 675 1238 Hierone
704 1201 860 1247 deiecti,
890 1201 1152 1250 deportatique
1175 1203 1217 1238 in
1236 1203 1509 1239 Leontinorum
1531 1203 1683 1249 urbem,
1711 1209 1754 1239 ut

319 1259 502 1295 traditum
531 1271 564 1296 c.
597 1258 686 1303 49,
716 1264 926 1294 caruerant.
957 1257 1130 1303 Reversi,
1162 1271 1234 1306 quo
1253 1258 1459 1295 Hieronem
1481 1260 1757 1295 ulciscerentur

321 1322 407 1363 post
431 1315 530 1360 fata,
567 1313 736 1350 eiusdem
757 1316 797 1350 in
830 1314 924 1351 urbe
953 1327 1020 1351 sua
1050 1317 1237 1351 tumulum
1263 1322 1483 1352 everterunt
1501 1315 1601 1364 apud
1626 1314 1752 1352 Strab.

321 1371 367 1409 L.
381 1370 444 1407 Vl
467 1383 501 1418 p.
519 1370 611 1409 412
617 1396 648 1416 -7
677 1373 740 1418 qui
760 1369 852 1407 haec
873 1369 1033 1407 Diodori
1051 1373 1228 1407 illustrat.
1257 1371 1395 1407 Wssss.

433 1427 543 1467 461.
566 1427 639 1465 44
672 1422 842 1465 Τούτων
864 1425 897 1464 d'
920 1420 1027 1478 ἦσαν
1049 1428 1201 1465 Γελιῦοι,
1223 1425 1310 1478 etc.]
1334 1427 1420 1464 Huc
1441 1429 1646 1475 pertinent,
1657 1440 1764 1476 qnae:

322 1483 365 1520 in
388 1471 547 1520 scholiis
564 1482 612 1519 ad
631 1482 790 1519 Pindari
811 1482 990 1532 Pythion.
1012 1482 1083 1519 Od.
1106 1483 1132 1519 l.
1158 1486 1259 1523 110.
1281 1490 1484 1531 notantur,
1512 1491 1549 1520 et
1559 1496 1653 1532 quae
1672 1484 1753 1520 He-

318 1539 477 1577 rodotus
501 1541 728 1576 memoravit
747 1538 788 1575 L.
809 1539 891 1578 Vll.
920 1540 1021 1579 154.
1048 1539 1183 1579 lVEss
1765 1555 1767 1558 ·

429 1597 537 1635 461.
567 1596 641 1634 48.
682 1594 931 1647 Καλιιαρίναν
960 1595 1036 1646 μὲν
1068 1597 1220 1635 1ἐ2.ῶοι
1250 1582 1575 1646 κατοικίσαντες]
1610 1595 1756 1634 Urbem

319 1652 571 1689 condiderant
601 1650 838 1701 Syracusani
865 1651 966 1689 circa
996 1651 1149 1701 Olymp.
1182 1662 1298 1696 XLV.,
1331 1659 1374 1688 ut
1394 1662 1440 1688 ex
1462 1652 1687 1702 Thucydide
1709 1653 1751 1689 L.

318 1708 384 1747 VI.
413 1709 452 1747 5.
473 1709 632 1758 colligas
653 1714 690 1744 et
710 1708 848 1744 diserte
861 1708 976 1745 tradit
997 1707 1126 1747 Schol.
1150 1709 1309 1746 Pindari
1329 1708 1401 1744 od.
1422 1709 1466 1745 V.
1481 1708 1631 1758 Olymp.
1652 1719 1754 1746 vers.

322 1766 395 1805 19.
433 1764 669 1802 Everterunt
697 1765 853 1801 eandem
867 1792 879 1811 ,
917 1778 1001 1801 cum
1020 1767 1203 1813 imperata
1220 1766 1344 1802 facere
1365 1762 1613 1812 detrectaret,
1639 1768 1751 1802 annis

316 1831 416 1857 XLV!
439 1827 638 1870 postquam
657 1822 778 1869 prima
799 1824 879 1857 eius
899 1824 1000 1858 iacta
1018 1829 1126 1857 crant
1144 1822 1404 1867 fundamenta,
1423 1828 1518 1857 teste
1539 1821 1750 1867 Marciano,

319 1879 401 1914 sive
422 1877 573 1926 Olymp.
595 1887 709 1923 Lvn.,
729 1879 843 1913 sicuti
864 1880 904 1914 in
924 1877 1084 1914 Pindari
1103 1877 1258 1915 scholiis
1279 1884 1348 1913 est.
1389 1876 1517 1914 Fracti
1537 1878 1624 1914 dein
1649 1879 1749 1914 bello

319 1932 556 1983 Syracusani
585 1934 630 1969 ab
651 1932 882 1982 Hippocrate
908 1933 1130 1970 Gelensium
1148 1941 1336 1983 tyranno,
1381 1940 1425 1969 ut
1449 1936 1622 1982 captivos
1651 1936 1749 1970 rcci-

316 1996 470 2038 perent,
509 1987 750 2026 Camarinam
779 1989 923 2036 eidem,
957 2001 1029 2037 quo
1064 1992 1270 2026 instaurari
1292 1996 1438 2038 posset,
1479 1996 1750 2026 concesserunt

316 2045 415 2094 apud
435 2044 673 2082 Herodotum
694 2045 776 2082 VH.
800 2047 901 2085 154.
940 2045 1172 2094 Hippocrate
1195 2047 1342 2082 sublato
1371 2043 1574 2082 Camarina
1595 2047 1635 2082 in
1667 2046 1748 2082 Ge-

315 2103 417 2138 lonis
438 2108 663 2149 potestatem
682 2101 858 2147 devenit,
884 2103 950 2151 qui
969 2100 1256 2148 Camarinaeos,
1283 2102 1375 2138 urhe
1397 2115 1550 2150 eversa,
1581 2101 1748 2151 Syracu-

316 2171 378 2194 sas
399 2158 630 2203 transduxit,
657 2164 694 2194 et
713 2165 800 2205 post
818 2158 905 2194 dein
928 2158 1084 2194 eandem
1104 2158 1227 2194 denuo
1249 2157 1431 2204 condidit,
1461 2161 1494 2195 si
1512 2171 1589 2194 non
1608 2159 1750 2195 fallunt

317 2212 559 2263 Thucydidis
586 2214 723 2250 verba:
766 2214 832 2252 καὶ
854 2207 977 2259 αὖθις
997 2209 1074 2252 ὑπὸ
1099 2213 1300 2259 Γέλωνος,
1332 2214 1479 2263 inquit,
1516 2209 1747 2260 ἀνάστατος

312 2267 519 2321 γενομένη,
545 2266 589 2307 τὸ
611 2269 749 2320 τρίτον
768 2270 1009 2323 κατῳκίσθη
1030 2265 1108 2308 ὑπὸ
1124 2268 1316 2315 Γέλωνος.
1348 2270 1397 2306 At
1414 2271 1545 2307 fallere
1565 2271 1748 2307 credibile

315 2330 384 2361 est.
423 2324 556 2361 Tertia
586 2328 689 2362 enim
717 2327 825 2362 urbis
856 2329 1083 2363 instauratio
1113 2326 1269 2362 debetur
1290 2325 1443 2373 Gelois,
1473 2329 1537 2376 qui
1567 2329 1696 2364 multis
1724 2340 1747 2363 a

317 2381 476 2417 Gelonis
505 2389 625 2417 morte
656 2385 768 2419 annis
802 2385 842 2418 in
883 2397 965 2419 eam
997 2383 1128 2419 urbem
1160 2384 1458 2432 conmigrarunt.
1512 2382 1613 2420 Novi
1653 2383 1744 2419 haec

314 2437 443 2475 Schol.
466 2437 637 2484 Pindari,
668 2434 752 2476 εἶτα
774 2433 852 2477 ὑπὸ
882 2437 958 2477 Γέ2
963 2453 1066 2483 (ονος
1085 2437 1325 2492 συνῳκίσθη
1347 2434 1371 2490 ἡ
1397 2437 1621 2491 Καμαρίνα
1639 2436 1765 2477 κατὰ

312 2491 388 2544 τὴν
418 2489 489 2543 μβ’
517 2488 796 2543 Ὀ2ῑμ7ῑιαὸα,
824 2491 879 2540 ω’ςζ
906 2509 1007 2547 φησι
1034 2496 1232 2545 Τιμαΐος,
1273 2492 1334 2533 διὸ
1355 2510 1423 2533 και
1444 2492 1598 2533 νέοικον
1620 2493 1742 2543 ςε’ὁοαν

313 2563 395 2587 ειπε
423 2547 498 2599 τὴν
524 2544 651 2587 710'211.
686 2550 826 2586 Verum
856 2563 900 2586 ea
920 2550 1018 2587 nihil
1036 2552 1184 2595 iuvant,
1214 2553 1429 2600 turpissime
1448 2559 1636 2599 corlupta.
1668 2552 1744 2594 Qui

312 2607 414 2641 enim
433 2604 624 2642 Pindarus
645 2604 882 2643 Camarinam
905 2607 1056 2656 Olymp.
1079 2616 1253 2652 1.xxxn.,
1273 2619 1346 2654 qua
1366 2608 1490 2644 victor
1509 2607 1604 2644 abiit
1622 2607 1743 2643 Psau-

311 2664 397 2706 mis,
426 2673 537 2709 quem
559 2675 603 2698 ea
624 2661 696 2697 Od.
718 2662 762 2698 V.
792 2664 977 2708 celebrat,
1012 2660 1163 2700 νέοικον
1185 2661 1308 2714 ἕδρα-ν
1327 2665 1515 2712 adpellare
1533 2665 1679 2711 potuit,
1707 2664 1739 2698 si

310 2718 645 2755 instauratafuerit
660 2717 945 2769 Olymp.xl.11.2
964 2731 1037 2768 quo
1051 2725 1218 2768 tempore
1236 2732 1283 2755 ne
1304 2720 1458 2757 condita
1477 2721 1543 2768 qui
1558 2720 1628 2755 lem
1648 2725 1739 2754 erat.
