1828 3253
298 112 393 152 744
762 108 1276 151 ANNOTATIONES

298 224 386 269 alli,
414 222 592 259 meliores
624 221 816 260 docebunt
846 224 947 261 libri.
995 223 1095 263 Nam
1125 219 1440 276 ἑπτακισχίλιοι,
1478 239 1573 277 quos
1603 227 1644 264 in
1667 233 1747 265 not.

296 280 478 316 Auctario
508 279 673 330 subiecit
701 279 1028 328 Rhodomannus,
1063 283 1234 319 incertae
1263 283 1505 320 coniecturae
1546 283 1746 320 debentur.

297 335 432 374 WEss.

417 392 522 431 666.
550 392 626 432 11.
665 390 845 448 Θρᾳκῶν
873 387 1021 446 πόλιν]
1055 393 1208 431 Mallem
1225 389 1370 447 χώραν
1395 396 1631 442 scripsisset:
1662 407 1750 432 nam

301 447 445 486 editum
466 450 580 485 nimis
599 448 751 497 quidem
773 462 914 499 vagum
935 457 1003 486 est.
1034 451 1144 494 Quod
1166 457 1291 488 autem
1315 463 1392 488 uno
1413 463 1514 487 anno
1535 452 1751 488 absolvitur

304 504 539 541 Graecorum
557 503 649 542 haec
671 505 865 553 expeditio
879 532 890 551 ‚
918 506 958 542 id
978 519 1046 555 pro
1069 520 1174 544 more
1194 508 1364 544 auctoris
1385 508 1551 554 factum,
1580 520 1627 543 ne
1656 519 1752 555 quae

303 564 408 598 inter
427 573 509 597 sese
528 567 615 609 apta
625 568 727 608 sunt,
750 561 1068 612 dispescerentur.
1099 563 1254 612 Alioqui
1274 565 1387 600 unius
1403 577 1446 600 ea
1466 564 1560 600 anni
1582 570 1619 599 et
1639 566 1756 601 trium

303 618 382 655 fuit
400 619 611 666 mensium,
638 618 798 654 docente
822 624 995 656 extremo
1015 619 1056 657 L.
1079 619 1161 656 Vll.
1193 619 1462 670 Xenophonte.
1494 620 1626 658 WESS.

421 675 527 713 667.
573 677 642 714 18.
692 670 992 726 Θρασύβουλος
1021 671 1041 714 ὃ
1097 673 1299 728 Τυριεῦς]
1348 675 1537 712 Meursius
1578 675 1756 712 emendat

309 726 722 782 Etetptei'sffi'optinie.
775 730 851 767 Sed
885 731 961 768 fuit
1002 738 1039 769 et
1073 734 1170 769 alter
1204 731 1469 782 Thrasybulus
1509 729 1757 778 Κολυττεὺς,

308 797 420 834 quem
447 789 562 823 etiam
581 788 702 824 fuisse
731 799 779 824 ex
810 800 967 824 numero
996 801 1147 834 eorum,
1175 790 1241 838 qui
1269 788 1430 838 Phylam
1461 796 1758 836 occupaverunt,

308 845 364 879 ait
382 841 661 880 Demosthenes
691 842 798 880 Orat.
829 850 963 881 contra
994 842 1265 883 Timocratem.
1309 843 1422 880 Forte
1456 845 1521 880 ille
1544 844 1757 880 Alcibiadis

308 899 511 947 inimicus,
541 899 755 936 Thrasonis
774 899 901 946 filius,
928 901 972 936 de
995 912 1069 949 quo
1094 901 1192 939 Plut.
1216 903 1256 937 in
1278 899 1487 937 Alcibiade.
1506 899 1636 939 PALM.
1667 899 1758 936 Cer-

308 956 500 993 tissimam
522 955 682 993 Meursii
703 955 748 992 de
771 955 863 1005 Pop.
885 956 1002 993 Attic.
1023 958 1063 993 in
1086 956 1329 996 ETEIPIA
1349 958 1624 993 correctionem
1645 969 1760 993 occu-

309 1014 418 1061 pavit
445 1013 494 1049 ad
524 1013 685 1061 Nepotis
713 1012 900 1049 Alcibiad.
934 1028 966 1051 c.
990 1015 1028 1054 7.
1065 1012 1262 1051 schottus.
1312 1013 1355 1050 ln
1384 1011 1644 1062 Xenophonte
1671 1011 1761 1050 Rer.

311 1067 449 1108 Graec.
472 1068 514 1106 L.
535 1068 599 1106 IV.
626 1082 663 1119 Ρ.
686 1069 792 1108 422.
821 1070 990 1118 reperies
1014 1065 1316 1121 Θρασύβουλον
1340 1066 1412 1108 τὸν
1438 1067 1610 1119 Στυρέα·
1641 1070 1761 1116 male3

309 1126 419 1162 nulla
440 1127 601 1173 enimin
635 1125 764 1162 Attica
787 1122 952 1177 Στύρα,
984 1126 1144 1163 docente
1168 1126 1215 1163 ad
1239 1124 1420 1163 Strabon.
1451 1124 1492 1162 L.
1514 1124 1569 1164 X.
1593 1137 1629 1173 Ρ.
1653 1126 1759 1165 685.

308 1182 397 1218 viro
417 1195 571 1233 magno.
611 1179 769 1218 Rectius
797 1181 978 1220 Aeschin.
1003 1183 1042 1219 iu
1063 1181 1304 1233 Ctesiphont.
1335 1196 1369 1233 p.
1396 1183 1467 1222 82.
1512 1177 1764 1234 Θρασύβου-

311 1237 385 1276 λον
404 1235 477 1277 τὸν
499 1236 683 1290 Στειριέα
711 1244 836 1276 vocat.
879 1237 1041 1288 Phylam
1062 1246 1187 1277 autem
1219 1238 1486 1288 Thrasybulus
1511 1251 1629 1287 parva
1649 1251 1763 1275 manu

312 1297 536 1343 occupavit:
564 1296 605 1332 in
629 1307 704 1344 qua
723 1301 850 1331 tamen
880 1295 1050 1332 finienda
1076 1297 1243 1345 insignis
1264 1297 1364 1331 inter
1390 1301 1539 1332 veteres
1571 1293 1764 1331 discordia

312 1357 382 1387 est.
422 1350 642 1401 Xenophon
672 1352 731 1387 illi
763 1353 888 1387 socios
911 1353 1064 1388 circiter
1096 1361 1180 1388 Lxx
1210 1351 1474 1400 adiuiigit,’et
1500 1363 1585 1387 eum
1610 1357 1763 1386 secutus

310 1406 413 1444 Plut.
436 1407 481 1444 de
512 1408 618 1444 Glor.
641 1406 779 1443 Athen.
802 1419 839 1455 Ρ.
863 1408 970 1446 345.
994 1407 1055 1453 D.‚
1085 1415 1124 1444 at
1148 1407 1357 1444 Pausanias
1382 1407 1423 1442 L.
1446 1406 1475 1442 1.
1502 1408 1577 1445 29.
1612 1413 1765 1443 tantum

310 1470 382 1509 LX,
415 1463 641 1500 Aristoteles
659 1462 770 1500 Rhet.
792 1464 839 1501 ad
858 1463 1067 1503 Alexandr.
1091 1478 1121 1500 c.
1145 1466 1185 1503 9.
1206 1475 1241 1511 p.
1263 1464 1363 1502 180.
1384 1459 1488 1512 μετὰ
1511 1458 1765 1513 πεντήκοντα

310 1515 475 1571 ἀνδρῶν
507 1519 668 1570 Phylam
689 1533 917 1569 occupasse,
946 1519 1061 1557 Corn.
1083 1520 1210 1571 Nepos
1239 1518 1432 1568 Thrasyl).
1454 1532 1487 1557 c.
1511 1520 1552 1557 2.
1582 1531 1658 1555 non
1674 1519 1766 1570 plus

310 1574 451 1613 habuit
469 1589 622 1622 secum,
649 1589 765 1628 quam
789 1578 959 1625 triginta
982 1578 1027 1614 cle
1048 1578 1140 1614 suis.
1174 1575 1346 1612 Hoccine
1367 1575 1572 1612 discrimen
1594 1574 1681 1611 inde
1704 1588 1767 1611 re-

310 1633 538 1682 petendum,
577 1632 677 1681 quod
712 1634 886 1670 exsulum
916 1646 1099 1669 numerus
1129 1634 1326 1681 paullatim
1356 1634 1477 1682 magis
1508 1639 1619 1680 atque
1642 1634 1766 1682 magis

311 1690 364 1725 sit
385 1687 597 1726 adauctus?
624 1688 762 1726 VVESS.
804 1686 1009 1740 Στειριεὺς
1030 1694 1116 1738 post
1139 1688 1348 1726 Meursium
1370 1690 1505 1724 merito
1528 1690 1654 1738 potius
1676 1701 1766 1724 cen-

311 1746 390 1781 suit
433 1743 494 1783 Ti.
529 1744 867 1790 Hemsterhusius‚
905 1747 1063 1795 insuper
1095 1747 1274 1795 opinatus
1316 1746 1503 1782 orationis
1535 1751 1767 1781 structuram

308 1799 412 1837 'haud
433 1803 561 1851 paullo
592 1803 802 1849 planiorem
830 1801 1000 1838 futuram
1022 1802 1165 1848 fuisse,
1193 1802 1225 1838 si
1249 1799 1443 1839 Diodorus
1464 1801 1631 1837 dedisset
1654 1799 1767 1852 Θρα-

311 1853 519 1907 σύβουλος
551 1852 815 1908 ὃἈθηναῖος
844 1854 924 1896 ἀπὸ
955 1860 1031 1897 τοῦ
1062 1854 1197 1909 δήμου
1221 1854 1424 1910 Στειριεὺς
1449 1853 1766 1908 ὀνομαζόμενος·

311 1914 415 1961 quod
441 1916 538 1951 citra
563 1914 719 1951 dubium
751 1927 836 1951 cum
856 1927 950 1951 vero
979 1915 1172 1966 congruit.
1209 1914 1306 1952 Vide
1331 1926 1417 1951 eum
1440 1914 1489 1951 ad
1518 1913 1764 1964 Aristophan.

311 1969 414 2008 Plut.
437 1983 474 2018 p.
501 1972 603 2010 166.
628 1970 735 2007 lnEM
757 1971 799 2006 in
820 1969 918 2007 Add.

429 2028 536 2066 667.
564 2028 637 2066 35.
675 2028 763 2079 Τῆς
785 2028 868 2065 τῶν
889 2025 1123 2078 τρισχιλίων
1143 2022 1376 2075 πολιτείας]
1418 2024 1513 2062 Tria
1535 2027 1602 2062 illa
1624 2027 1768 2062 civium

310 2083 434 2119 millia
455 2083 740 2134 intelliguntur,
769 2094 864 2131 quos
884 2084 1045 2133 tyranni
1064 2083 1139 2120 sibi
1160 2085 1349 2133 legerant,
1377 2088 1421 2119 ut
1441 2082 1767 2123 administrandae

309 2139 544 2188 reipublicae
555 2141 759 2189 participes
778 2140 918 2177 forent.
944 2137 1231 2191 Καταλὲγουσι
1258 2137 1574 2176 ΤΡΙΣΧῙΛΙΟ
1586 2138 1656 2175 ΥΣ
1673 2135 1769 2183 τοὺς

310 2193 567 2246 μεθέξοντας
598 2193 647 2247 δὴ
678 2198 762 2235 τῶν
792 2191 1070 2248 πραγμάτων,
1097 2196 1142 2232 de
1171 2197 1351 2246 tyrannis
1372 2193 1592 2242 Xenophon
1616 2193 1767 2230 Hellen.

312 2250 362 2288 Il·
388 2265 423 2301 Ρ.
448 2252 554 2291 361.
586 2252 679 2289 Mox
697 2248 932 2305 μετῴκισαν
957 2249 1110 2298 αὐτοὺς
1131 2264 1178 2288 ex
1198 2250 1291 2302 Reg.
1318 2253 1354 2290 l.
1387 2252 1538 2298 recepi,
1564 2264 1606 2286 re
1628 2253 1680 2288 ita
1700 2264 1768 2300 po-

313 2309 494 2345 stulante.
536 2309 624 2345 Non
649 2311 751 2346 enim
782 2311 856 2358 ipsi
877 2311 1036 2358 tyranni
1067 2304 1326 2346 in‘Piraeenm
1360 2309 1597 2358 migrarunt,
1635 2307 1701 2343 sed
1726 2309 1769 2343 in

314 2377 400 2401 eum
419 2367 543 2411 cives,
573 2365 710 2413 quibus
729 2379 858 2402 rerum
877 2371 999 2402 status
1019 2365 1221 2403 videbatur
1241 2364 1468 2412 displicere,
1501 2364 1767 2411 conpulerunt.

312 2419 437 2457 Docet
466 2420 526 2457 his
555 2421 684 2458 verbis
713 2421 903 2458 [socrates
934 2422 1121 2471 Areopag.
1154 2435 1190 2472 p.
1212 2422 1318 2461 224.
1348 2420 1403 2466 εἷς
1423 2418 1468 2459 δὲ
1497 2417 1569 2458 τὸν
1590 2420 1767 2471 Πειραιᾶ

312 2472 474 2529 φεύγειν
503 2476 694 2522 πλείονας
722 2474 747 2529 ἢ
780 2477 1131 2527 πεντακισχιλίους
1163 2473 1415 2529 ἠνάγκασαν·
1457 2483 1495 2512 et
1526 2476 1692 2512 lustinus
1724 2474 1767 2511 L.

313 2533 359 2570 V.
382 2534 423 2572 9.
463 2532 619 2571 Deinde
643 2547 728 2570 cnm
749 2547 878 2571 omnes
897 2534 1154 2571 Athenienses
1168 2535 1410 2585 proditionis
1430 2538 1629 2582 suspectos
1649 2531 1768 2569 Imbe-

314 2596 427 2636 rent,
461 2591 690 2639 demigrare
725 2603 790 2627 eos
811 2604 860 2628 ea:
890 2591 984 2628 urbe
1015 2591 1167 2637 iubent,
1197 2597 1237 2626 et
1259 2591 1297 2626 in
1320 2589 1495 2626 brachiis
1515 2590 1638 2634 muri,
1666 2601 1768 2638 quae

314 2646 453 2682 'diruta
465 2645 665 2693 fuerant,
697 2646 906 2694 habitare,
939 2649 1146 2684 extraneis
1164 2646 1353 2683 militibus
1374 2647 1578 2696 imperium
1603 2651 1767 2682 tuentes.

313 2700 372 2738 De
403 2701 690 2739 Eleusiniorum
721 2704 868 2740 inmani
898 2703 1013 2740 caede
1044 2701 1267 2752 Xenophon
1294 2701 1447 2740 Hellen.
1466 2700 1514 2738 Π.
1538 2714 1575 2751 Ρ.
1594 2703 1701 2741 268.
1731 2705 1769 2737 et

315 2757 454 2807 Lysias
476 2758 543 2795 Or.
567 2760 609 2795 in
631 2758 828 2804 Eratosth.
851 2773 883 2796 c.
907 2760 979 2799 14.
1010 2759 1147 2797 WESS.
1608 2753 1609 2756 ¹

1818 382 1821 404 l
