1828 3253
272 164 364 208 168
726 164 1242 209 ANNOTATIONES

386 276 492 318 121.
524 278 599 318 63.
639 275 880 320 Διετῦπωτο
911 279 1071 333 θηρία]
1116 281 1192 321 Pro
1221 277 1444 321 ὃιετύπωτο
1469 283 1713 322 scribendum

270 329 538 374 διετετύπωτο
562 334 706 388 θηρία.
734 334 870 376 RHOD.
897 336 1208 388 Διετετύπωτο]
1239 337 1323 374 Hoc
1342 340 1460 375 malui
1480 339 1527 375 ob
1552 342 1715 387 scriptos

274 387 394 426 codd.
417 388 555 427 Solent
576 393 745 440 alioqui,
772 395 910 441 spretis
934 393 1213 431 Grammaticae
1232 396 1400 445 reguliS,
1427 396 1544 431 multa
1562 402 1714 432 veteres

272 443 408 483 hocin
435 459 575 496 genere
598 449 671 486 sibi
702 449 924 500 indulgere,
956 457 999 487 ut
1027 449 1202 488 Eustath.
1233 453 1273 487 in
1294 450 1448 486 Homer.
1481 463 1517 499 p.
1542 452 1646 490 759.
1677 458 1715 488 et

273 499 325 537 Is.
346 500 506 543 casaub.
531 503 579 540 ad
601 503 739 543 Athen.
761 505 809 545 11.
845 506 914 545 15.
946 506 1168 543 docuerunt.
1199 505 1294 545 Tale
1316 514 1374 542 est
1394 503 1712 556 παρασκεύαστο

273 555 478 595 Heliodori
501 558 549 598 Π.
582 572 618 608 p.
653 562 756 603 124.
803 560 1016 601 συνέλεκτο
1058 563 1270 601 Pausaniae
1308 562 1382 599 IX.
1425 564 1496 602 37.
1538 576 1573 612 p.
1609 564 1712 603 785.

275 609 558 663 κατεχώννυτο
599 615 748 667 loseph.
787 617 852 657 lv.
897 617 940 657 B.
980 618 1010 656 I.
1043 621 1080 659 1.
1117 619 1155 659 4.
1219 617 1580 669 κατακεκρέμαστο
1621 620 1713 656 infr.

274 667 422 709 XVIII·
445 672 519 713 26.
560 669 856 725 συγκεχώρητοΙ
875 674 1028 712 Libanii
1060 673 1107 713 T.
1129 674 1178 715 11.
1196 689 1231 724 p.
1259 676 1362 715 125.
1390 674 1437 713 Ε.
1469 670 1713 728 πεπλήρωτο

275 723 426 774 Ioseph.
448 725 512 763 IV.
551 726 593 766 B.
614 728 643 767 1.
677 732 715 769 1.
741 732 784 769 2.
828 737 867 767 et
893 727 1100 783 κεκάρωτο
1131 731 1162 770 Ι.
1195 733 1267 771 30.
1293 732 1332 770 5.
1384 728 1605 782 μεμέριστο
1637 731 1715 780 Ap-

275 782 384 831 piani
412 781 584 821 Mithrid.
626 798 662 834 p.
683 786 790 826 403.
827 784 1036 839 πέπρακτο
1070 787 1136 825 Ill.
1165 786 1261 825 Bell.
1290 786 1374 826 Civ.
1408 801 1442 837 p.
1466 788 1569 827 858.
1604 784 1716 839 γεγέ-

273 851 374 887 νητο
404 838 449 875 V.
476 837 519 878 B.
551 839 592 877 C.
621 853 658 892 p.
693 844 826 882 1120.
856 850 894 882 et
926 844 1060 883 1137.
1113 842 1328 895 κεκοίμητο
1361 843 1514 880 Arrian.
1540 843 1585 879 V.
1615 843 1715 890 Exp.

271 892 321 932 Α.
359 895 429 936 12.
467 902 506 934 et
530 893 760 949 κεκόσμητο
794 912 826 936 c.
859 900 933 939 20.
987 898 1066 937 Sed
1096 900 1252 946 desin03
1299 901 1457 950 longum
1487 900 1588 936 enim
1616 900 1717 935 foret

271 951 403 987 omnia
419 955 608 1001 persequi.
629 953 714 990 Vid.
737 953 982 1005 Iungerman.
999 957 1041 994 in
1060 954 1187 1007 Longi
1207 955 1357 996 Pastor.
1380 955 1533 1007 p.2l4.
1565 953 1714 994 Duker.

269 1005 320 1045 ad
351 1004 569 1056 Thucydid.
601 1021 638 1058 p.
659 1010 765 1050 474.
800 1011 936 1051 Wssss.

389 1074 492 1116 122·
525 1076 597 1116 71.
643 1075 834 1117 Σταὸίων
865 1074 1143 1131 τριακοσίων]
1193 1077 1236 1117 Id
1275 1083 1335 1114 est
1384 1087 1453 1114 ccc
1496 1077 1718 1116 stadiorum.

273 1128 350 1171 Qui
393 1140 533 1177 quaeso
579 1131 664 1170 fieri
694 1140 840 1182 potest,
882 1141 926 1172 ut
954 1136 1176 1181 castellum,
1218 1136 1327 1171 cuius
1359 1140 1554 1172 extremus
1585 1147 1716 1172 murus

271 1187 475 1235 sexaginta
494 1192 646 1227 tantum
665 1190 788 1230 stadia
805 1193 847 1227 in
867 1193 1032 1229 circuitu
1056 1190 1223 1237 habens,
1251 1200 1320 1226 ccc
1342 1190 1465 1227 stadia
1484 1203 1552 1227 suo
1574 1191 1718 1229 ambitu

270 1241 572 1289 complectatur?
591 1244 819 1283 Necessario
832 1249 950 1297 igitur
962 1247 1188 1286 mutandum
1208 1253 1266 1282 est
1283 1245 1529 1298 τριακοσίων
1544 1248 1584 1283 in
1603 1243 1717 1298 τριά-

269 1309 411 1337 κοντα.
438 1296 574 1354 ΒΗΟξ).
619 1300 720 1353 Lege
738 1299 981 1355 τριάκοντα,
1011 1310 1054 1342 ut
1076 1316 1124 1339 ex
1148 1302 1463 1352 praecedentibus
1482 1309 1603 1350 patet:
1638 1315 1719 1339 non

269 1355 374 1390 enim
390 1356 553 1393 interior
574 1358 756 1395 circuitus
775 1362 901 1406 potuit
921 1372 1003 1396 esse
1022 1360 1143 1397 maior
1163 1358 1430 1396 exterioribus.
1450 1358 1581 1396 PALM.
1604 1357 1717 1397 Era-

269 1407 372 1447 δίων
391 1407 537 1463 εἴκοσι]
567 1411 652 1450 Etsi
675 1417 771 1452 viris
795 1415 1027 1452 doctissimis
1046 1416 1258 1463 patrocinio
1280 1417 1414 1451 veniat
1434 1428 1502 1451 sua
1521 1427 1607 1451 cum
1629 1428 1718 1451 ver-

269 1465 378 1502 sione
398 1465 590 1520 Poggius,
620 1472 739 1508 satius
760 1470 853 1508 duxi
873 1474 1037 1519 scriptos
1058 1472 1177 1507 libros
1197 1473 1324 1519 sequi:
1354 1470 1437 1508 fieri
1458 1473 1559 1508 enim
1580 1478 1718 1519 potest,

266 1525 314 1556 ut
337 1520 530 1573 Poggius,
562 1528 785 1564 coniectura
805 1527 963 1574 ductus,
1001 1538 1094 1565 xxx
1115 1527 1239 1564 stadia
1270 1529 1514 1574 expresserit.
1574 1525 1717 1566 Εἴκοσι

268 1572 421 1617 στάδια
442 1582 535 1630 quin
555 1584 694 1631 optime
714 1586 971 1631 conveniant,
1000 1584 1157 1623 dubium
1175 1584 1324 1620 nullum
1344 1589 1413 1621 est.
1440 1583 1575 1621 WEss.

386 1656 489 1697 122.
523 1657 596 1696 79.
618 1654 717 1711 Ἀφ’
749 1657 878 1698 ἵππου
899 1655 1104 1712 πάρδαλιν
1129 1655 1429 1708 ἀκοντίζουσα]
1468 1659 1512 1695 In
1533 1658 1603 1696 hac
1625 1661 1719 1697 scri-

266 1713 381 1760 ptura
409 1712 545 1760 cupide
572 1716 785 1766 acquiesco.
826 1714 1050 1768 Hippocrat.
1082 1715 1128 1752 de
1153 1715 1241 1752 Acr.
1261 1715 1332 1766 Aq.
1367 1721 1405 1751 et
1422 1715 1511 1751 Loc.
1543 1729 1580 1764 p.
1612 1716 1719 1755 291.

265 1763 445 1807 τουτέων
476 1766 521 1806 αἶ
555 1774 743 1820 γυναῖκες
767 1767 1015 1820 ἱππάζονταί
1033 1786 1075 1810 τε
1097 1770 1164 1809 καὶ
1185 1767 1419 1818 τοξεύουσι,
1457 1770 1523 1809 καὶ
1553 1769 1718 1810 ἀκοντί-

266 1817 406 1867 ζουσιν
426 1820 507 1863 ἀπὸ
528 1827 611 1865 τῶν
628 1825 767 1865 ’ίππων
782 1837 791 1849 ’
824 1834 861 1864 et
880 1827 1040 1867 Diodor.
1061 1830 1141 1877 ipse
1163 1827 1208 1865 V.
1229 1828 1303 1866 33.
1347 1825 1508 1868 ἐπειδὰν
1529 1824 1608 1866 ἀπὸ
1634 1830 1717 1866 τῶν

262 1874 404 1916 ἵππων
433 1876 729 1932 ἀγωνισάμενοι
752 1879 962 1935 νικήσωσι.
996 1891 1107 1932 atque
1129 1884 1219 1920 hinc
1239 1879 1567 1935 ἀφιπποτοξόται
1598 1886 1718 1933 sagit-

268 1935 373 1980 tarii,
392 1937 457 1985 qui
474 1939 581 1986 equis
604 1941 706 1975 vecti
729 1947 906 1991 pugnant
925 1939 1038 1978 XIX.
1063 1941 1135 1979 30.
1150 1967 1161 1986 ,
1210 1951 1438 1988 quamquam
1457 1946 1494 1975 et
1514 1939 1567 1975 ibi
1588 1940 1719 1978 eadem

267 2000 365 2039 quae
384 1990 560 2032 hocloco
598 1994 792 2033 scribendi
812 1999 1004 2043 varietas,
1043 2003 1080 2032 et
1109 1991 1186 2047 ἀφ’
1219 1994 1357 2034 ἵππων
1385 1991 1498 2046 μάχη
1530 1994 1714 2032 Herodot.

265 2042 298 2083 I.
321 2046 394 2087 79.
427 2060 501 2100 quo
521 2051 606 2087 loco
626 2053 688 2088 vir
707 2052 944 2089 clarissimus
967 2051 1040 2090 Iac.
1065 2051 1288 2088 Gronovius
1314 2053 1475 2090 nimium
1496 2050 1589 2088 mihi
1609 2051 1717 2094 soher·

268 2099 328 2137 dis
348 2101 486 2144 Medic.
512 2106 693 2145 tribuisse
718 2120 865 2156 semper
883 2110 990 2145 visus
1015 2114 1083 2144 est.
1125 2105 1184 2143 De
1206 2108 1401 2144 venatrice
1425 2115 1462 2147 et
1481 2109 1611 2144 leones
1630 2121 1717 2158 par-

266 2155 446 2208 dalesque
469 2168 630 2200 necante
651 2161 904 2203 Semiramide
925 2163 1075 2203 Aelian.
1096 2162 1188 2202 ΧΠ,
1210 2164 1255 2204 V.
1275 2163 1324 2201 H.
1347 2164 1421 2203 39.
1452 2164 1585 2202 Wnss.

385 2228 489 2269 122-
520 2230 591 2269 88.
628 2226 704 2270 ιῸν
735 2232 906 2269 καλοῦσι
936 2226 1200 2281 Βαβυλώνιοι
1232 2229 1404 2282 Βῆλον]
1449 2230 1515 2268 Sic
1535 2244 1617 2279 cap,
1638 2243 1714 2280 seq.

269 2275 380 2330 ἱερὸν
408 2280 536 2332 Διὸς,
579 2281 626 2326 ὃν
659 2287 831 2326 καλοῦσι
859 2283 1121 2337 Βαβυλώνιοι
1153 2287 1306 2338 Βῆλον.
1370 2286 1573 2325 Dessexum
1592 2294 1649 2324 est
1668 2301 1716 2325 ex

268 2333 532 2377 Hebraeorum
559 2351 655 2388 ava,
693 2353 767 2392 quo
789 2344 903 2379 titulo
924 2345 1125 2391 pleraeque
1145 2356 1212 2392 per
1233 2344 1419 2380 orientem
1438 2351 1593 2394 gentes,
1637 2357 1716 2380 non

271 2394 374 2430 enim
387 2396 474 2431 unis
487 2395 525 2432 id
537 2399 733 2445 proprium
752 2399 828 2435 fuit
838 2398 1077 2449 BabyloniiS,
1090 2398 1214 2435 Deum
1225 2401 1480 2448 appellarunt,
1492 2407 1533 2436 ut
1543 2401 1715 2447 pluribus

271 2446 484 2488 declaravit
511 2451 637 2491 Celeb.
660 2453 786 2491 Iacob.
806 2454 983 2494 Perizon.
1004 2455 1113 2507 Orig.
1133 2454 1321 2505 Babylon.
1342 2469 1374 2493 c.
1399 2456 1438 2495 5.
1460 2463 1497 2492 et
1519 2458 1559 2496 7.
1580 2456 1714 2493 lVEss.

388 2517 492 2556 122.
515 2519 588 2558 93.
613 2519 856 2573 Δεξαμενὴν
875 2518 1151 2574 τετράγωνον]
1183 2521 1269 2559 Huc
1288 2529 1482 2570 spectant,
1511 2535 1604 2571 quae
1624 2522 1715 2560 Phi-

270 2569 430 2612 lostr.1.
455 2573 531 2611 vit.
553 2576 730 2624 Apollon.
751 2580 849 2623 25‚;
900 2579 966 2615 sed
1001 2580 1066 2627 qui
1094 2583 1266 2630 γυναῖκα
1297 2575 1490 2629 Μήδειαν
1521 2588 1715 2617 auctorem

270 2625 466 2676 perhibet3
494 2629 594 2668 haud
616 2636 694 2669 scio
731 2647 781 2670 an
809 2636 922 2671 aliam
942 2648 986 2671 ac
997 2634 1287 2671 Semiramidem
1304 2636 1545 2685 intelligens:
1568 2642 1714 2685 pugnat

271 2683 426 2729 quidem
446 2697 514 2733 pro
535 2685 784 2727 Semiramide
805 2689 946 2729 Gottfr.
969 2690 1169 2737 Olearius,
1206 2690 1271 2726 sed
1299 2704 1380 2727 eam
1410 2705 1429 2726 e
1452 2686 1577 2727 Medis
1595 2692 1713 2727 fuisse

273 2736 377 2777 haud
396 2742 573 2790 probans.
615 2744 764 2782 Forsan
781 2759 826 2783 ea
847 2753 925 2793 est,
953 2747 999 2783 de
1023 2758 1096 2794 qua
1115 2745 1302 2783 Herodot.
1321 2746 1351 2783 Ι.
1376 2749 1476 2787 185.
1489 2774 1500 2794 ,
1528 2754 1594 2784 aut
1613 2754 1713 2784 certe

275 2794 321 2830 de
342 2807 415 2844 qua
432 2795 599 2836 Berosus
621 2803 662 2838 in
685 2800 832 2851 loseph.
853 2801 905 2838 X.
926 2802 972 2839 A.
995 2802 1024 2839 I.
1051 2805 1069 2842 l
1083 2804 1120 2842 l.
1143 2804 1182 2842 l.
1216 2802 1351 2839 lVEss.
