1828 3253
318 58 411 99 688
782 49 1324 93 ANNOTATIONES.

314 170 454 208 similis
484 172 543 205 est
568 166 646 206 viri
673 165 884 203 doctissimi
905 166 1106 214 suspicio:
1132 173 1294 217 namque
1316 164 1362 204 ‘et
1390 170 1511 205 oratio
1543 169 1599 207 sic
1619 171 1758 219 optime

315 231 481 271 constat,
508 231 546 261 et
565 236 675 272 saepe
694 222 787 260 haec
809 222 926 260 verba
946 222 1247 272 confunduntur,
1276 226 1332 260 uti
1353 224 1393 259 in
1415 224 1564 262 Aeliani
1586 225 1628 261 L.
1651 226 1696 263 ll.
1716 228 1757 266 5.

316 289 353 318 et
372 282 415 318 L.
434 280 525 318 ΧΠ.
553 282 590 320 l.
633 278 779 316 Histor.
803 278 893 315 Var.
922 276 1037 315 Forte
1067 285 1194 316 tamen
1222 293 1299 317 non
1328 280 1508 327 deerunt,
1535 285 1600 329 qui
1629 283 1760 321 addita.

314 339 451 386 copula
472 338 678 373 maluerint
703 331 892 386 καὶπρὸς
923 331 1021 380 τοὺς
1050 331 1407 388 παρορμήσοντας.
1435 337 1535 383 quod
1556 337 1760 387 interpreti

313 406 394 431 non
414 395 569 430 omnino
586 392 825 441 displicuisse
845 393 1066 427 coniiceres.
1097 390 1163 428 Sic
1183 392 1330 429 Aelian.
1351 391 1394 431 L.
1415 391 1520 429 XlV.
1546 395 1582 433 l.
1606 394 1650 430 de
1671 394 1759 432 Ari-

312 451 473 496 stotele,
502 461 569 497 per
597 449 730 485 literas
754 447 999 494 Antipatrum
1027 447 1212 496 adeunte,
1238 447 1481 488 ἐπιστέλλων
1501 446 1605 503 πρὸς
1623 447 1759 489 Ἀντί-

310 520 483 559 πατρον.
523 503 621 541 Mihi
639 506 745 554 prius
765 505 902 551 placet.
930 503 1064 571 ἎῘΕ8.8

428 563 533 602 606.
560 562 634 600 27.
672 556 798 599 Ovnco
823 557 900 611 γὰρ
929 556 1015 597 κατ’
1029 557 1213 606 ἕκειίους
1240 575 1337 606 τους
1360 556 1539 612 χοόνους
1558 562 1633 613 τῆς
1652 561 1759 613 Λιβ.

310 614 641 672 πεφυτευμένης]
675 617 855 666 Pugnant
874 615 956 661 his,
985 628 1079 665 quae
1104 629 1151 652 ex
1173 624 1344 654 veterum
1361 618 1502 654 fabulis
1526 617 1570 653 de
1591 617 1757 655 Hercule

311 688 426 724 supra
448 673 618 722 prodidit
639 672 679 709 L.
701 671 766 710 IV.
792 673 861 712 17.
892 671 998 708 Adde
1021 671 1205 709 Herodot.
1225 673 1266 709 L.
1288 673 1350 710 lv.
1378 675 1480 714 198.
1509 674 1643 711 W1-:ss.

420 732 524 771 606.
554 730 628 768 29.
677 725 763 766 Τόν
794 726 835 766 ἐκ
864 730 938 779 τῆς
956 724 1127 778 Λιβύης
1156 725 1530 781 ἀντιφορτιζόμενοι
1552 731 1602 772 717
1608 732 1753 777 οὗτον]

306 786 488 836 Explicet
508 788 587 823 vim
607 783 1004 823 verbiDemosthenes
1019 784 1177 839 Except.
1202 785 1287 822 adv.
1306 785 1447 824 Lacrit.
1472 798 1506 833 p.
1522 787 1625 825 549.
1653 785 1757 825 ἐπει-

307 841 385 882 (mv
406 839 642 881 ἀπόὸωνται
664 839 704 878 ἔν
728 855 785 879 τω
808 836 986 894 Ποντω,
1009 838 1034 878 ἃ
1058 840 1178 905 ἦχον,
1201 838 1316 878 ἄντα
1306 838 1486 906 χὀράζειν
1506 838 1627 879 πάλιν
1649 838 1756 894 χρή·-

305 914 419 950 ματα
450 914 516 937 και
548 895 934 948 ἀντιφορτίζεσθαι,
964 912 1029 934 και
1063 910 1170 947 αντα]
1174 911 1228 934 ειν
1250 892 1451 962 Αθηναζε
1481 894 1532 935 τὰ
1559 895 1755 951 ἀντιφοο-

305 953 517 994 τισθέντα.
567 953 667 990 Tum
697 960 783 1001 post
816 965 953 1002 pauca:
991 948 1082 991 οὔτε
1117 949 1194 1004 γὰο
1222 948 1435 1004 ἦρόοασαν
1470 950 1588 992 οὐδὲν
1617 952 1657 992 ἒν
1694 955 1754 993 τῶ

303 1008 484 1066 Πόντῳ,
521 1007 614 1050 οὔτε
646 1007 1007 1062 ἀντεφορτίσαντο.
1054 1007 1197 1045 Eorum
1228 1022 1318 1059 ergo
1354 1016 1431 1056 est,
1460 1012 1525 1057 qui
1554 1023 1670 1047 naves
1693 1012 1754 1047 vi-

305 1070 437 1105 cissim
469 1069 547 1104 illis
584 1066 698 1103 rebus
735 1072 917 1112 onerant,
954 1078 1046 1114 quas
1085 1067 1164 1101 suis
1192 1064 1401 1102 divenditis
1436 1074 1501 1102 aut
1528 1068 1754 1115 permutatis

303 1131 540 1174 receperant.
581 1122 721 1159 strabo
744 1121 786 1158 L.
810 1121 913 1171 11.p.
937 1122 1037 1161 156
1062 1121 1105 1156 Α.
1140 1116 1374 1160 πλεύσαντα
1400 1119 1449 1173 δὴ
1471 1120 1574 1172 μετὰ
1605 1118 1752 1174 δώρων

305 1179 547 1219 ἐπανελθεῖν
575 1173 971 1232 ἀιτιφορτισάμενον
1012 1172 1215 1230 ἀρώματα
1246 1177 1313 1216 καὶ
1343 1177 1491 1224 3ίθους
1520 1179 1754 1226 πολυτελεῖς

305 1236 353 1273 de
381 1237 559 1275 Eudoxo.
594 1235 727 1272 WVEss.

417 1295 522 1333 607.
565 1293 639 1331 37.
702 1288 761 1329 Τὸ
795 1286 838 1329 ‹5’
879 1305 952 1328 ουν
983 1283 1206 1340 Ὀλύμπιον
1243 1286 1393 1339 με’λλον
1423 1288 1526 1342 etc.]
1578 1289 1674 1328 Vide
1706 1289 1749 1328 L.

303 1348 672 1388 XX111.E01.12.
718 1346 776 1382 De
807 1346 910 1383 Iovis
938 1345 1008 1382 hoc
1038 1347 1177 1393 templo
1210 1345 1391 1395 Polybius
1420 1345 1462 1382 L.
1485 1345 1554 1382 IX.
1578 1349 1652 1387 21.
1681 1346 1750 1385 καὶ

303 1400 324 1446 ὃ
357 1407 429 1445 τοῦ
460 1401 566 1450 Διὸς
595 1406 669 1443 τοῦ
696 1400 923 1453 Ὀλυμπιου
953 1398 1052 1448 νεώς
1083 1402 1264 1440 HOAY
1268 1402 1548 1440 ΊΕΛΕΙΑΝ
1569 1401 1646 1453 μὲν
1675 1401 1751 1442 οὐκ

302 1459 457 1515 εἶληφε.
486 1475 591 1499 κατα
623 1459 667 1498 de*
688 1474 762 1509 την
794 1455 986 1509 ἐπιβολὴν
1017 1474 1082 1496 και
1106 1454 1150 1496 τὸ
1182 1455 1359 1509 μέγεθος
1384 1456 1468 1496 off'd
1502 1453 1644 1498 ὁποίου
1676 1474 1749 1497 ουν

302 1520 388 1557 τῶν
419 1514 524 1556 κατὰ
554 1531 628 1567 την
652 1511 746 1553 ζ.Ελ3
751 1510 831 1553 άὸα
860 1515 973 1553 ὸοκεῖ
1002 1513 1109 1552 λέειπ
1097 1516 1239 1559 σθαι,
1281 1517 1372 1550 satis
1396 1514 1538 1552 Nostro
1572 1517 1750 1565 scriptori

302 1576 564 1619 consentiens,
586 1572 699 1609 modo
721 1570 981 1610 πολυτέλειαν
999 1583 1208 1608 removeas.
1232 1569 1425 1621 Negarine
1439 1574 1581 1620 poterit
1600 1573 1751 1623 magni-

301 1631 457 1666 ficentia
485 1631 647 1678 templo,
676 1627 777 1678 quod
809 1631 989 1665 universa
1018 1640 1086 1663 sua
1115 1633 1304 1663 structura
1334 1634 1481 1664 tantum
1508 1628 1749 1676 splendorem

302 1685 547 1724 ostentabat?
589 1698 684 1733 quo,
724 1686 756 1720 si
789 1696 862 1731 qua
902 1685 978 1720 alia
1006 1697 1066 1729 re,
1103 1683 1442 1734 Agrigentinorum
1469 1686 1617 1732 priscae
1658 1697 1747 1733 opes

300 1745 500 1793 praecipue
520 1739 812 1792 spectabantur?
846 1739 980 1776 Scribe
1003 1738 1234 1778 συντέλειαν
1253 1737 1328 1789 μὲν
1348 1737 1421 1777 οὐκ
1444 1737 1607 1793 εἴληφε,
1633 1740 1749 1778 abso-

299 1800 423 1837 lutum
446 1800 598 1850 quidem
619 1811 693 1835 non
719 1803 796 1843 est,
826 1804 863 1833 et
884 1797 979 1832 bene
1003 1796 1210 1843 procedent
1229 1798 1367 1832 omnia.
1397 1796 1504 1833 Vidit
1523 1803 1560 1832 et
1577 1800 1748 1834 correxit

299 1856 477 1894 mendam
496 1854 565 1891 Ph.
589 1853 792 1892 Cluverius
813 1852 921 1890 Sicil.
948 1851 1037 1888 Ant.
1061 1851 1104 1891 L.
1131 1851 1159 1889 I.
1178 1866 1212 1901 p.
1233 1853 1337 1891 203.
1331 1879 1354 1899 .‚
1385 1855 1446 1889 cui
1466 1852 1602 1913 lubens
1623 1854 1746 1891 adsti-

299 1914 423 1961 pulor.
454 1911 505 1948 W
510 1922 588 1947 Ε88.

417 1970 521 2008 607.
549 1968 624 2007 49.
657 1960 931 2011 Ηκύκλωσις
954 1978 1051 2010 τους
1068 1960 1204 2009 οἷ’κους
1223 1963 1335 2017 πεοι3
1342 1959 1638 2015 αμβανόιτων]
1668 1964 1744 2003 Pro

296 2020 323 2076 ’ἦ
354 2018 449 2063 7v'77
454 2038 551 2070 ωσις
573 2020 670 2068 τοὺς
701 2036 837 2068 οικους
865 1997 1287 2073 πεοιλαμβανόντων,
1304 2021 1438 2068 quibus
1471 2022 1598 2058 verbis
1616 2024 1745 2059 mani-

298 2082 400 2119 festa
421 2082 551 2125 subest
577 2080 716 2129 deprav
719 2080 818 2124 atio,
847 2077 1050 2129 legendum
1070 2079 1262 2123 suspicor,
1288 2073 1312 2127 7)
1342 2075 1446 2115 κίοσι
1466 2091 1564 2122 τους
1582 2076 1745 2127 τοίχους

298 2132 705 2188 περιλαμβανόντων.
734 2106 889 2173 STE'PH.
928 2134 1029 2184 Lege
1059 2146 1143 2170 cum
1165 2129 1402 2180 Stephano
1386 2148 1410 2183 ⁷7
1434 2131 1538 2171 κιόσι
1560 2147 1658 2179 τους
1685 2131 1744 2172 οἷ’-

299 2207 407 2239 κους.
430 2193 563 2229 RHOD.
593 2189 654 2230 H
676 2187 872 2229 κυκλώσει
901 2187 997 2235 τοὺς
1026 2203 1163 2234 οικους
1192 2189 1303 2241 περι3
1308 2185 1608 2239 αμβανόντων]
1647 2188 1745 2228 Sani

298 2248 425 2285 nihil
416 2263 457 2286 m
485 2250 643 2299 vulgata
664 2254 745 2284 erat
764 2250 971 2295 scriptura:
1001 2257 1096 2294 quae
1122 2246 1202 2282 eius
1224 2245 1409 2312 iffocum
1429 2246 1635 2292 successit,
1661 2259 1743 2282 me-

297 2307 372 2342 lior
394 2306 566 2353 quidem,
599 2317 670 2341 nec
697 2306 792 2340 citra
813 2305 936 2340 labem
959 2310 1095 2339 tamen
1135 2299 1256 2337 Credo
1276 2296 1422 2339 κιόνων
1444 2314 1577 2339 vocem
1597 2301 1742 2350 deesse,

297 2364 554 2411 scriptumque
583 2361 703 2397 fuisse
738 2366 804 2396 aut
833 2355 931 2398 71277
937 2374 968 2397 ω
997 2358 1124 2403 κί,οσι
1151 2363 1217 2394 aut
1244 2353 1440 2396 κυκλώσει
1467 2352 1613 2397 κιόνων
1643 2372 1741 2404 τους

299 2416 436 2464 οἴκους
466 2411 871 2469 περιλαμβανόντων.
926 2415 1161 2452 Alterutrum
1193 2416 1405 2450 sententiae
1435 2414 1637 2451 satisfacit.
1668 2413 1740 2451 Ph.

299 2473 502 2512 Cluverius
522 2472 634 2510 Sicil.
664 2472 754 2508 Ant.
775 2472 817 2509 L.
835 2471 863 2508 Ι.
895 2482 929 2520 p.
953 2472 1059 2512 205.
1097 2469 1146 2507 H.
1166 2467 1353 2519 Stephani
1382 2473 1640 2508 coniecturam
1670 2482 1738 2519 pro

297 2533 511 2568 certissima
536 2528 698 2578 putavit.
719 2528 856 2565 WESS.

414 2588 518 2627 607.
553 2585 624 2624 54.
654 2581 767 2623 Καθ’
793 2582 844 2636 ἢν
864 2582 919 2630 εις
938 2598 990 2622 τα
1010 2576 1269 2632 ὃιαξύσματα
1290 2576 1547 2621 ὃῦναταιεὲο.
1560 2581 1580 2633 ]
1612 2581 1739 2620 Vertit

296 2641 437 2691 Interp.
471 2648 585 2679 tanta
623 2642 789 2690 strigam
826 2640 1104 2691 (mnplz'tudine‚
1153 2645 1303 2674 secutus
1341 2651 1470 2675 eorum
1504 2639 1736 2688 opinionem,

296 2701 363 2748 qui
391 2700 653 2737 columnarum
682 2697 915 2735 canaliculos
951 2710 973 2735 a
994 2696 1172 2734 Vitruvio
1202 2707 1296 2733 voce
1326 2696 1493 2745 strigam
1525 2695 1736 2746 descriptos
