1828 3253
441 149 505 207 m
543 149 655 191 me.
690 150 719 189 1.
749 149 877 190 CAP.
908 152 980 193 33.
1012 153 1085 192 34.
1396 150 1453 190 57

15 267 183 307 Darium
201 265 356 305 Persam
383 263 525 303 Isthmo
554 263 798 304 Corinthiaco
825 263 1074 314 perfodiendo
1092 277 1226 303 manus
1245 262 1458 303 admovisse

21 327 66 364 in
83 323 249 375 Diogen.
273 323 397 361 Laert.
415 321 443 360 1.
465 323 538 362 9-9.
558 322 705 372 probat.
734 322 869 361 Wrss.

138 382 211 422 39.
236 380 310 423 39.
351 377 632 430 Φιλοτέχνως]
662 378 840 416 Alienum
867 377 1032 416 videtur.
1087 376 1216 415 Minus
1244 385 1372 416 tamen
1398 379 1460 415 in-

24 445 172 488 eptum,
211 448 322 484 quam
361 432 430 474 καὶ
455 434 755 485 πεντακοσίων,
793 435 894 485 quod
928 441 1014 483 post
1049 428 1304 474 ἑπτακοσίων
1343 435 1457 485 paulo

25 502 113 543 post
139 494 380 532 interiectum
405 494 525 529 venit.
561 489 695 528 Rnon.
771 487 1019 541 Φιλότεχνον
1060 485 1328 543 διάφραγμα]
1376 489 1461 528 Hoc

23 551 143 601 probo
169 555 324 598 propter
351 543 590 601 φιλότεχνον
618 545 795 600 ὄργανον
821 547 867 585 V.
887 548 961 587 37.
996 553 1033 584 et
1052 542 1201 599 εὕρεμα
1221 543 1461 600 φιλότεχνον

25 605 151 646 XVII.
169 605 245 644 44.
276 604 437 642 Videtur
463 610 591 641 autem
604 604 702 642 illud
725 601 968 657 διάφραγμα
988 616 1036 640 ex
1058 615 1188 640 eorum
1207 616 1347 654 genere
1365 605 1462 640 suis-

21 676 88 710 σε,
114 661 251 711 quibus
279 662 321 698 in
347 659 473 713 Belgii
493 663 618 698 nostri
647 663 725 698 oris
753 674 937 710 aquarum
967 665 1180 697 cataractae
1200 672 1248 696 ex
1268 672 1340 696 usu
1360 661 1464 696 clau-

20 719 168 756 duntur
190 723 230 754 et
248 720 485 768 aperiuntur.
541 716 640 755 Nam
662 717 763 766 quod
791 716 932 754 Bernh.
966 715 1290 754 Montefalconius
1318 716 1462 753 fossam

20 774 124 822 lianc
151 776 300 821 statim,
340 781 537 824 postquam
576 774 745 824 perfecta
777 780 880 821 erat,
918 787 941 810 a
970 773 1188 810 Ptolemaeo
1224 774 1365 810 iterum
1397 772 1464 808 ob-

20 837 208 868 structam
227 830 316 868 hinc
338 837 468 881 patere
487 830 697 869 arbitratur
715 829 880 869 Praefat.
900 831 943 868 in
963 828 1138 868 cosmam
1156 828 1465 877 Iudicopleusten

25 901 58 925 e.
82 890 122 928 8.
150 889 188 927 l.
210 887 250 924 id
271 899 379 924 secus
399 893 468 925 est.
526 886 659 925 Wrss.

139 944 211 983 39.
233 944 308 983 43.
342 939 605 994 Ὀνομάζεται
633 940 926 995 Πτολεμαῖος]
955 942 1115 981 Aeliano
1144 941 1236 981 XII.
1253 941 1303 980 H.
1321 941 1366 979 A.
1389 942 1464 981 29.

24 998 301 1050 Πτολεμαίων
329 997 538 1051 ποταμὸς,
565 1003 676 1048 eique
705 999 846 1038 Strabo
875 999 1039 1048 quodam
1057 999 1170 1037 modo
1196 1000 1325 1048 favet,
1354 1011 1466 1049 reges

26 1054 263 1095 Ptolemaeos
283 1055 468 1106 Euripum
488 1056 588 1093 hune
610 1057 822 1095 absolvisse
851 1069 1077 1095 memorans.
1135 1054 1307 1093 Diodoro
1328 1054 1467 1092 adsen-

26 1113 124 1149 titur
145 1110 310 1151 Tzetzes
329 1111 491 1150 Chiliad.
512 1112 544 1149 V
548 1112 596 1150 ll.
617 1114 723 1153 457.
750 1112 892 1150 Fossae
913 1115 1066 1150 initium
1086 1119 1169 1150 erat
1187 1113 1236 1149 ad
1256 1111 1467 1149 Phacusam

26 1167 214 1216 Arabiae,
243 1169 521 1206 terminabatur
538 1170 587 1207 ad
605 1169 796 1208 Arsinoen
826 1172 934 1208 sinus
961 1168 1129 1208 Arabici.
1168 1168 1255 1206 Vid.
1285 1167 1468 1206 Strabon.

27 1223 157 1263 XVII.
176 1238 212 1274 p.
234 1226 369 1266 1158.
394 1225 529 1263 Wssss.

138 1281 215 1322 40.
239 1282 314 1331 48.
345 1276 626 1322 Ἑπτακοσίων
664 1281 732 1321 καὶ
769 1280 1075 1332 πεντακοσίων]
1116 1279 1223 1319 Haec
1252 1282 1370 1320 verba
1400 1278 1469 1319 καὶ

25 1336 329 1385 πεντακοσίων,
356 1341 511 1389 quaein
530 1339 654 1376 tribus
677 1340 956 1388 exemplaribus
975 1351 1054 1376 non
1078 1344 1190 1386 sunt,
1217 1350 1266 1375 ne
1295 1337 1356 1374 hie
1385 1338 1470 1386 qui-

28 1392 115 1430 dem
145 1396 270 1443 posita
294 1395 416 1432 fuisse
445 1407 640 1444 cuperem:
678 1409 767 1433 nam
796 1409 865 1446 pro
899 1394 1012 1446 χίλια
1050 1393 1118 1435 καὶ
1157 1390 1349 1434 διακόσια
1385 1395 1471 1442 quis

22 1445 255 1490 ἑπτακόσια
302 1450 371 1490 καὶ
409 1447 659 1491 πεντακόσια
699 1451 817 1490 dicit?
867 1451 1020 1490 STEPH.
1072 1446 1353 1491 ιΕπτοικοσίων
1403 1448 1472 1489 καὶ

25 1502 313 1560 πεντήκοντα]
343 1506 460 1545 Recte
489 1507 539 1546 H.
571 1506 755 1558 stephan.
797 1509 992 1546 Ambitum
1018 1509 1190 1556 insulae,
1218 1521 1330 1558 quam
1355 1506 1472 1544 Delta

24 1570 191 1610 vocant,
229 1562 370 1602 Strabo
395 1563 521 1602 XVII.
547 1577 583 1614 p.
619 1567 752 1609 1137.
785 1567 902 1604 trium
931 1567 1096 1603 millium
1128 1565 1339 1603 stadiorum
1364 1565 1473 1611 facit,

30 1629 154 1668 neque
174 1619 268 1657 adeo
289 1621 404 1672 longe
423 1634 446 1658 a
464 1620 628 1660 Diodori
647 1624 815 1660 numeris
832 1622 990 1660 recedit.
1033 1621 1168 1660 WESS.

145 1675 220 1716 40.
243 1676 315 1716 52.
348 1673 690 1728 Ποταμόχωστος
715 1676 792 1732 γὰρ
827 1672 959 1729 οὖσα]
987 1678 1167 1728 Plerique
1192 1679 1283 1716 olim
1311 1679 1473 1716 inferio-

30 1743 112 1768 rem
142 1732 359 1783 Aegyptum
385 1732 466 1770 Nili
492 1735 751 1772 alluvionibus
780 1742 818 1772 et
836 1742 996 1787 aggesto
1014 1737 1106 1773 limo
1126 1742 1254 1772 natam
1274 1748 1471 1773 censuere.

30 1786 185 1840 Δῶρον
203 1790 277 1828 τοῦ
298 1791 487 1840 ποταμοῦ
517 1797 717 1839 propterea
737 1790 933 1829 Herodoto
954 1792 1002 1829 ΙΙ.
1019 1792 1056 1832 5.
1075 1798 1112 1829 et
1129 1792 1242 1829 Nilus
1261 1790 1473 1829 Heliodoro

30 1841 104 1880 IX·
123 1857 159 1894 p.
179 1844 287 1885 444.
314 1841 530 1898 Αἰγύπτου
559 1849 634 1898 τῆς
660 1846 737 1898 μὲν
764 1845 849 1888 ἄνω
878 1845 1041 1901 σωτὴρ,
1074 1850 1149 1900 τῆς
1187 1843 1298 1887 κάτω
1332 1846 1376 1887 δὲ
1405 1846 1475 1886 καὶ

31 1897 170 1953 πατὴρ
189 1899 257 1940 καὶ
277 1898 537 1954 δημιουργός.
564 1904 668 1947 Quae
686 1907 743 1941 uti
763 1906 952 1956 elegantia
974 1917 1014 1941 se
1037 1904 1316 1950 commendant,
1338 1916 1475 1942 vereor

32 1968 83 1993 ne
112 1959 195 2005 ipso
221 1971 350 1995 rerum
375 1972 448 1995 usu
489 1966 526 1996 et
559 1961 774 1998 seculorum
800 1968 857 2000 tot
888 1962 1050 1998 decursu
1078 1974 1156 1998 non
1188 1961 1474 1998 confirmentur.

29 2011 143 2051 conf.
162 2015 266 2052 infra
285 2013 352 2052 ΙΙΙ.
374 2016 446 2054 33.
473 2022 512 2053 et
529 2014 744 2055 Brodaeum
763 2017 828 2055 ΙΙΙ.
847 2017 1010 2055 Miscell.
1035 2017 1073 2056 5.
1114 2017 1249 2055 WVESS.

145 2071 221 2111 40.
247 2069 317 2110 57.
337 2068 436 2111 Ἀπὸ
459 2073 533 2112 τοῦ
555 2069 766 2125 σχήματος
785 2074 976 2125 κοχλίας]
1013 2073 1237 2122 cochliam,
1263 2086 1337 2122 qua
1357 2085 1473 2125 agros

31 2126 209 2164 uberiore
228 2126 311 2165 Nili
329 2140 427 2177 aqua
445 2130 682 2180 irrigabant,
712 2138 749 2168 et
778 2133 887 2168 cuius
917 2130 1056 2168 Strabo
1076 2130 1202 2168 XVII.
1220 2144 1255 2180 p.
1282 2131 1302 2170 1
1315 2133 1416 2170 160.
1439 2136 1476 2166 et

26 2183 174 2223 Δ1174.
203 2185 397 2232 meminit,
425 2184 711 2234 Archimedem,
737 2189 779 2224 in
806 2187 983 2239 Aegypto
1012 2200 1099 2224 cum
1129 2193 1250 2234 esset,
1277 2188 1474 2225 invenisse

26 2239 193 2277 ¹docet-ur
210 2240 314 2277 infra
332 2241 377 2278 V.
396 2242 468 2281 37.
496 2241 738 2281 Describitur
757 2245 1041 2296 elegantissime
1072 2258 1094 2281 a
1123 2242 1286 2281 Philone
1316 2243 1398 2282 Iud.
1429 2241 1475 2279 de

35 2293 193 2336 Consus,
215 2295 328 2348 Ling.
347 2310 383 2347 p.
404 2299 510 2340 325.
529 2298 578 2337 D.
597 2307 636 2338 et
653 2301 832 2338 Vitruvio
853 2300 906 2338 X.
931 2303 1001 2342 11.
1039 2299 1174 2338 wass.

149 2353 226 2392 40·
247 2355 320 2394 61.
354 2354 542 2408 Καρπῶν
563 2356 629 2395 καὶ
650 2358 838 2407 καυλῶν]
867 2357 963 2395 Vide
985 2371 1017 2394 c.
1040 2359 1111 2398 80.
1143 2356 1277 2395 IVESS.

147 2408 222 2449 40·
245 2411 318 2450 67.
346 2407 506 2458 Λωτός
523 2427 566 2451 τε
584 2410 661 2467 γὰρ
683 2409 859 2466 φύεται]
897 2413 1106 2451 Niloticam
1130 2415 1274 2460 lotum,
1309 2413 1477 2463 eleganti

37 2463 305 2504 dissertatione
333 2469 574 2517 explicitam·⁹
600 2472 642 2507 in
672 2469 981 2520 Nymphaearum
1020 2472 1180 2508 classem
1219 2470 1352 2507 retulit
1378 2469 1477 2505 libro

39 2519 86 2556 de
112 2522 254 2570 plantis
271 2523 438 2574 Aegypti
458 2537 492 2572 p.
515 2527 589 2565 73.
610 2525 743 2576 Prosp.
761 2527 937 2578 Alpinus.
994 2525 1056 2563 Ex
1085 2540 1129 2563 ea
1147 2539 1283 2575 panem
1306 2525 1477 2570 confieri,

39 2573 324 2626 Theophrastus
351 2579 416 2618 IV.
446 2580 548 2618 Hist.
577 2583 696 2630 plant.
733 2585 802 2624 10.
831 2589 870 2620 et
899 2584 1050 2620 Plinius
1079 2582 1213 2620 XXII.
1245 2581 1295 2619 H.
1323 2581 1372 2620 N.
1402 2582 1476 2620 21.

39 2636 296 2674 consentiunt.
325 2634 435 2674 Conf.
455 2636 590 2677 Tzetz.
609 2637 707 2676 Chil.
727 2639 791 2678 vl.
812 2640 916 2680 714.
956 2640 1090 2677 Wnss.

149 2689 225 2729 40·
258 2692 330 2731 69·
377 2688 462 2741 Τό,
495 2709 538 2737 τε
577 2692 797 2747 κιβώριον]
848 2696 1045 2734 ciborium
1094 2696 1248 2734 videtur
1288 2694 1479 2743 appellare

26 2744 160 2800 -wipnam
185 2747 379 2795 plantam,
409 2760 505 2798 quae
534 2752 662 2790 fabam
695 2753 926 2805 Aegyptiam
959 2754 1054 2791 fert:
1095 2759 1230 2790 eontra
1262 2764 1305 2788 ea
1342 2749 1482 2786 Strabo

32 2797 163 2839 rXVII·
189 2814 225 2852 p-
261 2804 396 2846 1151.
423 2805 491 2845 καὶ
523 2803 544 2847 ὁ
578 2804 737 2861 κύαμος
764 2805 1015 2863 Αἰγύπτιος,
1045 2807 1088 2858 ἐξ
1121 2799 1170 2850 οὗ
1199 2805 1246 2848 τὸ
1280 2801 1483 2858 κιβώριον.
