1828 3253
437 160 501 199 ΙΝ
531 159 644 200 LIB.
686 159 732 197 V.
772 158 901 197 CAP.
932 161 1006 201 66.
1027 162 1098 201 67.
1401 161 1495 204 465

44 275 115 327 qui
140 274 271 313 edules
301 279 413 321 sunt,
442 275 564 311 sicuti
591 274 702 325 apud
734 272 900 310 Latinos
918 284 1056 325 poma.
1100 270 1203 310 Nam
1234 279 1276 310 et
1300 286 1420 312 nuces
1453 280 1495 312 ee

34 333 144 381 ficus
171 338 211 368 et
241 343 342 368 uvae
371 325 566 383 τρώξιμοι
597 331 706 367 mala
736 331 933 368 dicuntur.
972 330 1051 366 vid.
1081 327 1125 367 L.
1153 330 1255 368 105.
1289 331 1336 368 de
1376 330 1489 368 Ver&

44 386 198 437 ›Sigmf-
237 387 366 424 Varro
395 399 482 437 cap.
510 387 580 425 59.
616 386 659 422 L.
689 386 720 423 I.
751 387 797 423 de
827 385 877 423 R.
915 384 964 422 R.
982 385 1206 436 profitetur
1233 399 1273 422 se
1303 393 1488 424 acturum

43 446 91 482 de
111 445 243 494 pomis
274 443 506 488 condendis,
544 448 586 478 et
609 442 749 479 ibidem
785 442 934 487 tradit,
977 454 1051 491 quo
1083 443 1193 478 modo
1212 444 1336 491 pil-(c,
1368 456 1487 493 rapa,

41 512 162 537 nuces
184 499 390 548 iuglandes
409 500 491 535 sint
507 499 744 544 servandae,
765 499 859 548 quia
880 509 997 547 rapa,
1018 498 1134 547 pira,
1160 510 1280 534 nuces
1302 499 1339 534 in
1352 501 1488 548 pomis

41 554 364 593 numerabantur.
413 553 664 604 Hesychius:
721 555 857 603 Mijka
897 551 1054 598 παντὸς
1096 550 1266 603 δένδρου
1311 552 1484 605 καρπὸς,

41 609 254 663 ἐξαιρέτως
283 608 327 648 δὲ
353 612 427 661 τῆς
457 608 614 661 μηλέας
642 608 710 648 καὶ
742 605 878 648 πάντα
906 605 959 647 τὰ
989 607 1152 661 δένδρα.
1186 608 1385 646 Hactenus
1416 611 1484 647 ille

40 666 144 704 Lect.
163 665 319 703 Hesiod.
341 679 372 702 c.
395 667 436 705 3.
469 665 603 702 WVESS.

154 722 259 762 384.
292 723 365 761 97.
406 717 772 774 Κατανοήσαντα]
802 719 892 757 Νοιι
910 720 1081 770 repudio,
1107 720 1182 755 etsi
1203 721 1342 756 cultior
1358 722 1486 760 videri

39 779 162 827 possit
183 781 594 826 praestantissimorum
624 776 742 844 Code.
772 779 975 825 scriptura.
1008 775 1198 812 Demades
1222 778 1342 825 princ.
1363 778 1483 826 oram,

39 846 134 884 quae
167 837 248 871 eius
285 834 438 871 nomine
469 834 658 883 superbit:
698 830 791 871 ου’τε
825 832 870 871 da?
898 829 1041 900 ἷατρος
1071 830 1270 882 ἐμπείρως
1308 829 1482 873 ὁύιαται

38 891 295 956 θεραπεῦσαι
325 887 423 936 τοὺς
457 886 711 939 κάιινοιτας,
743 886 793 926 ι’,ὶι
812 886 870 940 μὴ
894 885 970 939 τὴν
992 886 1127 926 αἷτιαν
1147 889 1220 926 τοῦ
1245 883 1482 952 νοσήματος

39 941 291 999 κατανοήσῃ.
322 945 432 982 Philo
452 946 536 984 Iud.
561 945 603 983 L.
618 945 665 982 11.
690 945 813 994 Alleg.
835 957 869 992 p.
889 945 960 983 79.
981 943 1030 982 D.
1063 940 1129 982 διὰ
1152 945 1272 982 τῶν
1256 958 1384 995 εργων
1405 943 1480 985 τὸν

39 1001 224 1053 τεχνίτνν
254 1005 563 1047 κατανοοῦντες.
600 1002 746 1038 Auctor
764 1000 884 1065 Epist.
906 999 1023 1036 Hebr.
1044 999 1108 1036 ΙΙΙ.
1132 1002 1170 1040 1.
1193 996 1480 1052 κατανοήσατε

40 1054 113 1097 τὸν
133 1053 366 1096 απόστολον
386 1073 453 1096 και
477 1055 664 1111 ἀρχιερέα
689 1058 764 1108 τῆς
795 1052 1017 1108 ὁμολογίας
1040 1051 1172 1106 ημῶν.
1211 1055 1349 1104 quibus
1371 1059 1481 1094 aliis-

39 1125 112 1163 que
141 1115 236 1150 locis
256 1113 488 1164 diligentem
519 1115 795 1163 inspectionem
825 1119 863 1148 et
883 1125 1012 1149 curam
1034 1113 1211 1161 postulat.
1248 1110 1370 1148 Porro
1393 1112 1479 1164 Hy-

39 1171 208 1219 perionis
229 1169 309 1206 fata
329 1170 541 1207 diversiore
560 1169 672 1206 modo
693 1170 893 1218 proposuit
915 1167 1044 1206 L.111.
1072 1168 1143 1207 57.
1172 1166 1308 1204 WEss.

151 1225 256 1265 384.
285 1226 321 1264 l·
362 1225 491 1264 Κοίου
518 1224 592 1275 μὲν
620 1223 687 1263 καὶ
713 1223 872 1275 Φοίβης
897 1220 1037 1274 Λητὼ
1065 1222 1286 1274 γενέσθαι]
1320 1222 1478 1271 Apollo-

36 1280 105 1318 nio
124 1287 323 1330 propterea
341 1278 479 1332 Λητώ
505 1278 740 1333 Κοιογένεια
761 1279 803 1316 L.
824 1279 872 1315 ΙΙ.
898 1281 1000 1319 712.
993 1306 1015 1327 .,
1041 1279 1110 1316 ubi
1132 1278 1272 1316 Graeci
1290 1281 1480 1329 interpre-

37 1342 96 1374 tes
116 1336 275 1375 videndi
296 1344 334 1374 et
351 1336 569 1405 Ettymolog.
595 1350 633 1375 v.
655 1336 794 1382 Κοῖος.
811 1329 874 1372 W
879 1345 958 1373 Ess.

149 1393 255 1433 384.
279 1393 322 1433 4.
352 1389 534 1446 Εὗρετὴν
552 1388 769 1445 γενόμενον
791 1393 875 1431 τῶν
896 1388 1092 1443 πυρείων]
1115 1389 1238 1442 Ligna
1256 1391 1482 1442 intelligunt

39 1447 290 1486 Grammatici
319 1449 480 1496 Graeci,
505 1462 585 1486 non
605 1450 763 1486 silicem.
805 1446 872 1484 Sic
901 1448 1002 1485 enim
1030 1447 1078 1484 ad
1094 1446 1281 1495 Apollon.
1303 1446 1427 1484 Rhod.
1447 1447 1478 1487 Ι.

42 1505 178 1546 1184.
204 1501 388 1557 Πυρήϊα,
418 1519 514 1556 quae
535 1505 665 1542 eadem
686 1518 730 1541 ac
747 1508 915 1571 πυῖρεῖα,
945 1502 1049 1571 φησὶ
1074 1500 1127 1541 τὰ
1146 1499 1481 1572 προστριβόμενα

38 1557 226 1612 ἀλλήλοις
246 1559 350 1612 πρὸς
374 1559 420 1600 τὸ
442 1564 524 1614 πῦρ
544 1560 755 1628 ἐγγεννᾶν,
786 1559 842 1599 ὡν
863 1557 909 1598 τὸ
932 1557 1008 1625 μέν
1031 1556 1140 1598 ἔστιν
1163 1556 1332 1606 ὕπτιον,
1361 1557 1384 1599 6
1406 1574 1480 1598 κα-

37 1617 165 1655 λεῖται
197 1616 477 1656 ΣΤΟΡΕΥΣ.
515 1613 697 1669 θάτερον
726 1614 770 1655 δὲ
800 1610 1086 1667 παραπλήσιον
1117 1611 1335 1669 τρυπάνῳ,
1377 1611 1478 1669 ὅπερ

38 1671 314 1725 ἐπιτρίβοντες
324 1675 382 1711 τῶ
400 1677 541 1726 στορεῖ
558 1670 815 1726 στρεἭφουσιν
845 1670 958 1707 Unde
979 1678 1016 1707 et
1026 1669 1218 1722 τρίψεως,
1240 1684 1356 1720 quum
1376 1673 1479 1721 ignis

38 1728 175 1766 horum
197 1741 267 1776 ope
289 1732 442 1766 accensi
461 1731 605 1766 mentio
626 1734 696 1775 est,
723 1728 941 1764 meminisse
959 1728 1095 1763 solent.
1131 1726 1355 1764 Ter-ebatur
1376 1740 1480 1765 emm

39 1785 186 1835 lignum
206 1785 335 1834 ligne,
367 1787 425 1822 uti
444 1786 594 1822 Plinius
615 1785 672 1821 ait
690 1783 733 1821 L.
751 1783 858 1820 XVI.
879 1784 968 1829 40.,
997 1783 1202 1833 ignemque
1231 1783 1484 1833 concipiebat

38 1843 210 1887 attritu,
246 1843 468 1892 excipiente
498 1843 671 1878 materia
699 1853 749 1877 αι·
753 1842 811 1878 idi
826 1839 1004 1886 fomitis.
1045 1837 1300 1888 Theophrast.
1319 1838 1365 1875 de
1387 1839 1480 1889 Igne

38 1909 75 1946 1)-
96 1898 202 1938 428·
236 1896 303 1936 καὶ
325 1894 378 1936 τὰ
400 1902 546 1949 πυρεῖα
577 1899 628 1950 τῇ
652 1895 789 1948 τρίψει
818 1893 864 1934 τὸ
898 1892 999 1934 αὐτὸ
1023 1896 1146 1933 τοῦτο
1175 1898 1286 1933 ποιεῖ
1309 1893 1376 1932 καὶ
1396 1899 1481 1941 τοῖς

39 1949 189 2001 ξύλοις.
228 1951 386 1990 Lucian.
412 1953 442 1992 Ι.
463 1952 513 1990 H.
542 1952 630 1989 Ver.
659 1965 692 1991 c.
717 1953 789 1992 32.
829 1966 882 1990 τα
912 1953 1057 2003 πυρεῖα
1087 1949 1387 2003 συντρίψαιτες
1414 1950 1483 1989 καὶ

39 2003 346 2055 ἅνακαυσαντες
376 2009 539 2048 δεῖπνον
569 2003 837 2059 ε’ποιουμεθα.
869 2007 986 2044 Plura
1014 2006 1059 2043 de
1081 2004 1154 2042 hoc
1177 2019 1317 2057 genere
1338 2006 1386 2044 Is.
1409 2005 1482 2043 Ca-

41 2066 147 2102 saub.
170 2065 272 2102 Lect.
296 2064 458 2102 Theocr.
478 2078 509 2102 c.
531 2067 607 2105 20.
639 2063 694 2101 Cl.
715 2063 877 2101 Salmas.
896 2066 938 2100 in
959 2061 1082 2099 Solin.
1106 2074 1141 2110 p.
1168 2064 1270 2102 126.
1303 2068 1341 2098 et
1361 2061 1482 2098 Stan-

41 2122 170 2159 leius
159 2134 200 2159 ιιι
218 2121 395 2172 Aesehyl.
407 2120 600 2160 Prometh.
621 2135 659 2159 v.
677 2121 778 2160 109.
807 2119 850 2156 Id
869 2132 988 2169 paene
1006 2121 1346 2167 praetermiseram,
1358 2117 1482 2155 Hera-

41 2177 179 2215 clidem
207 2177 375 2228 Allegor.
405 2176 560 2215 Homer.
591 2189 626 2225 p.
647 2177 754 2217 448.
785 2178 902 2227 igniS‚
942 2188 1027 2212 cum
1045 2174 1264 2211 hominibus
1283 2188 1306 2211 a
1325 2173 1482 2211 Prome-

41 2232 130 2270 theo
159 2235 437 2281 conmunioeti,
473 2234 702 2284 mysterium
727 2234 846 2271 multo
875 2233 986 2268 aliter
1015 2243 1229 2279 exponere,
1261 2237 1299 2266 et
1327 2231 1481 2279 specula

43 2288 210 2336 ahenea,
247 2290 382 2338 quibus
403 2297 536 2327 contra
557 2291 673 2327 solem
694 2289 832 2338 positis
852 2288 979 2324 radios
999 2288 1219 2337 colligeret,
1245 2285 1481 2332 adhibuisse,

42 2345 214 2382 tradere:
239 2346 320 2395 χαλ
311 2350 409 2392 κοῖς
428 2359 533 2385 τισιν
553 2341 740 2397 ὀργάνοις
762 2341 1150 2393 κατεσκευασμένοις
1170 2341 1263 2395 ειρελ
1268 2337 1482 2380 κύσασθαι

43 2398 142 2447 τοὺς
173 2398 252 2440 ἀπὸ
283 2403 366 2440 τῶν
393 2397 612 2471 μετεώρων
641 2414 892 2468 φεροιιενους
923 2413 1016 2438 σπιν
1010 2400 1158 2451 θῆρας
1186 2412 1291 2436 κατα
1319 2395 1394 2443 τὰς
1411 2412 1484 2447 με-

45 2456 254 2509 σηιιβριάς
276 2455 438 2496 εναντιά
458 2460 515 2511 τῷ
539 2453 640 2511 ἡλίῳ
655 2472 707 2496 τα
729 2454 802 2507 ὄργ
806 2471 854 2493 αν
859 2471 884 2493 α
898 2453 1080 2493 τιθέντα.
1107 2454 1207 2503 quod
1219 2454 1371 2504 quidem
1391 2465 1483 2490 cou-

44 2520 215 2553 mentum
234 2512 368 2550 Nostri
390 2483 645 2562 explicatione
664 2514 784 2549 multo
807 2512 999 2548 difficilius
1019 2517 1089 2547 est.
1126 2510 1260 2546 Wnss.

160 2569 264 2609 384
288 2571 328 2608 7.
347 2567 397 2608 Ἀ
418 2584 520 2615 τινες
546 2567 619 2608 τὸν
636 2565 790 2621 Ερμῆν
819 2581 946 2619 φασιν
977 2562 1305 2618 εἰσηγήσασθαι]
1333 2564 1417 2602 Vid
1437 2563 1480 2601 L.

45 2625 76 2664 l.
99 2627 140 2666 6.
170 2633 208 2662 et
235 2625 280 2661 de
309 2624 559 2674 Mnemosyne
580 2638 659 2661 non
689 2625 890 2661 dissimilia
920 2623 980 2660 his
999 2622 1163 2660 Diodori
1185 2627 1384 2659 canentem
1407 2620 1480 2657 Or-

46 2681 185 2734 pheum
204 2679 347 2731 Hymn.
376 2681 555 2718 LXXVI.
585 2681 718 2717 VVESS.

160 2738 263 2778 384-
299 2738 367 2778 14.
421 2733 643 2789 Θεσμοφυλ
649 2751 752 2782 ακας
783 2735 849 2774 καὶ
882 2731 1179 2785 θεσμοθέτας]
1226 2732 1357 2769 Veteri
1386 2744 1481 2769 aevo

49 2791 170 2887 siff
201 2800 250 2888 et1
266 2790 426 2845 θεσμὸς
454 2793 733 2844 significatione
758 2792 859 2831 haud
880 2792 1041 2831 multum
1063 2790 1280 2885 distnggnss
1309 2791 1413 2835 sive,
1441 2794 1484 2825 ut

142 2860 203 2889 οι..
251 2877 261 2887 .
297 2884 299 2887 .
681 2877 684 2882 .
