1828 3253
238 90 329 129 388
695 59 1219 125 ANNOTATmNEss

241 206 298 237 est
316 197 455 234 Poetae
473 191 583 230 Iliad.
610 191 664 242 Φ,
695 194 798 234 152.
829 194 943 245 longe
964 193 1041 231 alio
1063 198 1168 242 patre
1193 198 1309 230 satus.
1358 189 1417 230 De
1438 205 1483 230 eo
1501 191 1678 230 Eustath.

244 270 278 305 ι»,
312 256 446 295 1228.
498 249 632 286 Wssss.

355 310 459 348 316.
482 307 555 345 43.
580 301 831 355 Ἀπηνέχθη
855 301 958 354 πρὸς
977 306 1125 344 τοῦτον
1144 301 1217 343 τὸν
1237 300 1387 350 τόπον,
1427 295 1475 343 οὗ
1495 305 1568 342 νῦν
1589 306 1679 350 etc.]

242 368 385 406 Eadem
406 364 451 400 de
465 362 609 411 Sinope
630 368 667 398 et
687 360 789 411 Syro
809 362 891 397 eius
910 362 991 398 filio
1013 361 1144 398 Schol.
1164 360 1342 411 Apollon.
1365 359 1440 399 Rh.
1458 360 1502 396 11.
1519 361 1624 400 949.
1644 367 1682 396 ct

243 425 345 462 Plut.
376 421 536 458 Lucullo
562 430 597 466 p.
623 418 725 457 507.
768 417 899 454 WEss.

355 479 460 517 316.
479 476 553 514 47.
586 471 674 525 Τὴν
694 470 760 512 ἀπ’
785 472 934 525 ἐκείνης
953 470 1171 527 Κέρκυραν
1191 469 1534 525 ὀνομασθεῖσαν]
1565 471 1684 522 Apol-

245 536 374 574 lonius
398 532 459 570 lv.
486 532 588 571 567-

344 588 482 629 ’Ένθα
503 579 749 626 Ποσειδάων
764 580 974 624 Ἀσωπίδα
995 579 1178 624 νάσσατο
1199 580 1352 638 κούρην

353 642 561 693 Ἠΰκομον
582 639 824 693 Κέρκυραν,
855 636 949 686 ἑκὰς
975 640 1242 687 Φλιουντίδος
1263 639 1368 692 αἴης,

350 696 559 751 Ἀρι-τάξας
579 692 644 735 ὑπ)
671 694 800 750 ἔρωτι·
836 694 1125 749 μελαινομένηι
1151 695 1198 736 δέ
1211 713 1283 748 μιν
1303 695 1449 751 ἄνδρες

359 754 562 796 Numam
590 759 664 790 etc.

247 827 404 866 prorsus
438 826 460 848 a
486 809 682 855 Diodoro,
725 810 878 856 quicum
906 814 1010 845 stant
1027 807 1205 845 Eustath.
1235 811 1277 846 in
1300 807 1455 846 Homer.
1486 822 1521 858 p.
1547 807 1683 848 1521.

249 880 287 909 et
307 869 445 907 Critici
465 869 506 903 in
527 866 703 915 Apollon.
731 864 792 901 lv.
810 866 932 911 982„
956 865 1201 911 dissentiens,
1229 877 1273 901 ac
1299 863 1505 915 Corcyram
1524 865 1686 915 Nigr-am

249 929 468 977 designans.
507 918 753 972 Κόρκυραν,
785 928 827 958 ut
845 920 930 957 Vat.
960 927 996 957 et
1017 919 1132 957 Coisl.
1163 922 1329 957 insulam
1363 934 1512 971 quoquc
1543 926 1686 957 vocant

250 985 414 1020 I'ausan.
437 979 483 1016 11.
512 979 551 1017 5.
577 977 622 1014 V.
642 979 715 1016 22.
749 975 896 1014 Aelian.
919 976 965 1016 V.
986 976 1036 1013 H.
1057 977 1101 1013 A.
1125 976 1195 1017 56.
1228 975 1361 1013 Conon
1380 977 1493 1014 Narr.
1513 976 1580 1013 Ill.
1605 976 1687 1013 Eu-

251 1039 364 1078 stath.
390 1040 431 1074 in
450 1035 613 1084 Dionys.
635 1033 783 1084 Perieg.
807 1047 846 1072 v,
870 1034 977 1072 494.
997 1040 1109 1083 atque
1130 1035 1208 1070 alii.
1236 1033 1374 1070 WEss.

364 1094 468 1134 316.
493 1091 564 1130 54.
594 1087 778 1142 Κεγχρέα
798 1087 1034 1141 ἐγέννησεν]
1070 1087 1232 1140 Κυχρέα
1254 1090 1449 1137 adpellant
1470 1088 1690 1138 Apollodor.

251 1151 317 1190 111.
339 1153 359 1191 1
374 1152 410 1191 l.
433 1151 472 1188 7.
500 1147 663 1184 Pausan.
684 1145 713 1182 I.
733 1147 806 1185 26.
842 1144 980 1182 Strabo
1000 1144 1071 1184 IX.
1095 1158 1130 1193 p.
1153 1146 1257 1185 603.
1283 1145 1475 1182 Plutarch.
1502 1145 1618 1181 Thes.
1652 1158 1688 1193 p.

254 1209 294 1247 5.
317 1208 361 1244 A.
382 1213 419 1242 et
432 1204 566 1242 Solon.
592 1203 677 1249 83„
699 1202 764 1238 ubi
784 1201 933 1253 Κιχρεΐ
946 1209 1084 1249 tamen,
1109 1201 1292 1249 Stephan.
1312 1205 1351 1238 in
1374 1202 1584 1252 Κυχρεΐος.
1609 1202 1692 1238 for-

250 1272 352 1301 tasse
371 1263 527 1307 rectius,
541 1260 620 1295 nisi
640 1261 673 1295 si
692 1258 733 1294 in
752 1256 891 1294 Hcrois
911 1260 1063 1295 nomine
1083 1258 1285 1294 scribendo
1305 1261 1506 1295 variarint.
1524 1256 1689 1293 Tzetzes

251 1327 355 1359 certe
374 1322 416 1356 in
437 1314 680 1366 Lycophron.
706 1327 743 1351 v.
759 1315 862 1354 175.
879 1328 913 1363 p.
931 1316 1003 1353 24.
1033 1312 1216 1366 Κεγχρέα
1236 1317 1393 1352 vocitat.
1420 1314 1517 1350 Vide
1538 1313 1689 1350 P.Bur-

248 1389 348 1414 man.
368 1377 410 1412 in
432 1372 613 1421 Catalogo
637 1371 780 1421 Argon.
800 1372 859 1407 uti
878 1371 924 1406 de
944 1370 1119 1417 Ancaeo,
1149 1377 1188 1406 et
1210 1370 1254 1406 de
1275 1377 1464 1420 serpente,
1493 1382 1605 1418 quem
1623 1370 1690 1407 ob-

251 1432 469 1476 truncavit,
497 1427 537 1464 S.
556 1426 786 1463 Bochartum
816 1427 843 1463 l.
867 1426 975 1463 Phal.
1004 1440 1036 1462 c.
1059 1428 1134 1466 21.
1168 1426 1302 1463 WVESS.

365 1487 470 1526 316.
494 1485 566 1524 63.
595 1481 661 1530 Ἐξ
690 1480 817 1533 ἄλλης
845 1480 890 1521 de*
911 1480 1070 1535 μητρὸς
1089 1481 1379 1534 γεγενημένον]
1417 1481 1628 1519 Psamatbe
1649 1483 1691 1519 in

251 1543 411 1583 Pindari
431 1541 477 1577 Ο.
499 1541 543 1577 V.
558 1540 631 1579 23.
651 1538 834 1576 Nemeon.
860 1537 1020 1576 Caedem
1039 1545 1166 1575 autem
1179 1538 1297 1575 Phoci
1309 1538 1445 1575 Peleus
1456 1539 1692 1588 perpetravit

252 1601 442 1644 consulto,
459 1604 502 1633 ut
514 1597 662 1646 pellicis
677 1597 885 1644 potentiam
898 1603 1079 1647 gravatae
1100 1597 1213 1632 matri
1231 1595 1524 1645 gratificaretur,
1543 1596 1577 1631 si
1599 1607 1693 1631 vera

251 1656 466 1707 produntur
487 1666 508 1689 a
528 1652 718 1689 Pausania
738 1650 784 1687 11.
805 1653 882 1691 29.
903 1665 939 1702 p.
966 1653 1095 1699 179.;
1125 1659 1240 1702 negat
1260 1653 1385 1699 enim,
1429 1652 1544 1688 sicuti
1559 1657 1692 1689 auctor

254 1719 399 1757 noster,
428 1709 655 1758 Apollonius
678 1706 706 1744 Ι.
728 1709 801 1746 92.

371 1788 419 1794 —-
443 1762 511 1804 ὅτε
539 1766 688 1803 Φῶκον
709 1760 910 1817 ἀδελφεὸν
940 1759 1171 1817 ἐξενάριξαν

359 1819 593 1875 Ἀᾳτραδι’ῃ.
623 1816 825 1870 Τελαμὼν
843 1818 919 1870 μὲν
938 1819 980 1859 ἓν
995 1817 1173 1860 Ἀτθίὸί
1193 1815 1376 1859 νάσσατο
1397 1814 1523 1875 νήσῳ.

364 1874 532 1929 Πηλεὺς
557 1875 600 1915 δὲ
628 1875 746 1929 Φθίῃ
769 1873 823 1914 ἔνι
843 1872 1018 1926 δώματα
1039 1882 1125 1916 ναῖε
1149 1875 1347 1922 λιασθείς.

253 1937 337 1980 Quo
368 1941 502 1984 poetae
532 1934 638 1979 loco,
667 1939 710 1968 ut
731 1932 855 1969 obiter
876 1933 915 1968 id
940 1933 1101 1980 addam,
1130 1935 1260 1970 malim
1279 1946 1364 1969 cum
1386 1931 1548 1969 Pindari
1567 1929 1695 1967 Scho-

250 1995 362 2029 liaste
383 1993 408 2029 l.
433 2004 464 2027 c.
494 1985 662 2039 Πηλεὺς
693 1984 734 2026 δ’
771 1986 812 2026 ἓν
845 1987 962 2042 Φθίῃ
991 1984 1209 2043 ἐριβώλακι
1236 1992 1323 2027 ναῖε
1345 1986 1544 2033 λιασθείς.
1572 1988 1694 2024 multo

254 2051 356 2085 enim
385 2047 425 2084 id
452 2046 693 2083 concinnius.
730 2043 865 2081 wass.

368 2104 473 2142 316.
500 2103 574 2141 67.
612 2097 829 2146 ”Α7ταιὸὀς
860 2096 979 2147 ὄντος
1007 2102 1082 2140 τοῦ
1101 2095 1347 2153 ”Ακτορος]
1401 2098 1478 2137 Sed
1507 2098 1695 2147 quomodo

254 2162 336 2197 sine
373 2159 507 2195 liberis
535 2157 631 2194 dicit
657 2157 777 2193 fuisse
805 2170 889 2193 eum
910 2157 1071 2203 Actora,
1098 2159 1164 2206 qui
1186 2156 1370 2193 Menoetii
1391 2163 1498 2204 pater
1517 2157 1614 2202 fuit,
1644 2166 1694 2191 ex

253 2229 327 2266 quo
350 2211 574 2251 Patroclus?
615 2210 745 2250 Solvit
764 2213 919 2250 dubium
939 2213 1097 2250 Pindari
1114 2213 1349 2250 scholiastes
1377 2212 1426 2248 ad
1447 2212 1600 2262 Olymp.
1623 2209 1694 2247 lX.

254 2273 321 2309 Ait
351 2272 453 2308 enim
485 2269 672 2320 Aeginam
692 2276 777 2317 post
800 2276 932 2307 natum
961 2269 1127 2307 Aeacum
1152 2271 1326 2318 nupsisse
1360 2268 1513 2314 Actori,
1550 2280 1598 2304 ex
1620 2279 1694 2315 quo

254 2328 388 2365 habuit
407 2325 653 2372 Menoetium,
677 2327 742 2374 qui
762 2325 953 2374 Opuntem
973 2326 1158 2372 condidit,
1184 2327 1320 2361 relicta
1340 2324 1555 2363 Thessalia.
1600 2322 1694 2360 Sine

256 2385 386 2421 liberis
406 2385 526 2433 igitur
545 2391 626 2417 erat
647 2380 777 2428 Actor,
807 2395 851 2419 eo
874 2383 974 2431 quod
994 2395 1016 2419 a
1033 2381 1225 2419 Menoetio
1249 2381 1456 2417 derelictus
1479 2381 1626 2426 fuerat,
1656 2385 1695 2415 et

255 2441 342 2477 ideo
363 2441 496 2475 uxoris
518 2443 693 2486 nepotem
712 2437 910 2485 adoptasse
921 2439 1086 2475 Peleum.
1117 2438 1245 2474 PALM.
1276 2436 1334 2473 Ea
1353 2440 1385 2474 si
1408 2438 1696 2486 proposuissent

257 2495 392 2533 Critici
422 2500 572 2532 veteres
595 2493 641 2529 ad
662 2493 893 2541 Pindarum,
932 2508 1026 2544 quae
1049 2496 1294 2531 conclusione
1314 2494 1476 2541 quadam
1496 2505 1544 2528 ex
1565 2505 1696 2528 eorum

256 2552 385 2590 verbis
406 2551 572 2588 confecit
590 2549 824 2596 Palmerius,
856 2552 962 2589 salva
982 2564 1044 2587 res
1063 2551 1182 2587 foret:
1232 2549 1298 2585 sed
1318 2549 1415 2586 nihil
1435 2550 1493 2585 illi
1514 2548 1559 2583 de
1581 2548 1695 2584 Peleo

257 2609 304 2645 ab
335 2607 474 2644 Actore
504 2605 662 2642 adscito.
694 2605 896 2643 Praeterea
916 2607 964 2644 ad
983 2607 1248 2656 Eurytionem,
1281 2617 1391 2652 quem
1411 2617 1460 2640 ex
1479 2603 1696 2652 Pherecyde

257 2664 449 2713 Eurytum
471 2661 634 2698 Tzetzes
655 2669 850 2711 nuncupat
867 2665 907 2699 in
929 2662 1169 2713 Lycophron.
1189 2676 1225 2699 v.
1250 2663 1366 2708 175„
1395 2660 1545 2697 Actoris
1562 2659 1697 2705 filium,

258 2721 393 2757 Peleus
413 2717 588 2756 Phthiam
609 2719 731 2766 venit,
757 2720 911 2771 eiusque
932 2720 1012 2757 filia
1031 2719 1147 2756 ducta
1169 2720 1280 2770 regni
1301 2729 1458 2755 consors
1481 2721 1539 2752 est
1561 2715 1697 2761 factus,
