1828 3253
271 73 362 112 386
731 63 1252 115 ANNoTAT10NEs

273 180 552 233 congerebant,
583 177 690 215 Gisb.
710 176 843 228 Cuper.
866 177 892 215 1.
915 178 1082 218 Observ.
1104 191 1138 218 c.
1163 179 1237 219 20.
1268 185 1306 216 et
1326 178 1399 217 Iac.
1419 178 1595 218 Perizon.
1618 179 1714 218 Dis-

277 247 366 276 sert.
388 236 522 274 Triad.
546 247 582 282 p.
610 237 709 274 112.
747 235 880 271 WVEss.

389 293 493 332 314.
519 292 590 330 59.
624 288 711 336 Τὰς
735 291 887 337 ἵππους
907 287 996 329 ἀντὶ
1019 285 1177 329 τούτων
1204 285 1463 343 ἦνεχῦρωσε]
1491 287 1716 344 ’[-Ινεχῦρα-

278 364 346 390 σεν
367 348 570 400 legendum
589 347 753 384 videtur.
773 347 913 383 Utrum
934 360 1025 384 vcro
1047 344 1120 392 τὰς
1142 359 1191 382 an
1213 344 1309 392 τοὺς
1325 346 1478 392 ἵππους
1497 349 1615 398 legaS,
1626 348 1717 396 quid

279 404 422 444 refert?
462 403 598 440 Rnon.
635 400 936 457 Ὴνεχίιραοεν]
975 401 1086 440 Conf.
1116 402 1257 439 Ezech.
1287 402 1431 452 Spanh.
1458 405 1500 440 in
1522 403 1716 452 Aristoph.

281 463 381 500 Plut.
402 475 439 498 v.
460 462 567 500 451.
596 459 731 498 wass.

394 517 499 557 314
531 516 604 557 63.
636 513 816 567 Μηδένα
849 509 1056 553 ὁὺιασθαι
1087 516 1273 564 καθᾶοαι
1304 511 1377 554 τὸν
1406 509 1566 568 ([όνον]
1605 514 1720 552 Haud

281 576 377 612 male
398 569 629 636 βούλεσθαι
651 571 746 608 Mut.
770 578 807 608 et
828 570 1471 619 Clar:,Schol.Ap0110n.111.62.
1501 571 1567 610 καὶ
1588 569 1722 617 οὖὸεὶς

282 627 409 669 αὐτὸν
432 626 536 681 ἤθε)
541 644 581 667 εν
605 623 767 680 ἁγνισαι
788 642 879 666 ουτε
909 630 1021 666 θεῶν
1045 624 1137 666 ου’τε
1167 623 1416 679 ἀνθρωπων.
1454 629 1617 681 ποῶτος
1643 625 1722 680 7129

281 682 481 740 ἔμφ-υλιον
512 682 646 737 ἄνδρα
675 681 916 723 ἀπέκτεινεν.
948 683 1052 721 Hinc
1083 684 1335 733 explicandus
1365 683 1545 735 Aeschyl.
1564 683 1725 722 Eumen.

283 757 322 782 v
350 743 454 782 721.

443 793 506 836 Ἢ
530 794 598 834 καὶ
627 789 764 862 πατήρ
795 809 832 834 τι
864 791 1089 848 σφάλλεται
1110 790 1422 846 βουλευμάτωι,

451 847 708 904 Πρωτοκτοι
711 865 789 890 οισι
819 856 1101 903 προστροπαῖς
1120 851 1310 899 Τξιονοςς

285 909 392 948 Adde
412 921 513 946 νει-ε.
535 909 642 947 444.
665 914 703 944 et
721 906 1223 947 Schol.Pind.O.11.4O
1245 907 1427 957 Pythion.
1457 906 1594 946 Wnss.

352 966 369 967 *⁷
400 965 505 1005 314.
533 966 604 1004 72.
643 961 755 1010 Τους
783 962 826 1002 δὲ
855 960 1119 1017 Κενταύρους
1148 966 1251 1009 etc.]
1281 962 1464 1001 Fabulam
1487 965 1728 1015 elegantissi-

286 1024 359 1060 mis
379 1021 555 1058 versibus
577 1023 736 1069 exponit
755 1019 945 1058 Pindarus
966 1019 1079 1070 Pyth.
1102 1019 1149 1057 O.
1171 1020 1218 1057 II.
1243 1022 1315 1061 82.
1340 1027 1378 1057 et
1395 1023 1477 1058 eius
1499 1023 1726 1070 interpretes

290 1077 430 1115 Graeci
451 1090 536 1114 eum
555 1076 788 1124 Palaephato
808 1076 858 1115 H.
882 1076 909 1113 Ι.
930 1090 962 1114 c.
989 1079 1026 1117 l.
1061 1076 1199 1113 W'Ess.

402 1134 506 1173 315.
543 1134 614 1172 83.
647 1127 940 1183 Ἱπποδάμειαν
972 1134 1046 1172 τοῦ
1079 1128 1267 1184 Βύστου]
1310 1131 1412 1184 Lege
1441 1128 1516 1183 τὴν
1550 1127 1727 1171 Βούτου.

290 1189 436 1227 Auctor
465 1190 637 1226 brevium
659 1187 900 1227 scholiorum
930 1189 976 1227 ad
1002 1188 1211 1226 Homerum
1231 1188 1338 1225 Iliad.
1363 1189 1422 1235 A,
1451 1189 1559 1228 263.
1594 1188 1726 1225 Genus

291 1247 338 1284 ab
358 1259 402 1282 eo
412 1244 511 1282 Buto
532 1246 607 1282 fuit
626 1247 810 1295 inclytum
823 1245 984 1282 Athenis
1006 1241 1229 1284 Βουτάόαι.
1251 1244 1380 1281 PALM.
1407 1244 1537 1281 Laudo
1550 1244 1728 1293 Palmen,

289 1302 408 1339 Butae
427 1301 546 1338 filiam
567 1300 790 1338 scholiastes
809 1300 1102 1350 Hippodamiam
1116 1328 1128 1348 ,
1155 1313 1250 1349 quae
1272 1302 1373 1338 Plut.
1392 1300 1510 1339 Thes.
1531 1314 1566 1350 p.
1596 1302 1665 1341 14.
1685 1300 1729 1339 C.

290 1357 491 1396 Deidamia
512 1370 589 1394 non
610 1359 691 1394 sine
709 1358 873 1406 quodam
892 1371 1034 1404 errore,
1060 1359 1264 1394 manifesto
1284 1357 1474 1405 perhibet:
1501 1369 1728 1407 quamquam

290 1417 368 1452 alio
388 1416 473 1451 loco
497 1413 637 1463 Odyss.
664 1414 726 1461 Φ,
757 1415 864 1454 295.
900 1422 1005 1464 patre
1028 1414 1226 1460 Adrasto,
1267 1426 1334 1450 seu
1352 1415 1478 1462 potius
1498 1413 1658 1460 Ati-ace,
1685 1421 1729 1451 ut

290 1470 447 1508 Barnes.
467 1471 648 1520 corrigit,
686 1478 816 1508 natam
837 1470 1034 1509 adfirmat:
1077 1484 1163 1508 eum
1191 1469 1280 1507 vide
1309 1476 1346 1506 et
1366 1469 1503 1506 Thom.
1523 1469 1726 1510 Muncker.

290 1527 438 1578 Hygin.
457 1524 498 1562 F.
520 1525 714 1563 XXXIII.
743 1527 793 1564 W
800 1538 884 1563 Ess.

404 1582 510 1622 315.
542 1583 616 1621 90.
659 1578 1008 1636 Στρατευσάντων
1040 1579 1103 1621 ε’πι
1132 1579 1230 1629 τοὺς
1253 1580 1377 1621 Λαπ.
1390 1609 1402 1628 ,
1441 1597 1509 1620 και
1548 1579 1731 1629 πολλοὺς

291 1634 547 1690 ἀνελόντων]
594 1638 718 1677 Locus
740 1653 897 1677 mancus
920 1646 999 1686 est,
1028 1646 1066 1676 et
1087 1639 1193 1676 deest
1213 1639 1357 1689 aliquid
1382 1646 1468 1688 post
1488 1635 1727 1678 ἀνελόντων.

290 1695 390 1733 Nam
409 1693 615 1743 Centauri,
645 1709 723 1732 non
756 1695 961 1746 Lapithae,
994 1695 1167 1732 Pholoen
1185 1696 1430 1760 aufugerunt.
1472 1694 1634 1732 Videtur
1653 1698 1728 1733 tale

293 1752 384 1802 quid
402 1751 554 1787 deesse.
580 1749 697 1798 τελος
727 1752 771 1791 ὸὲ
799 1748 956 1805 μεγάλῃ
983 1747 1097 1805 μάχῃ
1122 1750 1375 1803 νικηθέντων
1397 1767 1476 1790 vno
1509 1752 1728 1790 Λαπιθῶν

291 1822 390 1854 ’τους
409 1802 514 1845 vno)
519 1806 662 1859 ειφθέν
665 1823 739 1855 τας
759 1815 829 1845 etc.
863 1808 994 1847 PALM.
1028 1806 1147 1845 Recte
1169 1808 1443 1845 animadvertit
1463 1809 1524 1844 vir
1551 1808 1728 1845 doctissi-

292 1877 378 1901 mus
415 1876 589 1900 mancam
617 1863 722 1901 hiare
752 1867 976 1902 orationem.
1033 1863 1135 1901 Audi
1153 1863 1282 1901 Schol.
1301 1864 1460 1901 Pindari
1481 1863 1594 1914 Pyth.
1613 1864 1658 1901 O.
1678 1864 1726 1902 II

294 1922 367 1961 82.
389 1920 553 1958 πολλων
573 1918 617 1958 δὲ
632 1918 938 1987 ἀναιρεθέντων
958 1919 1000 1959 ἐκ
1020 1923 1103 1959 τῶν
1096 1915 1376 1971 Κενταύρων,
1391 1917 1430 1958 οἶ
1449 1921 1562 1971 πεοιλ
1567 1919 1730 1973 asp-3511-

291 1991 358 2022 τες
377 1975 432 2021 εἷς
454 1990 529 2026 την
554 1971 697 2027 Φλόην
719 1973 971 2029 (Φολόην)’
950 1974 1170 2029 απέμρυγον
1193 1975 1302 2012 Caesi
1322 1989 1412 2026 ergo
1431 1974 1611 2013 Centauri
1626 1984 1729 2024 sunt,

295 2039 334 2069 et
352 2033 486 2082 fugere
506 2034 546 2068 in
570 2031 742 2070 Pholoen
760 2047 785 2071 v
789 2046 895 2070 ersus
909 2034 1046 2070 adacti.
1070 2032 1263 2069 Medicina
1282 2038 1421 2078 tamen,
1435 2044 1546 2081 quam
1565 2034 1650 2069 loco
1669 2034 1727 2070 fa-

294 2091 360 2134 cit,
388 2089 506 2125 nimia
525 2090 661 2125 merito
685 2096 875 2126 censetur⁷
926 2089 1023 2126 Vide
1051 2090 1227 2125 leniusne
1248 2089 1367 2125 multo
1385 2089 1556 2125 futurum
1578 2091 1642 2136 sit,
1672 2088 1728 2128 ὡν

294 2141 472 2189 πολλοὺς
493 2141 630 2183 αὐτῶν
649 2141 898 2193 ἀνελόντων,
925 2147 1005 2196 qui,
1027 2144 1224 2194 Lapithae,
1253 2159 1337 2182 cum
1352 2146 1491 2195 plures
1510 2157 1643 2182 eorum
1664 2145 1728 2182 ob-

295 2206 560 2246 truncassent,
588 2213 685 2250 quos
701 2201 881 2248 fortuna
901 2209 971 2239 etc.
1019 2200 1097 2238 Sed
1120 2201 1191 2238 hoe
1210 2202 1386 2238 divinare
1407 2209 1444 2238 et
1466 2203 1580 2252 longe
1601 2205 1728 2240 incer-

293 2259 483 2294 tissimum
506 2262 575 2292 est.
606 2256 700 2295 Loci
719 2261 910 2295 sententia
928 2264 1090 2305 constat,
1116 2270 1194 2294 non
1216 2259 1417 2307 scriptura.
1454 2257 1589 2297 Wess.

407 2313 512 2352 315·
535 2313 608 2352 92·
639 2311 765 2360 Τινὰς
785 2314 828 2354 δὲ
850 2314 905 2361 εἰς
924 2313 1103 2354 ΖΙῙαλεάν
1120 2310 1363 2359 ἐκπεσόντας
1382 2311 1484 2366 αα]
1516 2313 1599 2351 Hoc
1620 2326 1729 2362 prae-

296 2375 371 2406 stat
393 2369 441 2405 ob
466 2381 522 2415 ea,
551 2380 645 2416 quae
668 2371 900 2419 praecedunt
920 2378 957 2408 et
975 2372 1148 2421 proxime
1168 2377 1465 2419 consequuntui.
1498 2369 1729 2407 801101.Ηο-

294 2426 390 2462 meri
412 2424 518 2461 Iliad·
540 2425 598 2470 Α,
626 2427 732 2466 263.
767 2424 869 2466 ὅθεν
903 2443 941 2467 οι
970 2426 1173 2465 Λαπιθαι
1204 2422 1413 2478 συστάὸνν
1438 2424 1730 2476 μαχεσάμενοι,

293 2476 511 2520 ὁιωκουσιν
531 2477 681 2528 αὐτοὺς
700 2482 755 2529 εἰς
774 2479 949 2523 Ζῌάλεον
973 2482 1077 2536 (lege
1088 2480 1319 2535 Μαλεαι)
1307 2480 1404 2535 όρος
1424 2497 1498 2534 της
1516 2483 1730 2521 Hamm-

293 2533 434 2589 vr'oov.
464 2536 514 2572 W
518 2546 598 2572 uss.

409 2593 496 2634 31
477 2604 513 2633 θα
538 2594 611 2633 99.
641 2591 725 2633 Και
747 2595 1010 2646 Κορωνίδος]
1035 2594 1192 2632 Eusebii
1217 2593 1457 2644 Φορωνίδος
1479 2606 1636 2641 pravum
1657 2600 1728 2638 est,

293 2657 406 2699 atque
425 2664 447 2688 a
470 2650 512 2687 P.
534 2650 718 2699 Leopard;
741 2651 788 2688 II.
820 2653 980 2690 Emend.
998 2665 1030 2689 c.
1053 2653 1094 2692 9.
1114 2654 1379 2700 proscriptum.
1415 2650 1607 2686 Diodorus
1638 2651 1726 2686 infr.

291 2706 335 2746 L.
359 2707 404 2744 V.
428 2708 514 2754 75.‚
546 2710 620 2745 etsi
649 2709 715 2745 alii
742 2709 857 2748 aliam
874 2709 1101 2759 Aesculapio
1127 2715 1288 2747 matrem
1309 2707 1481 2744 tribuant
1507 2705 1606 2755 apud
1626 2705 1724 2743 Pau-
