1828 3253
477 159 540 199 ΙΝ
571 158 681 198 LIB.
712 159 741 197 1.
781 158 911 199 CAP.
951 162 1023 201 82.
1064 162 1136 201 83.
1448 166 1534 207 131

85 274 182 312 Gen.
210 286 246 323 Ρ.
273 274 377 314 593.
411 273 453 312 Β
480 273 525 310 de
555 275 662 323 equis
692 269 820 319 εὐθὺς
849 269 929 313 απὸ
963 274 1110 338 σιγμοῦ
1142 275 1216 315 τοῦ
1247 271 1464 327 τυχόντος,
1495 274 1522 330 ἢ

82 347 222 370 ποππτ·
228 333 318 370 σιιῶ
339 327 385 370 τὸ
410 344 722 380 ποοσταττομεπ
725 344 771 368 ον
793 324 1093 380 αἰσθανόμενοι
1117 332 1192 378 ait,
1222 337 1260 368 et
1284 333 1315 369 V
1318 333 1384 370 III.
1407 333 1522 384 Sym-

82 400 163 437 pos.
188 388 227 426 3.
247 401 280 436 Ρ.
303 389 407 426 722.
429 386 473 423 A.
511 385 631 434 σι’ζειν
666 384 733 423 καὶ
762 390 928 438 ψοᾳεῖι.
961 392 998 421 et
1017 385 1107 422 dein
1128 383 1201 425 τὸν
1230 384 1435 438 σωμάτων
1458 403 1522 429 σι-

81 458 185 495 7μον
204 443 329 489 habet,
356 453 562 490 vocemque
587 444 738 492 egregie
755 441 892 478 firmat.
920 441 1023 478 Hinc
1045 437 1267 490 ποππύζειν
1288 447 1442 482 transiit
1472 447 1521 483 ad

82 500 287 536 blanditias
318 470 545 545 ⁷verborum,
583 498 720 546 quibus
743 496 914 535 homines
936 499 1202 534 conciliantur.
1245 500 1423 537 Aeschin.
1446 501 1520 539 So-

82 562 174 592 crat.
195 554 294 591 Dial.
318 553 382 590 III.
408 557 476 594 12
506 553 567 600 τίς
588 552 665 606 γὰρ
690 551 739 592 ἂν
749 549 1066 620 εὐδαιμονίσειε
1085 551 1190 606 πρὸς
1211 551 1281 604 ἶίχ)
1288 571 1333 594 ον
1354 556 1433 596 ζῶν
1442 585 1453 604 ,
1486 558 1521 597 εἰ

80 609 360 662 ποππυσθείϊ]
364 610 432 648 καὶ
456 610 679 663 κροτηθειί]
711 605 843 661 δήμου
866 625 1064 662 natyvtov,
1096 607 1412 661 ἕκβαλὴῖῃιιειόι,
1444 628 1520 652 συ-

80 663 268 719 ριττόμεν
271 680 329 704 ον.
370 669 425 703 sic
443 669 657 716 posteriora
676 668 762 716 lego
785 679 833 703 ex
855 666 1043 704 Stobaeo:
1094 672 1184 703 sunt
1211 669 1313 705 enim
1333 670 1519 707 translata

79 723 124 759 de
145 722 417 770 histrionibus3
462 726 527 771 qui
546 725 646 759 stare
668 736 752 760 cum
773 736 849 760 non
869 729 1050 771 possunt,
1091 723 1298 760 eiiciantur
1318 731 1356 761 et
1374 726 1519 762 exsibi-

75 780 215 816 lantur.
255 778 306 815 Et
336 775 584 830 ποππυσμὸς
611 778 840 816 Plutarchus
872 778 917 815 Τ.
939 778 986 816 ΙΙ.
1004 793 1040 828 Ρ.
1065 778 1167 818 545.
1190 777 1231 818 C.
1265 777 1313 819 οὗ
1333 775 1411 833 γάρ
1432 779 1519 820 ἐστι

75 834 418 887 ὸνμαγωγοῦντος
438 833 533 874 οὐδὲ
546 830 700 900 κρότον
717 833 841 874 οὐδὲ
832 831 1082 886 ποππυσμὸν
1102 834 1328 882 αἰτοῦντος.
1358 836 1492 874 WEss.

188 890 291 930 Ibid.
325 893 420 930 Ίῶν
456 887 615 942 ἷχθυων
644 889 980 941 κατατέμνοντες]
1025 891 1221 928 Omissum
1241 889 1380 940 τινὰς,
1414 894 1517 942 quod

77 946 215 984 Atticis
243 949 476 997 reliquisque
505 949 698 995 frequens,
742 946 887 996 Ioseph.
917 947 946 986 Ι.
973 947 1016 984 Β.
1038 947 1067 986 Ι.
1095 948 1165 986 13.
1192 949 1232 986 5.
1270 947 1436 1000 Diogen.
1468 950 1516 987 II.

80 1004 184 1044 133.
217 1002 258 1040 S.
279 1004 369 1040 Luc.
392 1003 438 1043 A.
459 1003 504 1041 A.
527 1003 643 1043 XXI.
674 1006 744 1044 16.
774 1010 811 1040 et
833 1005 924 1043 infr.
946 1003 1016 1040 XI.
1038 1005 1110 1043 53.
1139 1003 1236 1040 Vide
1262 1017 1364 1053 supr.
1390 1020 1421 1043 c.
1446 1007 1515 1046 13.

76 1060 201 1109 Atque
219 1058 317 1096 haud
333 1062 426 1106 scio,
457 1073 506 1097 an
532 1061 721 1096 defectum
743 1059 845 1097 hunc
867 1062 1008 1096 sarcire
1028 1061 1205 1096 librarius
1227 1059 1280 1099 M.
1305 1074 1373 1098 suo
1393 1060 1518 1112 ὠμῶς

73 1118 157 1153 sive
187 1130 324 1165 ιυμοις
353 1118 538 1153 voluerit:
580 1128 654 1164 quo
683 1123 809 1153 tamen
842 1118 924 1152 sine
953 1116 1092 1153 damno
1120 1116 1345 1156 carebimus.
1376 1117 1514 1157 VVESS.

77 1169 197 1208 Recte
217 1171 315 1208 hanc
342 1185 475 1209 vocem
504 1173 550 1209 ab
577 1173 800 1209 melioribus
829 1173 938 1208 libris
963 1173 1053 1209 addi
1073 1172 1242 1209 ostendit
1261 1186 1291 1209 c.
1314 1174 1384 1213 84.
1427 1179 1514 1226 τοῖς

73 1225 118 1265 δ’
142 1223 408 1280 ὠμοφάγοις]
398 1225 531 1266 πολλὰ
559 1231 642 1266 τῶν
662 1224 813 1280 ὀριέων
837 1223 1017 1279 9¹19÷v⁰²¹
1022 1243 1084 1273 τες
1103 1224 1298 1278 παραβά)
1302 1229 1430 1267 λουσι.

185 1284 260 1322 93.
289 1285 363 1323 69.
391 1279 752 1334 Ἐπαισχύιονται]
784 1283 920 1320 Iubent
945 1286 1078 1333 scripti
1109 1282 1226 1321 Codd.
1257 1283 1328 1321 boc
1347 1281 1514 1337 etym}-

69 1354 183 1391 μενοι
206 1353 315 1376 suum
331 1342 373 1376 in
391 1341 516 1377 locum
535 1342 668 1389 recipi.
728 1339 926 1379 Γινεσθαι
947 1340 1002 1386 εἷς
1022 1348 1059 1376 et
1078 1340 1167 1391 περὶ
1190 1353 1301 1389 saepe
1331 1341 1432 1378 idem
1457 1349 1515 1378 est

70 1409 115 1433 ac
146 1410 188 1432 re
215 1397 341 1444 aliqua
370 1396 569 1444 distineri,
601 1398 733 1446 illique
761 1400 952 1434 intentum
982 1410 1076 1433 esse.
1119 1395 1216 1433 Vide
1234 1396 1307 1434 XI.
1335 1400 1378 1438 8.
1404 1397 1511 1435 XIII.

74 1455 178 1493 107.
207 1451 317 1491 XlV.
339 1455 413 1493 26.
443 1453 576 1490 Wess.

182 1508 255 1548 94.
277 1509 349 1548 73.
378 1504 482 1548 ίΥπὸ
504 1511 588 1548 τῶν
605 1503 816 1558 ἁπάντων]
839 1506 1016 1558 Requirit
1027 1510 1085 1545 rei
1104 1508 1197 1545 ordo
1221 1504 1513 1556 ἀπαντώντων,

72 1564 240 1612 abillis,
279 1567 348 1616 qui
375 1565 527 1603 obviam
557 1567 740 1602 veniunt:
778 1567 820 1602 in
842 1566 1023 1615 vulgato,
1053 1565 1154 1613 quod
1186 1568 1396 1613 scripturae
1417 1578 1512 1614 quo-

71 1621 159 1658 dam
197 1621 409 1668 conpendio
439 1621 528 1658 hinc
554 1628 687 1658 natum
717 1621 905 1667 arbitror,
943 1634 1021 1658 non
1051 1623 1289 1670 acquievisse
1317 1622 1510 1669 librarios,

69 1675 188 1715 Codd.
221 1677 412 1714 discordia
441 1677 677 1717 testificatur.
730 1678 834 1721 Quae
853 1684 1085 1725 sequuntur,
1107 1677 1298 1714 Eusebius
1317 1681 1510 1728 excerpsit

70 1733 120 1773 ΙΙ.
150 1733 282 1782 Praep.
300 1732 424 1770 Evan.
444 1745 480 1782 p.
513 1735 583 1773 50.
603 1732 651 1770 D.
678 1733 814 1772 Wssss,

49 1825 52 1830 .
179 1790 252 1828 94.
265 1791 337 1829 76.
372 1789 445 1835 ,Εἷς
464 1787 539 1836 τὰς
558 1788 779 1840 ταριχείας]
813 1788 943 1826 Sacris
961 1789 1189 1828 animalibus
1209 1789 1373 1826 eundem
1390 1801 1509 1837 paene

48 1844 251 1882 'honorem
284 1845 528 1893 deferebant,
560 1859 671 1895 quem
702 1846 919 1882 hominibus
948 1846 1028 1882 fato
1050 1858 1118 1881 suo
1137 1846 1304 1892 functis3
1332 1858 1448 1894 quare
1471 1853 1509 1882 et

66 1914 156 1939 suos
170 1901 252 1946 sibi
269 1904 564 1955 ταριχευτῆρας
587 1901 790 1948 habebant,
817 1915 910 1969 quos
933 1901 1081 1938 Aelim
1114 1900 1167 1939 X.
1183 1899 1233 1939 H.
1250 1900 1415 1941 Animal.
1429 1904 1505 1942 20.

66 1955 163 2003 τοὺς
191 1962 282 2003 ταῖς
307 1957 529 2011 ταριχὲίαις
556 1959 639 1996 τῶν
668 1953 782 2006 ζώων
816 1958 1052 2011 ἐφεστῶτας
1090 1957 1156 1995 καὶ
1187 1955 1343 2003 damac
1384 1972 1433 2008 τι
1423 1953 1506 1996 ’νὸε

65 2011 142 2066 τὴν
164 2013 315 2066 σοφίαν
337 2016 512 2063 appellat.
570 2013 628 2051 De
650 2014 810 2069 κεδριά,
838 2017 920 2052 sive
942 2015 1026 2050 oleo
1047 2013 1202 2050 cedrino
1232 2027 1264 2050 c.
1278 2014 1351 2053 91.
1372 2013 1449 2050 W}
1453 2025 1506 2050 ss.

180 2071 252 2109 94.
276 2048 778 2123 79.]w12001997szmg]
809 2070 1102 2109 vi‹1.Her0‹10t.
1128 2069 1174 2105 11.
1197 2071 1270 2109 67
1311 2068 1508 2118 Superant

66 2127 109 2162 in
128 2133 297 2163 nostram
324 2138 444 2174 usque
464 2133 625 2163 aetatem
657 2140 747 2164 aves
777 2126 1052 2177 Aegyptiorum
1076 2139 1180 2162 more
1207 2125 1393 2174 modoque
1414 2139 1507 2163 con-

68 2182 193 2229 ditae3
230 2183 444 2220 cuiusmodi
474 2196 514 2219 se
547 2183 691 2222 vidisse
727 2190 764 2219 et
797 2185 836 2220 in
867 2183 1032 2220 Galliam
1063 2184 1251 2231 asportari
1280 2195 1433 2219 curasse
1461 2182 1504 2218 P.

66 2237 189 2274 lucas
202 2238 262 2275 IV.
282 2238 369 2275 Itin.
388 2238 550 2290 Aegypt.
572 2252 607 2288 p.
629 2239 746 2285 347.
767 2246 804 2275 et
821 2241 952 2276 multis
977 2246 1065 2275 ante
1086 2251 1172 2275 eum
1191 2240 1304 2275 annis
1324 2238 1377 2276 lo.
1406 2238 1503 2275 Gra-

66 2296 153 2332 vius
171 2293 437 2346 Pyramidogr.
456 2308 491 2344 p.
518 2296 594 2336 48.
586 2322 610 2342 .,
640 2302 834 2332 memorat.
863 2295 997 2332 VVEss.

179 2351 252 2390 91
276 2352 346 2391 80.
389 2345 566 2405 Θανάτῳ
596 2351 839 2402 περιπίπει]
882 2351 1043 2389 Videtur
1069 2349 1129 2388 his
1161 2350 1291 2387 deesse
1318 2346 1432 2389 α’κων
1455 2346 1499 2388 δ’

67 2401 138 2444 οὗ·
171 2407 271 2454 quod
298 2409 332 2444 si
362 2407 551 2444 excidisse
581 2420 719 2457 neges,
757 2408 805 2444 ad
835 2410 1044 2457 pleniorem
1073 2420 1226 2443 sensum
1254 2408 1399 2454 requiri
1426 2419 1506 2443 non

66 2462 246 2512 negabis,
280 2463 345 2500 ubi
375 2462 798 2503 He10‹10t.11.65.in
829 2467 1032 2502 consilium
1056 2463 1288 2500 adhibueris.
1315 2462 1423 2498 Adde
1441 2460 1505 2499 Ci-

65 2518 261 2557 ceromv.
283 2517 391 2567 Disp.
414 2518 571 2556 Tuscul.
594 2521 668 2559 27.
698 2520 832 2556 NVJ-ms.

181 2574 255 2613 94.
285 2576 356 2614 87.
407 2573 466 2615 Τὸ
510 2573 822 2627 τετελευτηκὸς]
870 2575 1003 2614 Malim
1042 2577 1166 2614 τοῦτο
1209 2569 1506 2624 τετελευτηκός.

45 2668 47 2670 ,
67 2628 222 2673 Sremi.

178 2686 250 2725 94.
275 2686 348 2724 92.
391 2683 518 2725 Οὔπω
550 2682 875 2739 προσηγορωῖετο
905 2701 930 2739 q
942 2685 1040 2736 ᾶος]
1085 2685 1322 2722 Ptolemaeus
1350 2684 1504 2720 Auletes

42 2743 192 2778 socius
221 2748 331 2789 atquc
362 2744 504 2778 amicus
532 2741 574 2778 P.
608 2742 653 2778 R.
684 2744 839 2779 consule
871 2742 967 2779 Iulio
1002 2741 1163 2783 Caesare
1194 2742 1404 2789 appellatus
1436 2747 1504 2776 cst.

66 2795 210 2833 Sueten
228 2796 333 2835 Caes,
361 2798 431 2836 54.
469 2798 517 2835 In
535 2800 667 2848 primo
690 2799 897 2835 consulum
921 2801 1133 2837 societates
1155 2803 1196 2832 et
1219 2810 1343 2844 regna
1367 2798 1501 2847 pretio

1154 2854 1180 2890 9
1206 2851 1225 2868 '⁶
