1828 3253
450 215 514 256 ΙΝ
545 214 657 255 LIB.
685 214 770 255 ΧΙ.
804 215 934 255 CAP.
967 217 1195 259 38.—40.
1478 218 1570 259 519

117 342 206 369 nem
236 329 290 369 X.
323 331 595 370 annis-rerum
621 342 805 368 summam
828 329 1138 377 administrasse3
1176 327 1462 380 Thrasybulum
1488 342 1563 367 un·-

115 387 263 424 (lecimo
293 388 530 437 principatus
557 399 687 424 mense
720 386 925 436 Syracusis
956 387 1132 422 eiectum.
1172 386 1278 429 Quae
1306 388 1446 423 summi
1473 385 1560 435 phi-

116 443 266 492 losophi
296 442 508 480 Diodorum
535 443 739 479 manifesto
769 454 885 491 quum
910 447 1088 487 tuentur,
1117 441 1397 489 ostenduntque
1426 455 1560 491 perpe-

113 512 196 536 ram
217 507 256 537 et
277 499 438 536 Gelonis
458 505 497 535 et
515 497 698 535 Hieronis
717 500 828 548 regui
847 511 968 535 annos
990 497 1216 543 sollicitari,
1245 498 1383 534 omitto
1401 498 1556 545 addere,

111 554 295 595 Nostrum
317 555 391 592 sibi
411 557 563 605 egregie
584 560 784 600 constare,
814 567 897 590 cum
918 564 1034 592 Lxxn
1057 566 1179 590 annos
1203 566 1225 590 a
1248 560 1369 590 morte
1392 553 1554 591 Gelonis

109 611 158 648 ad
188 610 368 660 Dionysii
397 612 553 660 tyranni
583 612 838 660 principatum
865 617 1083 656 enumerat,
1119 611 1200 646 sive
1224 619 1282 646 LX
1314 609 1361 645 ab
1393 612 1553 659 expulso

110 666 315 717 Syracusis
343 664 608 716 Thrasybulo,
639 679 671 701 c.
695 667 769 706 68.
799 665 909 702 huius
928 666 1031 703 libri.
1071 664 1149 702 Tot
1167 667 1270 701 enim
1299 666 1476 702 abierunt
1503 666 1550 703 ab

108 736 210 760 aimo
240 724 352 760 tertio
377 722 528 772 Olymp.
557 732 673 760 Lxxv
704 721 752 759 ad
785 722 937 771 Olymp.
961 732 1063 758 xcm
1095 734 1237 758 annum
1260 721 1322 767 3·.,
1350 732 1424 768 quo
1453 720 1550 758 Dio-

107 779 243 828 nysius
262 777 476 828 Syracusas
503 777 709 828 tyrannide
732 779 940 827 oppressit,
969 778 1128 814 docente
1148 776 1341 826 Dionysio
1363 779 1485 824 princ.
1503 776 1547 814 L.

106 833 190 874 Vll
209 841 247 871 et
270 834 414 871 Nostro
435 833 476 872 L.
498 833 607 871 Xlll.
629 835 704 874 95.
738 833 846 880 Alia,
867 836 898 870 si
920 834 1036 881 lubet,
1057 833 1146 870 vide
1171 836 1214 870 in
1233 831 1370 869 'lhom.
1389 832 1552 882 Lydiati,

103 888 307 939 Disquisit.
327 891 374 927 de
394 897 506 938 temp.
520 889 684 940 Dynast.
705 896 744 927 et
763 889 879 928 Mort.
894 889 1070 937 Gelonis,
1097 901 1210 939 quam
1228 891 1332 926 notis
1351 891 1393 927 in
1403 886 1546 963 Chron.

104 945 284 985 Marmor.
307 949 536 996 praeposuit.
566 946 699 984 WEss.

212 1003 320 1043 434.
355 1003 426 1042 57-
464 1001 776 1053 Πεποιημένους
806 997 934 1049 δόξαν
958 997 1168 1055 μεὶὰλην]
1209 999 1337 1038 Erunt
1366 1001 1544 1047 fortasse,

100 1060 167 1106 qui
200 1056 585 1110 περιπεποιημένους
619 1060 777 1105 malint3
815 1058 915 1108 quod
950 1060 1102 1106 quidem
1132 1064 1266 1094 auctor
1292 1058 1544 1094 multifariam

100 1122 271 1164 usurpat,
291 1113 362 1150 hoc
381 1121 507 1150 tamen
528 1127 605 1151 non
625 1115 884 1162 adspernatus.
905 1114 1003 1152 Nat-n
1026 1121 1063 1151 et
1081 1113 1282 1151 Chabriam
1301 1112 1344 1149 L.
1362 1112 1450 1149 XV.
1465 1114 1539 1152 29.

100 1168 230 1222 &vona
253 1166 378 1216 δόξαν
407 1168 464 1207 ἐπ’
496 1168 618 1223 ἀοῖ-τῇ
637 1166 818 1221 μεγάλην
837 1170 1106 1221 πεποιημένον
1126 1177 1261 1215 vocat,
1293 1176 1466 1214 secutuS,
1498 1176 1541 1205 ut

99 1228 278 1273 arbitror,
306 1225 521 1275 Poly-bium,
550 1229 612 1263 cui
633 1227 678 1263 P.
696 1225 895 1263 Cornelius
915 1226 1021 1263 Afric
1026 1240 1121 1263 winus
1141 1225 1321 1293 Excerpt.
1342 1237 1378 1272 p.
1403 1225 1536 1264 1347.

98 1281 161 1321 ἔπι
180 1283 254 1320 καλ
260 1279 348 1320 οκά
337 1281 467 1335 yssaseq.
498 1281 566 1320 καὶ
587 1277 838 1348 σωφροσύιῃ
867 1278 992 1329 δόξαι
1016 1278 1169 1333 apicio>
1172 1279 1296 1332 θυμέ]
1301 1296 1348 1331 ’2²‘
1368 1295 1540 1331 πεποιη-

95 1336 233 1388 μένος,
260 1345 298 1374 et
325 1350 365 1385 p
387 1338 521 1378 1458.
549 1333 766 1389 πάνρημον
795 1333 1054 1388 ποιησασθαι
1085 1334 1224 1384 δόξαν.
1277 1336 1367 1373 Alia
1396 1336 1442 1373 de
1466 1336 1539 1373 hoc

95 1407 236 1445 genere
255 1395 412 1444 collegit
434 1393 487 1431 lo.
508 1393 656 1431 lensius
676 1393 782 1430 Lect.
805 1393 962 1433 Lucian.
986 1394 1028 1431 Ι.
1050 1394 1097 1431 ll.
1123 1395 1192 1434 15.
1215 1406 1253 1443 p
1265 1392 1537 1433 247.u1„ss

207 1451 316 1491 434.
347 1452 420 1490 60
458 1447 568 1496 Τοὺς
590 1447 698 1503 λόγω
716 1448 793 1501 μὲν
818 1451 1004 1500 σιᾙμιβου)
1009 1446 1205 1496 εύσοντας
1224 1455 1296 1486 etc.
1306 1447 1324 1500 ]
1371 1447 1460 1486 Non
1480 1456 1539 1485 est

94 1507 267 1544 absimile
285 1519 378 1544 vero
399 1506 530 1542 deesse
547 1506 610 1543 hic
630 1506 798 1554 aliquid,
826 1517 941 1554 quum
960 1515 1046 1555 post
1063 1502 1126 1558 λό)
1130 1520 1171 1560 ῳ
1194 1503 1268 1555 μὲν
1289 1506 1397 1554 sequi
1417 1506 1538 1541 soleat

97 1560 198 1617 ἔργα)
222 1561 278 1602 ὁέ.
298 1561 454 1599 STEPH.
487 1561 530 1598 ld
550 1562 638 1599 fieri
655 1564 777 1599 solere
795 1575 877 1598 non
895 1563 1051 1600 dubium
1069 1570 1137 1599 est.
1168 1561 1359 1609 Exempla·
1375 1563 1409 1598 si
1429 1560 1536 1597 des-i·-

95 1619 228 1666 dei-os,
253 1620 441 1656 cumulate
469 1618 614 1655 dabunt
638 1617 808 1669 Bergler.
829 1617 880 1654 ad.
909 1619 1132 1669 Alciphron.
1159 1617 1202 1654 L.
1224 1617 1254 1656 l.
1277 1617 1399 1666 Epist.
1420 1618 1463 1656 9.
1496 1624 1535 1653 et

94 1673 241 1712 Duker.
264 1677 304 1711 in
327 1673 549 1723 Thucydid.
564 1674 665 1711 Vlll.
685 1675 761 1714 92.
789 1673 870 1711 Nec
892 1682 1091 1725 propterea
1110 1683 1237 1711 tamen
1257 1675 1357 1710 iusta
1377 1672 1439 1710 hic
1465 1672 1535 1708 de—

93 1732 218 1768 fectus
237 1733 415 1778 suspicio.
441 1730 611 1781 Longior
627 1731 833 1768 verborum
852 1736 1068 1778 structura,
1097 1744 1145 1767 nc
1175 1730 1212 1767 id
1231 1730 1414 1775 adderet,
1440 1730 1535 1765 scri-

93 1794 239 1837 ptorem
265 1786 447 1836 inpediit.
480 1794 611 1835 estque
637 1799 774 1824 revera
798 1788 841 1822 in
860 1788 1019 1826 vocibus
1039 1784 1319 1841 προσέῖαττον
1351 1783 1535 1839 ἀφίστα-

94 1846 199 1882 σθαι
218 1845 305 1882 τῶν
321 1840 379 1894 ὲος
382 1857 448 1881 coz
467 1844 671 1879 inclusum
705 1842 841 1880 VVEss.

203 1900 311 1938 434.
345 1900 416 1938 73.
443 1895 509 1937 ’Ev
528 1894 780 1952 ἀποῤῥητοις
796 1897 841 1937 δὲ
861 1900 910 1951 τῇ
930 1899 1063 1950 βουλῇ
1085 1913 1290 1949 προειπων
1303 1903 1374 1934 etc.
1388 1895 1410 1948 ]
1439 1897 1470 1933 V
1474 1896 1535 1932 ide

94 1954 359 2006 'Phucydidein
390 1957 537 2004 potius,
566 1957 633 2006 qui
651 1956 773 1992 multo
797 1953 890 1991 haec
918 1954 1138 1990 distinctius
1169 1954 1209 1991 Ι.
1230 1953 1257 1990 Ι.
1284 1955 1357 1993 90.
1390 1952 1533 1991 WEss.

203 2012 310 2051 435.
341 2013 414 2052 80
451 2010 672 2062 Πανὸημεὶ
690 2009 871 2061 τειχίζων
889 2025 965 2062 τνν
993 2006 1136 2060 πόὶιι]
1178 2010 1251 2047 Pro
1268 2008 1457 2059 τειχίζων
1472 2022 1535 2045 re-

92 2080 190 2116 pone
218 2066 408 2133 τειχίζειν.
434 2065 570 2106 Rnon.
607 2066 829 2118 Πανὸημεὶ
850 2065 1028 2117 τειχίζειι
1060 2063 1134 2116 τὴν
1152 2061 1303 2118 πύλη]
1340 2064 1454 2101 Certa
1470 2078 1535 2101 res

94 2132 163 2161 est.
199 2124 281 2161 Nec
302 2126 497 2173 quisquam
517 2137 630 2174 aegre
652 2125 753 2160 feret
767 2124 894 2160 locum
927 2125 981 2160 ita
999 2125 1229 2159 restitutum.
1272 2121 1535 2171 Thucydides,

93 2193 206 2229 quem
233 2187 428 2217 auctorem
457 2178 611 2226 habuit,
649 2179 692 2219 L.
718 2180 748 2218 Ι.
771 2181 844 2219 90.
868 2178 1047 2229 τειχίζειν
1078 2177 1122 2217 δὲ
1145 2174 1303 2224 πάντας
1329 2175 1535 2227 πανὸημεὶ

93 2234 190 2281 τοὺς
210 2235 251 2274 ἐν
270 2238 349 2289 τῇ.
340 2232 417 2274 πόλ
422 2250 475 2281 ει,
504 2235 571 2274 καὶ
602 2232 775 2282 αυτοὺς,
803 2250 869 2273 και
889 2239 1096 2286 ῃυιαῖκιις,
1122 2233 1189 2272 καὶ
1210 2233 1372 2280 παῖδας.
1398 2233 1532 2270 W'ESS.

98 2291 288 2342 Τειχίζειν
306 2300 525 2328 correxerat
541 2304 689 2340 quoque
703 2291 882 2328 Ursinus.
911 2291 984 2327 lm:
990 2302 1018 2327 ,ἢ
1041 2292 1084 2327 in-
1102 2290 1197 2327 Add.

206 2348 314 2387 435.
342 2349 417 2387 91.
441 2345 524 2387 'Aa
529 2349 604 2386 an)
607 2343 763 2414 ηθεις
743 2344 822 2386 υπὸ
846 2349 929 2385 τῶν
951 2343 1162 2396 ἀρχόντωι
1177 2344 1192 2397 ]
1224 2341 1366 2396 Lego
1347 2342 1426 2384 υπὸ
1450 2347 1533 2383 τῶν

93 2398 306 2455 ςερόντων.
345 2403 444 2441 Nam
464 2416 544 2441 vox
567 2399 779 2456 ἀρχόντων
799 2415 878 2440 non
907 2405 1090 2440 convenit
1108 2402 1444 2448 Lacedaemoniis,
1469 2403 1536 2448 qui

96 2461 224 2496 nullos
243 2457 465 2496 habebant'
450 2457 673 2511 άοχοντας,
702 2460 768 2496 sed
789 2466 959 2496 senatum
982 2462 1187 2503 seniorum,
1219 2454 1442 2511 pericuum,
1470 2458 1538 2504 qui

95 2514 290 2567 γἐρουσια
309 2516 528 2563 vocabatur,
555 2522 593 2553 et
614 2523 754 2553 cuneta
774 2529 858 2551 cum
877 2516 1030 2567 regibus
1051 2522 1088 2551 et
1105 2515 1270 2564 Ephoris
1290 2515 1536 2551 administra-

98 2572 177 2609 bat.
226 2572 440 2619 Βασιλεῖς,
455 2570 642 2637 ἔφοροι,
681 2586 865 2624 yaepovms
847 2600 886 2618 ‚,
923 2574 1077 2608 nomina
1107 2578 1217 2608 erant
1244 2573 1536 2620 magistratuum

98 2628 195 2676 apud
215 2627 406 2673 laconas,
438 2625 631 2679 αόχοιτες
661 2641 752 2666 velo
784 2627 1073 2664 Atheniensium
1103 2634 1225 2665 erint.
1253 2628 1381 2663 Pun.
1431 2623 1535 2660 Haec

98 2683 282 2720 Palmerii
312 2683 456 2720 indicta
486 2686 652 2721 mallem.
700 2683 982 2721 Lacedaemone
1012 2697 1091 2719 non
1122 2690 1254 2729 erant,
1292 2690 1334 2719 ut
1363 2680 1537 2724 Athenis,

89 2737 346 2789 ”Αοχοντες,
387 2752 481 2776 vero
513 2744 666 2776 nominc
704 2743 759 2777 sic
789 2740 896 2776 dicti.
940 2739 1090 2776 Horum
1119 2740 1242 2776 vicem
1280 2740 1373 2787 sung
1352 2738 1537 2772 ‹arebmtur

103 2795 276 2847 Fplzori,
308 2797 375 2843 qui
400 2802 599 2845 propterea
616 2798 662 2833 ab
685 2796 893 2833 Historicis
921 2803 958 2832 ct
979 2795 1246 2832 Gra1.1.naticis
1266 2804 1540 2839 nonnunquam

107 2849 300 2901 (ἴσχοντες
334 2865 411 2888 ma
401 2854 596 2900 „istratus
621 2854 871 2903 adpellantur.
914 2851 1148 2888 Scholiastes
1180 2849 1399 2899 Thucydid.
1423 2848 1539 2886 1.ὃὸ-
