1828 3253
428 172 494 210 lN
524 170 633 210 ΜΒ.
666 171 710 209 v.
748 170 878 209 cAr.
910 175 1135 214 25.-2s.
1415 179 1508 220 425

64 285 228 340 μέλιτος
248 282 559 337 ἐσκευασμένον,
583 285 643 323 uti
661 284 894 325 Posidonius
913 286 955 322 in
974 283 1112 323 Athen.
1131 283 1173 323 1..
1199 286 1261 325 1V.
1280 299 1317 338 p.
1344 290 1448 331 152,
1464 290 1507 329 C.

66 345 203 383 WEss.
454 353 463 359 ·

180 399 284 439 350.
306 398 380 438 93.
408 393 608 448 “Έρμαιον
627 391 823 448 ἡγοῦνται
851 393 927 447 τὴν
947 398 1031 436 τῶν
1051 397 1254 438 Γαλατῶν
1271 401 1506 455 φιλοινίαν]

67 454 126 493 De
157 458 258 502 illis,
289 466 384 503 quae
403 455 445 490 in
465 455 572 489 lucro
595 460 792 503 putamus,
818 452 889 489 hoc
910 452 986 490 dici
1015 456 1199 503 exemplis
1219 458 1354 505 probat
1374 459 1507 498 Desid.

67 511 258 549 Hernldus
287 510 333 548 ll.
362 508 522 546 Advers.
559 521 591 545 c.
631 510 695 556 1.‚
724 511 807 559 ipsa
836 508 929 546 haec
949 508 1111 547 Diodori
1139 510 1343 551 advocans.
1395 517 1506 554 Plato

69 567 214 618 Theag.
245 578 283 615 p.
317 567 418 606 126.
448 563 490 601 B.
534 561 607 604 οὐκ
638 562 726 604 ἴσθ’
762 561 799 612 ὅ,
828 579 866 604 τι
897 560 1046 604 τούτου
1086 566 1222 615 μεῖζον
1252 566 1301 607 ἂν
1338 569 1506 622 ἕρμαιον

65 620 312 676 ἦγησαᾲιην.
345 620 592 658 Demosthen.
611 623 653 658 in
676 620 923 660 Nausimach.
944 635 980 672 p.
1007 622 1111 662 573.
1145 622 1211 661 καὶ
1235 622 1311 676 τὴν
1337 625 1379 674 ἐξ
1410 624 1509 666 ἀνά-

67 693 166 732 γκης
195 676 360 730 ἄγνοιαν
397 679 481 716 τῶν
520 675 836 729 πεπραγμένων,
874 675 1043 728 ἕρμαιον
1081 678 1327 730 νομίσαντες
1357 680 1510 724 αὐτῶν.

66 735 184 773 Plura
203 736 352 773 omitto.
384 733 482 770 Vide
501 745 602 781 supr.
624 733 691 770 111.
713 734 789 773 47.
814 733 948 770 lVEss.

183 791 288 830 350.
316 789 359 828 4.
403 787 488 828 Καὶ
509 803 598 841 μεγ.
626 786 920 843 ἀπορρηγνῦσα
945 785 1152 837 κολωνοὺς
1179 793 1507 848 πληροῖχρυσοῦ

66 840 225 898 ψῆγμ]
266 844 472 883 Habebunt
497 846 669 885 κολωνοὶ
692 848 852 896 χρυσοῦ
886 841 1107 897 ψῆχιιατος
1135 853 1264 886 nescio
1288 852 1376 898 quid
1398 865 1509 900 aspe-

66 915 153 940 rum
171 909 283 950 atque
303 905 517 953 ingratum,
549 902 650 950 quod
669 909 844 940 veterum
864 903 1048 939 librorum
1069 906 1214 941 auxilio
1235 908 1426 944 sublatum
1447 911 1509 946 ni-

65 957 124 995 hil
143 958 344 996 admodum
376 957 484 994 cedet
512 959 808 1008 elegantissimis
840 958 897 995 his
920 957 972 995 10.
1004 958 1270 1009 Chrysostomi
1302 961 1348 1000 T.
1372 964 1438 1001 lll.
1472 979 1508 1015 p.

69 1016 176 1055 211.
195 1014 238 1051 B.
269 1012 316 1053 ὸίἶ
340 1013 500 1053 ἐκείνων
522 1017 605 1053 τῶν
636 1012 786 1066 ὀρέων,
817 1012 1042 1065 μεταλλικὰ
1077 1016 1336 1068 adpellaverat
1355 1028 1455 1068 ante,
1486 1016 1507 1060 ὃ

68 1068 258 1121 ποταμὸς
281 1067 382 1123 ῥέων
402 1069 468 1108 καὶ
489 1067 564 1121 τὴν
581 1075 768 1121 χρυσῖτιν
790 1065 1043 1121 παρασύρων
1062 1074 1161 1123 γῆν,
1187 1074 1406 1128 θησαυρὸς
1425 1082 1513 1124 τοῖς

70 1128 314 1178 παροικοῦσι
332 1125 506 1178 γίνεται,
531 1124 847 1177 ἐσχεδιασμένον
865 1126 1054 1177 παρέχων
1073 1125 1146 1166 τὸν
1169 1130 1360 1170 πλοῦτον.
1386 1133 1513 1171 Nimi-

70 1195 156 1220 rum
188 1182 337 1220 Gallica
366 1181 525 1218 flumina
552 1184 683 1220 curvis
711 1183 948 1219 anfractibus
979 1186 1020 1220 in
1047 1186 1238 1225 montium
1269 1188 1418 1226 radices
1446 1192 1512 1226 in..

68 1246 204 1289 pacta,
231 1238 380 1275 ablatos
400 1237 489 1274 inde
518 1240 685 1275 tumulos
713 1240 898 1275 ramentis
926 1241 1010 1276 auri
1029 1241 1254 1288 opplebant:
1284 1243 1378 1282 haec
1404 1259 1512 1285 mens

70 1294 256 1343 Diodori,
285 1297 348 1331 cui
367 1292 506 1330 Strabo
533 1294 579 1334 de
596 1306 689 1331 auro
720 1295 762 1332 in
783 1294 933 1331 Galliae
960 1295 1102 1332 finibus
1121 1305 1272 1345 reperto
1296 1300 1514 1341 adsentitur

70 1350 115 1389 L.
134 1350 198 1388 lv.
221 1364 256 1400 p.
277 1351 385 1390 290.
409 1357 447 1387 et
468 1351 510 1388 P.
531 1350 663 1388 Marca
684 1350 727 1387 L.
751 1350 779 1389 Ι.
802 1350 920 1388 Marc.
943 1349 1053 1402 Hisp.
1074 1364 1105 1388 c.
1133 1355 1201 1392 13.
1228 1355 1363 1393 WVEss.

188 1407 295 1447 350.
329 1408 369 1447 7.
397 1402 459 1445 ’H
474 1402 771 1460 συγκόπτουσι]
813 1406 915 1459 Lege
935 1405 1016 1447 καί.
1059 1405 1194 1454 Tertio
1213 1411 1304 1452 inde
1333 1425 1449 1454 versu
1470 1413 1513 1456 ἓν

72 1462 264 1504 redundat
282 1469 371 1500 ante
398 1467 490 1509 ταῖς
509 1462 708 1514 καμίνοις.
735 1462 872 1503 Rnot).
1251 1501 1253 1503 ,

189 1520 295 1559 351.
327 1519 399 1563 13.
437 1518 545 1573 Περὶ
575 1517 621 1558 δὲ
648 1516 746 1566 τοὺς
772 1517 948 1571 αὐχένας
975 1517 1140 1573 κρίκους
1161 1541 1208 1550 —-
1228 1516 1516 1580 ὁλοχρύσους]

72 1576 282 1616 Maniacos
303 1574 505 1613 vocabant.
538 1576 674 1615 Τοῦτο
697 1573 733 1614 <5²
757 1575 843 1615 ἐστὶ
865 1578 1050 1627 χρυσοῦν
1073 1576 1266 1628 ψέλλιον,
1295 1579 1318 1620 ὃ
1340 1586 1519 1635 φοροῦσι

72 1631 164 1685 περὶ
184 1628 259 1677 τὰς
287 1635 430 1683 χεῖρας
461 1630 529 1670 καὶ
549 1629 622 1670 τὸν
644 1627 852 1684 τράχηλον
870 1630 909 1671 οἳ
938 1628 1148 1681 Γαλάται,
1177 1635 1363 1686 Polybius
1389 1641 1518 1691 inquit

74 1689 119 1727 L.
139 1687 187 1725 11.
211 1688 284 1728 31.
323 1687 448 1735 Atque
467 1687 556 1724 hinc
591 1689 733 1726 Gallus
752 1689 911 1740 quidam
939 1690 1086 1737 nudus,
1105 1699 1278 1742 praeter
1305 1701 1456 1734 scutum
1478 1703 1521 1735 et

74 1745 232 1796 gladios
258 1744 353 1781 duos
384 1750 521 1795 torque
542 1750 663 1796 atque
690 1746 860 1783 armillis
891 1746 1107 1789 decoratas
1133 1748 1234 1799 apud
1255 1749 1423 1790 Gellium
1445 1752 1516 1790 IX.

75 1801 126 1840 N.
145 1803 192 1840 A.
220 1801 290 1840 13.
323 1812 371 1836 ex
390 1797 445 1836 Cl.
470 1800 736 1851 Quadrigario.
762 1801 894 1838 VVESS.

191 1857 297 1896 351.
331 1857 403 1896 18.
440 1853 699 1908 Ἀνειμένοις
730 1854 916 1910 {Quam
947 1854 1078 1904 πολὺς
1102 1858 1286 1911 χρυσὸς]
1314 1859 1443 1901 Habet
1469 1877 1520 1904 ex

75 1912 300 1958 Posidonio,
328 1923 440 1960 quem
460 1915 502 1949 in
520 1912 580 1949 his
600 1913 734 1950 ducem
755 1914 828 1950 sibi
849 1916 1032 1961 sumpsit,
1063 1915 1163 1964 apud
1185 1915 1364 1957 Strabon.
1389 1919 1455 1961 IV.
1476 1935 1516 1973 p,

78 1971 201 2017 287„
220 1968 322 2006 unde
340 1967 387 2005 ad
399 1967 600 2006 Tolosates
621 1969 712 2006 haec
730 1972 922 2019 pertinere
944 1970 1134 2007 novimus.
1163 1973 1296 2010 Wnss.

193 2026 300 2065 351.
331 2025 406 2065 24.
436 2021 514 2063 Ἐκ
535 2020 699 2077 φύσεως
724 2023 903 2077 ξανθοὶ]
931 2024 1041 2064 Nihil
1062 2031 1254 2078 eognitius
1265 2031 1397 2081 flava,
1421 2033 1521 2080 rufa

79 2093 147 2118 seu
168 2082 293 2119 rutila
312 2087 486 2118 veterum
506 2080 705 2119 Gallorum
737 2089 774 2118 et
795 2081 1074 2120 Germanorum
1103 2097 1209 2123 coma
1225 2114 1235 2133 ,
1265 2099 1377 2135 quam
1395 2095 1522 2127 tamen

82 2137 220 2174 Galen.
241 2139 282 2174 in
301 2136 524 2187 Hippocrat.
548 2137 594 2174 (le
626 2136 782 2177 Ration.
829 2137 929 2178 Vict.
959 2150 995 2190 Ρ.
1017 2140 1090 2178 31.
1124 2140 1285 2194 ξανθὴν
1312 2151 1418 2182 recte
1444 2146 1523 2184 dici

80 2201 218 2244 negat:
259 2190 391 2239 οὕτως
421 2195 520 2245 γοῦν
547 2208 652 2239 τινες
682 2190 956 2245 ὀνομάζουσι,
982 2197 1128 2245 inquit,
1163 2196 1260 2245 τοὺς
1286 2200 1525 2251 Γερμανοὺς

83 2246 288 2297 ξανθοὺς,
315 2248 387 2287 καί
405 2264 466 2288 τοι
489 2263 531 2301 γε
551 2246 626 2288 οὐκ
645 2247 769 2295 ὄντας
786 2248 992 2297 ξανθοὺς,
1019 2249 1089 2290 ἐὰν
1110 2252 1289 2305 ἀκριβῶς
1310 2271 1369 2302 τις
1389 2256 1525 2298 ἐθέλοι

85 2307 244 2352 καλεῖν,
266 2302 370 2343 ἀλλὰ
391 2300 585 2358 πυρρούς.
612 2304 689 2342 Sed
708 2305 748 2343 hi
777 2308 924 2343 colores
952 2309 1030 2344 levi
1049 2308 1269 2348 discrimine
1290 2312 1457 2361 distant,
1486 2322 1525 2352 et

84 2374 201 2400 voces
221 2363 507 2410 permiscentur.
545 2362 717 2409 Lipsium
735 2362 798 2400 adi
825 2363 872 2399 ad
894 2361 1019 2400 Tacit.
1040 2364 1136 2402 Mor.
1158 2367 1247 2404 Ger.
1269 2382 1299 2404 c.
1323 2370 1364 2408 4.
1389 2370 1523 2408 lVEss.

200 2417 304 2456 351.
329 2419 404 2457 26.
445 2416 639 2467 Σμῶντες
658 2415 732 2464 τὰς
753 2417 896 2469 τρίχας
916 2420 1123 2474 συνεχῶς]
1152 2423 1295 2461 Locum
1317 2424 1418 2462 hunc
1437 2429 1527 2464 teti-

87 2479 228 2525 gerunt
256 2473 333 2510 viri
373 2473 520 2524 egregii
557 2473 605 2510 Is.
643 2472 803 2511 casaub.
833 2477 873 2512 in
913 2475 1049 2513 Athen.
1082 2477 1124 2514 L.
1166 2479 1226 2516 lV.
1265 2482 1332 2520 10.
1382 2482 1523 2520 Ezech.

90 2528 296 2579 Spanhem.
316 2528 363 2565 ad
375 2528 598 2567 Callimachi
608 2529 811 2568 Lav.Pall.
832 2544 870 2570 v.
887 2532 958 2570 32.
982 2540 1019 2569 et
1038 2532 1110 2570 Iac.
1131 2535 1302 2573 Gronov.
1328 2538 1367 2575 in
1380 2537 1523 2578 Herod.

89 2584 161 2624 IX.
190 2586 316 2631 109.,
342 2584 626 2634 docueruntque
655 2588 767 2642 σμᾷν
789 2593 828 2623 et
859 2589 1050 2637 σμᾶσθαι
1077 2588 1152 2642 τὴν
1183 2591 1366 2646 κεφαλὴν
1395 2602 1432 2630 et
1451 2593 1526 2642 τὰς

90 2640 235 2694 τρίχας
263 2653 343 2677 non
370 2640 475 2677 aliud
507 2654 610 2688 esse,
641 2655 685 2678 ac
706 2644 843 2690 capitis
866 2643 992 2680 crines
1020 2644 1218 2698 detergere
1244 2662 1288 2685 ac
1317 2649 1526 2690 defricare:

94 2700 158 2735 cui
184 2699 243 2734 rei
275 2702 426 2746 praeter
448 2698 563 2734 calcis
591 2699 767 2735 lixiviam
796 2697 899 2736 Galli
928 2712 1106 2750 saponem
1139 2705 1253 2742 etiam
1284 2705 1527 2745 adhibebant.

95 2753 268 2793 Prodest
293 2758 335 2790 et
365 2764 490 2803 sapo:
525 2753 753 2792 Galliarum
786 2754 858 2792 Ῐιοο
887 2756 1084 2796 inventam
1111 2761 1328 2798 rutilandis
1361 2765 1529 2816 capillis.

99 2809 170 2848 Fit
192 2821 242 2848 ex
274 2808 363 2847 sebo
382 2815 423 2847 et
437 2811 582 2847 cinere.
620 2811 676 2848 sic
695 2810 846 2848 Plinius
867 2809 909 2850 L.
929 2811 1115 2853 XXVIII.
1142 2817 1211 2856 12.
1235 2817 1370 2856 Wtzss.
