1828 3253
301 147 359 187 78
761 143 1277 185 ANNOTATIONES

297 258 498 297 individuo
516 258 702 297 incertam
719 259 829 298 nobis
849 260 1014 310 speciem
1036 261 1150 309 faeit3
1177 262 1253 299 nisi
1279 273 1394 298 unam
1420 267 1567 299 tantum
1593 261 1729 300 Persas

299 317 432 353 urbem
463 315 636 352 habuisse
668 319 868 354 existimet.
899 316 1034 356 RHOD.
1091 317 1263 354 Diodoro
1295 319 1400 354 urbis
1428 317 1520 355 haec
1544 321 1729 367 scriptura

299 374 519 417 tritissima,
546 378 588 408 ut
616 371 738 409 XVII.
763 375 858 419 70..
879 374 946 410 ubi
973 374 1018 409 (le
1037 378 1163 424 regiae
1184 376 1399 411 inmanibus
1422 374 1581 421 divitiis,
1613 374 1728 412 XIX.

300 430 375 467 21.
409 426 590 464 Straboni
610 427 695 464 XV.
718 442 752 477 p.
780 431 912 470 1058.
944 436 981 466 et
1011 430 1170 467 Aeliano
1199 430 1227 466 I.
1250 429 1298 466 H.
1323 430 1366 466 A.
1391 431 1460 469 59.
1487 430 1728 482 Περσαίπο-

299 485 387 530 λις.,
414 496 508 533 quae
542 483 755 521 differentia
784 492 821 522 et
853 488 892 522 in
923 485 1093 533 Latinis,
1135 498 1294 534 quorum
1318 485 1470 523 Curtius
1493 493 1530 522 et
1559 486 1728 523 Iustinus

301 539 552 591 Persepolim,
581 539 730 577 Plinius
762 540 1017 593 Persaepoliu
1047 542 1218 591 probant.
1274 540 1374 580 Cave
1394 555 1485 580 vero
1513 543 1729 592 Persepolis

301 603 339 633 et
367 595 552 633 susorum
579 599 704 647 regias
734 605 819 645 post
847 597 1045 648 Cambysis
1063 605 1224 635 aetatem
1245 598 1392 635 demum
1413 605 1625 636 exstructas
1645 601 1728 647 opi-

298 655 424 689 neris:
464 665 549 688 nam
581 654 744 702 priorem
772 652 872 704 Cyro
913 668 1018 692 suam
1056 658 1243 705 originem
1281 655 1416 691 debere
1460 654 1641 691 Aelianus
1683 667 1727 691 eo

299 710 410 755 loco,
451 721 562 757 quem
593 711 729 757 citavi3
779 713 1026 758 posteriorem
1061 714 1180 748 multo
1218 712 1470 760 antiquiorem
1492 711 1628 748 „fuisse
1668 724 1728 747 se-

300 766 432 814 quenti
460 765 557 801 libro
584 778 614 802 c.
645 768 718 805 22.
747 780 768 803 a
796 767 936 804 Nostro
965 767 1132 805 (locetur.
1188 768 1312 811 Quare
1334 763 1635 805 κατασκευάσαι
1657 769 1730 803 erit

298 823 534 865 instruaris-se
562 827 599 857 et
627 824 753 871 magis
783 836 994 861 exornasse
1005 837 1018 860 .·
1052 826 1165 861 sicuti
1190 821 1263 869 τὰς
1293 826 1393 869 ναῦς
1416 818 1728 870 κατασκευάζειν

297 876 409 915 XIII.
453 878 526 916 47.
573 884 611 913 et
654 876 826 928 δύναμις
863 878 1214 931 κατεσκευασμένη
1253 878 1347 919 XX.
1394 881 1465 920 61.
1501 886 1538 915 et
1578 874 1729 924 κόλπος

296 931 668 983 κατεσκευασμένος
703 931 865 982 πόλεσι,
911 938 1020 972 sinus
1053 936 1333 973 accubantibus
1371 935 1530 974 urbibus
1567 936 1730 984 egregie

299 997 464 1026 ornatas
495 990 534 1024 in
565 988 742 1026 strabon.
765 991 810 1029 V.
832 1005 865 1040 p.
886 993 989 1031 379.
1014 990 1054 1028 C.
1082 992 1217 1030 VVESS.

411 1045 480 1084 55.
504 1046 575 1085 81.
610 1047 822 1086 Τοσοῦτον
843 1045 886 1086 δὲ
918 1049 1081 1099 πλῆθος
1098 1043 1352 1100 χρημάτων]
1385 1047 1641 1098 Vulgatumne
1676 1060 1726 1084 an

296 1100 458 1138 Clarom.
483 1103 524 1140 2.
558 1104 733 1141 τοσοῦτο
768 1105 886 1153 eligas
918 1104 1072 1153 perinde
1106 1107 1188 1141 erit.
1243 1103 1413 1141 Utuntur
1443 1111 1604 1153 utroque
1639 1116 1728 1153 pro-

294 1160 459 1204 misene,
489 1158 801 1206 quemadmodum
821 1160 883 1196 IV.
909 1161 978 1199 55.
1009 1160 1101 1198 XII.
1129 1162 1198 1200 50.
1230 1167 1268 1197 et
1290 1162 1475 1199 τοιοῦτον
1505 1173 1548 1197 ac
1576 1161 1728 1199 τοσοῦ-

295 1229 367 1253 τον
397 1215 562 1264 πλῆθος
588 1216 690 1252 infra
721 1229 753 1254 c.
791 1217 860 1256 52.
900 1216 1006 1253 Adde
1035 1216 1108 1254 Ios.
1137 1215 1291 1254 Barnes.
1325 1219 1366 1254 in
1394 1215 1565 1266 Euripid.
1585 1215 1726 1253 Troad.

297 1272 402 1310 972.
446 1270 547 1318 Opes
573 1278 698 1308 autem
725 1271 860 1310 horum
885 1272 1175 1321 Thebanorum,
1206 1275 1354 1310 tametsi
1383 1276 1579 1323 ingentem
1598 1285 1728 1309 earum

296 1329 443 1376 copiam
474 1326 611 1363 Persae
637 1329 885 1376 abstulerint,
924 1342 1003 1366 non
1032 1330 1150 1366 fuisse
1181 1329 1476 1366 contemnendas
1502 1331 1542 1365 in
1565 1335 1727 1366 aetatem

295 1395 414 1431 usque
450 1381 659 1421 Ptolemaei
687 1384 954 1422 Philometmis
982 1385 1145 1423 Pausan.
1166 1386 1196 1425 Ι,
1228 1388 1269 1425 9.
1301 1385 1478 1423 ostendit.
1509 1384 1643 1422 WVESS.

409 1440 479 1479 56.
505 1440 577 1479 90.
600 1435 727 1478 Eum).
755 1439 857 1494 ποὸς
885 1446 971 1488 τοῖς
1005 1439 1330 1495 τετταράκοντα]
1360 1440 1497 1478 Strabo
1526 1441 1615 1495 περὶ
1636 1455 1727 1479 τετ-

293 1490 526 1546 ταράκοντα
569 1508 649 1533 non
685 1496 794 1533 finito
831 1511 987 1536 numero
1030 1500 1071 1535 in
1107 1512 1213 1536 suam
1240 1505 1401 1536 aetatem
1425 1498 1579 1535 durasse
1609 1498 1728 1534 refert

293 1550 420 1589 XVII.
451 1565 486 1601 p.
519 1554 651 1592 1171.
683 1552 816 1590 Wnss.

408 1608 477 1648 56.
500 1609 572 1647 99.
595 1607 669 1647 ζΩν
691 1608 773 1648 ἐστι
796 1605 1118 1663 καὶἙκαταΓος]
1149 1611 1256 1648 Alius
1279 1617 1356 1657 est,
1385 1620 1498 1660 atque
1520 1611 1598 1657 ille,
1617 1609 1725 1646 ouius

294 1677 326 1700 c.
349 1665 422 1704 37.
446 1667 686 1702 meminerat:
717 1668 781 1702 ille
802 1666 996 1714 Milesius,
1023 1666 1133 1704 Darii
1163 1667 1416 1717 Hystaspidae
1443 1668 1634 1715 aequalis,
1664 1665 1726 1702 hic

293 1720 404 1757 domo
437 1721 641 1768 Abderita,
675 1725 781 1759 cuius
809 1725 977 1771 scripta,
1009 1726 1122 1761 sicuti
1153 1730 1191 1760 et
1212 1723 1283 1760 hoc
1315 1723 1360 1760 de
1381 1724 1494 1760 rebus
1512 1724 1726 1773 AegyptiiS‚

291 1784 466 1813 recenset
487 1777 534 1814 G.
556 1777 610 1816 Io.
636 1778 794 1815 Vossius
817 1778 845 1816 I.
864 1778 912 1815 H.
935 1778 981 1815 G.
1012 1782 1081 1820 10.
1121 1780 1254 1817 VVESS.

407 1835 477 1873 56.
499 1836 541 1873 2.
574 1831 660 1880 Τὰς
689 1834 944 1881 παλλακίδας
972 1832 1215 1889 τεθάφθαι]
1248 1836 1350 1873 Iovis
1377 1837 1545 1885 impuros
1576 1846 1724 1871 amores

292 1891 365 1926 etsi
385 1889 475 1926 haec
496 1892 683 1938 respicere
707 1891 931 1937 videantur.
964 1893 1076 1928 credo
1095 1894 1239 1940 puellas
1261 1893 1445 1938 indicari,
1473 1903 1607 1940 quae
1586 1903 1723 1927 venere

292 1951 330 1981 et
359 1947 481 1983 forma
514 1950 860 1994 praestantissimae
891 1947 1031 1984 'lhebis
1062 1949 1136 1996 Aeo
1119 1951 1260 1998 oyptiis,
1279 1951 1359 1985 cius
1379 1949 1496 1985 sacris
1516 1948 1724 1997 operaban-

291 2007 374 2048 tur,
419 1998 641 2049 ΙΙαὶλάὸες
690 2003 878 2042 Pallmles
925 2005 1075 2052 quidem
1115 1988 1271 2041 Gra-etis
1308 2005 1452 2050 dictae⁷
1496 2004 1561 2040 sed
1590 2016 1723 2053 parum

291 2065 436 2105 castae,
463 2058 669 2108 floremque
687 2060 846 2108 aetatis,
879 2058 998 2097 donec
1021 2062 1187 2098 naturali
1215 2061 1322 2098 fluxu
1351 2066 1621 2111 purgarentur,
1652 2071 1722 2096 v0-1-

290 2115 454 2151 lentibus
471 2118 699 2164 prostituere
722 2116 899 2154 adsuetae
922 2118 1021 2165 apud
1042 2117 1219 2154 Strabon.
1240 2116 1364 2154 XVH.
1374 2131 1409 2166 p.
1429 2118 1559 2157 1171.
1591 2115 1721 2152 ’ΨΕὸδ-

403 2173 473 2211 56.
498 2173 541 2210 4.
577 2169 677 2211 Ὀσυ
678 2169 893 2240 ιανὸυου]
933 2174 1158 2225 Legitimam
1186 2173 1285 2211 hanc
1316 2187 1397 2211 esse
1415 2174 1721 2210 terminationem

289 2227 549 2265 nominativus
587 2225 878 2280 Ὀσυμανδύας
912 2232 1015 2269 infra
1056 2230 1233 2268 ostendit.
1288 2229 1430 2267 Iterum
1469 2242 1559 2280 ergo
1595 2230 1721 2265 lusum

294 2282 527 2320 Glossatoris
549 2298 746 2335 agnoscas.
775 2284 910 2325 RHOD.
969 2286 1152 2324 Straboni
1177 2289 1210 2324 si
1236 2286 1352 2333 fides,
1383 2285 1624 2323 Memnonem
1643 2283 1718 2321 Ae-

288 2342 413 2389 gyptii
432 2340 641 2378 Ismmzden
661 2343 852 2379 vocabant
870 2342 993 2380 XVII.
1013 2357 1048 2393 p.
1076 2346 1095 2384 1
1108 2345 1208 2384 167.
1228 2341 1297 2390 Ι).;
1323 2343 1364 2379 id
1378 2342 1528 2391 quidem
1547 2340 1718 2378 Diodoro

288 2394 389 2432 haud
417 2399 635 2434 constitisse
667 2400 825 2450 colligas
858 2412 906 2436 ex
933 2400 979 2436 Π.
1007 2402 1106 2451 22,-
1147 2399 1351 2437 absurdum
1374 2406 1499 2435 tamen
1524 2409 1602 2434 non
1634 2398 1720 2443 erit,

288 2452 399 2489 modo
427 2451 642 2490 Memnonis
673 2467 733 2490 res
761 2462 890 2506 gestae
918 2457 1147 2504 probentur-3
1188 2468 1283 2505 quae
1312 2462 1439 2492 utrum
1467 2461 1505 2490 et
1532 2459 1720 2502 quatenus

288 2510 458 2557 possint,
499 2521 577 2545 non
605 2511 782 2548 inmerito
811 2514 959 2559 quaerit
987 2512 1061 2550 Iac.
1085 2512 1311 2549 Perizonius
1331 2510 1480 2562 Origin.
1503 2508 1665 2560 Aegypt.
1686 2522 1718 2546 c.

294 2566 364 2605 17.
398 2564 532 2601 WEss.

392 2622 460 2661 56
478 2624 511 2661 8
523 2616 796 2674 Ῡπηρεῖσθαι
819 2620 904 2662 δ”ἑ
882 2639 971 2663 αντι
981 2640 1064 2665 των
1083 2619 1228 2663 κιόνων
1249 2619 1487 2673 ζώὸια]Νοῐι
1498 2622 1611 2661 video
1628 2620 1719 2669 quid

286 2679 410 2726 aptius
429 2678 563 2725 reponi
580 2681 701 2726 possit
716 2692 782 2728 pro
805 2695 874 2717 vn.
864 2683 1068 2730 josto-Hm,
1097 2693 1207 2729 quam
1229 2675 1538 2732 υπεοηρεῖσθαι.
1565 2677 1717 2714 STEPH-

279 2728 457 2787 ι1π.εοη()
436 2735 599 2772 οεῖσθαι
627 2735 932 2772 substituendum
967 2744 1096 2773 censet
1124 2736 1172 2773 H.
1203 2735 1417 2784 Stephanus
1450 2748 1517 2785 per
1547 2734 1715 2781 duplica-

285 2790 426 2827 tionem
456 2789 620 2827 Atticam
644 2793 850 2829 initialium
880 2791 1057 2830 thematis
1074 2796 1173 2830 liter·
1176 2805 1291 2830 .rum:
1319 2792 1419 2842 quod
1441 2791 1715 2828 Grammatico-
