1828 3253
403 149 466 190 ΙΝ
497 148 771 194 maxim.
800 148 929 189 CAP.
962 150 1034 193 83.
1062 152 1198 192 -85.
1424 160 1513 201 691

61 268 120 300 tot
152 263 325 312 partibus
356 264 499 301 civium
528 276 728 301 numerum
759 264 993 310 excessisse,
1030 270 1125 312 quot
1146 266 1313 330 vulgata
1339 271 1513 318 requirit.

61 316 209 356 Favere
248 321 362 356 etiam
393 319 554 370 quodam
587 319 700 357 modo
739 315 992 371 67dor'zozta
1030 316 1227 372 μιριάὸες
1262 324 1509 375 videbuntur,

61 385 156 423 quas
192 374 396 413 Potamilla
419 375 652 427 Agrigento,
682 375 771 412 dum
803 376 882 412 fata
909 374 1087 423 Deusque
1115 378 1315 426 sinebant,
1351 380 1507 422 florenti

61 431 272 468 contribuit
300 432 401 480 apud
420 431 596 482 Diogen.
618 432 743 469 Laert.
774 430 816 467 L.
839 432 867 467 V
875 431 940 467 ΙΙΙ.
966 432 1059 471 63.·
1051 459 1060 477 ,
1086 437 1308 481 praesertim
1339 438 1372 472 si
1393 449 1504 476 notae

59 489 273 524 numerales
304 503 333 526 π
356 495 393 524 et
410 503 457 534 κ,
482 495 524 524 ut
553 477 764 525 Bochartus
797 490 975 533 coniicit,
1011 490 1089 524 sint
1118 491 1299 527 confusae
1339 506 1382 529 eo
1415 497 1501 533 loci.

57 541 102 579 ld
120 550 248 580 tamen
266 543 608 592 perinconmodum
628 544 782 590 accidit,
809 544 909 592 quod
930 545 1065 591 scripti
1090 542 1207 581 Codd.
1229 547 1323 584 nihil
1344 562 1499 596 prorsus

57 600 213 645 iuvent,
241 600 508 649 proferrique
498 612 540 636 ln
559 599 723 637 medium
744 601 834 636 talia
853 603 1014 648 possint,
1037 612 1130 648 quae
1148 611 1321 650 receptae
1345 607 1502 644 lectioni

57 653 158 692 haud
176 667 308 703 parum
328 658 630 703 patrocinantur.
658 655 819 692 Athenis
843 656 1028 692 duntaxat
1048 664 1146 702 utar,
1175 670 1268 705 quas
1286 659 1500 712 Agrigento

54 712 257 759 ampliores
275 711 394 748 fuisse
424 724 536 748 nemo
559 711 726 761 prudens
750 711 950 749 dubitabit.
986 711 1038 748 Et
1059 719 1183 749 tamen
1205 728 1289 751 cum
1312 715 1501 757 Demetrii

52 765 229 804 Phalerei
248 773 417 816 tempore
436 769 646 806 incolarum
665 769 833 804 omnium
856 781 991 804 census
1011 769 1188 815 iniretur,
1215 775 1359 837 reperti
1379 774 1498 812 Athe-

51 823 245 859 niensium
267 831 358 860 sunt
376 820 581 889 δισμύριοι
602 821 706 876 πρὸς
724 829 810 869 τοῖς
824 824 990 874 χιλίοις,
1016 823 1194 875 μέτοικοι
1213 842 1366 877 uv9cot,
1395 846 1498 870 0125-

50 880 134 917 τῶν
151 874 349 930 ,ιηριὰὸες
368 875 698 932 τεσσαράκοντα,
720 887 876 917 auctore
899 878 1059 917 Ctesicle
1078 881 1175 930 apud
1198 883 1336 923 Athen.
1368 885 1410 923 L.
1430 887 1494 924 WI.

49 935 124 974 20.
149 935 233 978 Qua
250 935 432 984 quidem'
422 949 463 974 in
483 937 639 974 civitate
662 950 746 973 cum
762 949 840 973 uno
860 936 1064 985 eodemque
1083 944 1251 988 tempore
1262 950 1336 977 xm
1350 944 1494 981 civium

47 991 190 1038 millia,
217 994 508 1043 peregrinorum
535 1002 565 1028 x
585 994 728 1042 millia,
757 1004 1029 1041 servorumque
1059 1004 1152 1029 cccc
1173 996 1294 1032 millia
1320 1010 1496 1037 numera-

46 1054 202 1094 rentur,
231 1048 437 1085 absurdum
458 1051 589 1097 utique
615 1048 745 1086 haberi
764 1061 842 1085 non
863 1057 1009 1098 potest,
1040 1051 1073 1086 si
1093 1049 1368 1100 Agrigentinos
1387 1058 1492 1093 cives

45 1102 218 1140 advenae
239 1111 277 1140 et
294 1106 399 1142 servi
417 1117 575 1148 numero
595 1107 709 1156 longe
728 1107 917 1155 longeque
937 1109 1164 1153 superarint.
1194 1108 1324 1145 Wflss.

161 1161 267 1200 609.
298 1161 375 1200 45.
417 1159 556 1211 Ζηὲχρι
585 1160 661 1211 μέν
681 1176 789 1207 τινος
815 1160 1063 1213 ἐπέπληττε]
1105 1162 1194 1200 Non
1224 1168 1318 1202 satis
1349 1166 1492 1204 cohae-

43 1220 133 1252 rent
163 1215 266 1268 qao)
296 1215 341 1256 δὲ
361 1213 434 1255 τὸν
455 1214 722 1269 Ἀντισθέιην
749 1239 796 1244 -
818 1215 940 1255 gnam)
946 1232 1039 1268 ηττε
1064 1222 1279 1271 -φῆσαι,
1322 1221 1492 1262 Medium

44 1271 80 1308 si
99 1269 313 1322 ἔπιπ3ῆξαι
333 1275 572 1322 scripsisset,
600 1274 682 1310 sine
705 1274 866 1310 salebris
895 1275 1019 1310 oratio
1039 1274 1270 1316 decurreret.
1301 1277 1350 1314 WV
1355 1289 1436 1317 Ess

157 1329 264 1367 609.
304 1330 376 1368 52.
426 1325 648 1379 Τοσαύῖην
681 1328 893 1379 συνέβαινε
926 1327 1088 1383 τριᾳιὶν
1129 1327 1228 1369 εἶναι
1251 1340 1322 1372 etc.
1337 1332 1355 1385 ]
1404 1334 1490 1373 Huc

41 1383 210 1450 pertinet
227 1391 379 1431 acutum
395 1383 639 1434 Empedoclis
661 1385 826 1432 dictum,
861 1382 1183 1437 Ἀκραςαντῖνοι
1206 1402 1310 1440 τρυᾳ
1320 1392 1393 1429 ῶσι
1413 1391 1489 1441 μὲν

39 1453 98 1485 ως
118 1436 261 1490 αὔριον
278 1437 636 1507 ἀποθανούμενοι,
666 1441 797 1487 οἰκίας
817 1440 860 1480 δὲ
879 1438 1251 1490 κατασκευάζονται
1274 1441 1361 1491 ὥς.
1351 1443 1489 1486 πάντα

37 1491 112 1534 τὸν
129 1509 283 1546 χροιον
302 1492 571 1547 βιωσόμενοι,
595 1497 855 1547 Agrigentini
884 1499 941 1534 ita
963 1511 1002 1535 se
1025 1499 1141 1535 luxui
1163 1502 1346 1549 tradunt,
1372 1507 1492 1553 quasi

33 1553 234 1604 postridie
251 1554 463 1591 morituri.-
495 1555 627 1592 domoe
653 1567 747 1591 vero
766 1555 1000 1602 aedeficant,
1020 1568 1070 1592 uc
1095 1557 1133 1592 si
1142 1569 1214 1607 μοι
1214 1565 1340 1608 petuo
1359 1568 1491 1598 essent

37 1610 209 1654 victuri,
235 1609 336 1657 apud
356 1607 520 1660 Diogen.
545 1609 668 1647 Laert.
689 1609 732 1646 L.
754 1609 855 1649 V.lll
880 1611 954 1650 63.
985 1610 1035 1647 WW
1041 1621 1121 1650 Ess.

152 1665 258 1705 609
298 1665 371 1705 65.
419 1662 522 1704 'Em'
546 1680 667 1705 τινων
698 1661 865 1719 3όφων,
901 1663 962 1719 ἐφ’
1003 1664 1060 1705 cin
1088 1662 1186 1713 τούς
1214 1683 1258 1707 τε
1274 1666 1483 1724 ”Ι,θηρας]

36 1719 221 1759 Hiantem
251 1722 481 1759 sententiam
499 1722 590 1758 libri
611 1722 748 1759 Veneti
778 1735 847 1789 ope
869 1724 1034 1770 explevi.
1061 1722 1111 1759 WW
1115 1733 1201 1762 Ess.

149 1778 255 1818 610·
285 1779 371 1818 68.
390 1773 551 1832 Τάφρῳ
568 1778 725 1834 βαθείᾳ
748 1778 815 1816 καὶ
828 1773 1012 1829 χάρακι
1002 1777 1271 1833 περιέβαλον]
1306 1780 1483 1833 Scripse-

34 1840 97 1872 rat
115 1831 402 1901 περιέλαβον,
410 1840 454 1870 ut
471 1835 579 1872 solet.
611 1834 642 1871 W
645 1820 715 1871 ide
728 1841 807 1871 not.
826 1835 866 1870 in
888 1833 929 1871 L.
954 1833 1025 1871 XI.
1049 1835 1122 1874 30.
1152 1835 1201 1872 WW
1206 1847 1286 1873 Ess.

148 1890 256 1931 610.
291 1890 363 1930 84
389 1886 520 1940 “Apta
539 1888 583 1929 ὁὲ
605 1886 766 1936 τούτοις
785 1888 1059 1942 ἐμίσθωσαι]
1096 1890 1186 1928 Non
1220 1892 1351 1930 dubito
1387 1897 1482 1943 quin

33 1934 278 1983 scribendum
307 1947 359 1982 sit
387 1941 705 1997 ἒιιισθώᾶησαν.
734 1945 887 1984 STEPH.
916 1954 954 1983 et
975 1945 1109 1983 Ruon.
1157 1947 1291 1985 Gratia
1322 1950 1482 1988 debetur

34 2000 128 2041 Cod.
153 2001 314 2049 Veneto,
341 2004 591 2039 certissimam
599 1971 799 2052 Stephani
820 2003 1124 2040 emendationem
1144 2004 1367 2043 stabilienti.
1384 2006 1479 2044 Sed

33 2058 140 2095 aliud
169 2065 254 2106 est,
276 2058 378 2106 quod
408 2057 510 2096 hunc
539 2060 664 2096 locum
695 2060 927 2108 inquinavit.
961 2058 1115 2096 Falsum
1146 2063 1248 2098 enim
1268 2068 1348 2108 est,
1376 2063 1478 2110 quod

31 2114 216 2152 continuo
240 2115 443 2152 subiicitur
471 2111 511 2154 οἱ
529 2109 727 2166 πρότερον
741 2112 914 2170 Ἀμιλκᾳ
943 2111 1301 2167 συμμαχήσαιτες.
1344 2116 1479 2156 Secuti

29 2177 140 2208 erant
166 2172 361 2220 superiore
389 2171 632 2221 expeditione
651 2170 883 2208 Hannibalis
916 2172 1028 2222 signa
1048 2169 1230 2220 Campani
1251 2174 1334 2217 illi,
1366 2181 1407 2210 ut
1428 2187 1476 2211 ex

29 2239 64 2266 c.
87 2226 162 2266 44.
183 2233 221 2263 et
241 2228 315 2267 62.
342 2234 504 2265 constat.
529 2224 838 2282 ltaque’Avm‘ssa
861 2234 1092 2275 oportuerat,
1115 2239 1227 2276 quem
1245 2228 1478 2278 Humilem,

28 2281 275 2320 librariorum
293 2283 458 2320 fortasse
477 2284 738 2334 negligentia,
767 2268 854 2320 sede
878 2286 1028 2320 evertit.
1057 2283 1106 2321 WW
1111 2295 1196 2322 Ess.

140 2339 244 2378 610-
275 2340 349 2380 87.
370 2335 552 2406 Adtpovy
578 2336 650 2379 τὸν
668 2337 909 2405 'Afflwaov
929 2338 1005 2389 μὲν
1025 2335 1357 2392 ὀνομαζόμενον]
1392 2341 1473 2379 Ρο-

27 2393 158 2444 lybius
177 2394 264 2432 urbi
292 2408 418 2433 arcem
445 2397 634 2433 inminere
659 2397 736 2441 ait,
764 2396 806 2432 in
827 2397 935 2432 cuius
955 2409 1102 2433 summo
1121 2399 1264 2434 vertice
1290 2394 1474 2449 Ἀθηνᾶς

30 2446 140 2501 ἱερὸν
171 2449 238 2489 καὶ
265 2447 371 2497 Διὸς
393 2448 656 2502 Ἀταβυριόυ
687 2453 739 2488 sit
766 2451 982 2498 conditum,
1032 2451 1075 2489 L.
1105 2451 1179 2491 IX.
1213 2454 1288 2492 21.
1340 2455 1398 2490 Ab
1429 2468 1472 2492 eo

31 2506 192 2555 templo,
234 2509 372 2556 quippe
399 2510 571 2556 potiore,
610 2509 745 2545 collem
773 2505 919 2544 hune'
924 2509 1150 2559 Αθηναΐον
1177 2508 1363 2557 adpellari
1399 2509 1471 2549 Ph.

29 2559 232 2599 Cluverius
249 2570 381 2600 censet
401 2563 510 2601 Sicil.
529 2564 658 2612 Antiq.
678 2562 722 2600 L.
739 2562 766 2600 l.
786 2576 821 2612 p.
843 2565 950 2604 208.
985 2564 1074 2601 Non
1097 2564 1221 2602 credo.
1256 2565 1338 2601 Arx
1357 2568 1473 2612 enim,

29 2629 105 2666 qua
126 2630 260 2668 agrum
282 2620 498 2667 spectabat,
527 2619 717 2670 profunda
739 2626 852 2668 atque
870 2621 1068 2658 inaccessa
1089 2624 1276 2673 voragine
1296 2629 1378 2658 erat
1396 2623 1473 2658 cir-

27 2673 227 2721 cumdata,
256 2673 420 2725 Polybio
443 2682 558 2713 teste:
589 2682 785 2724 praeterea
804 2677 985 2724 templum
1002 2675 1199 2715 Minervae
1218 2678 1322 2714 intra
1340 2678 1474 2715 urbem

26 2737 122 2770 erat.
144 2729 233 2776 'Hic
252 2743 345 2768 vero
371 2733 612 2778 collisssextra
641 2735 723 2769 eius
743 2744 892 2770 muros:
924 2741 966 2770 ut
993 2733 1088 2770 adeo
1113 2733 1160 2771 ab
1182 2746 1269 2771 arce
1297 2733 1474 2771 diversus

23 2788 85 2824 sit.
117 2785 174 2824 De
198 2788 338 2836 templo
366 2789 562 2837 loquemur
582 2788 774 2837 deinceps.
805 2788 938 2825 Wssss.
1091 2845 1155 2884 41
1176 2847 1197 2866 a
