1828 3253
218 125 309 165 790
688 124 1207 167 ANNo'rA'rioNsss

218 248 306 273 men
333 233 543 284 posterius.
583 243 627 278 ut
653 243 790 278 auctor
817 238 893 279 sibi
923 244 1131 279 constaret.
1187 236 1331 279 Confer
1358 236 1580 279 Berkelium
1618 239 1668 278 ad

218 291 470 342 Stephanum.
529 293 668 334 VVESS.

333 349 438 388 714.
470 349 513 389 4.
543 346 768 390 ’Ἔπλευσεν
784 349 849 390 ἐπὶ
863 346 1033 404 Ῥόδον]
1087 351 1214 400 Atque
1237 350 1310 389 hoc
1328 358 1558 402 postremum
1579 364 1670 400 ope-

221 417 306 441 rum
327 406 409 440 eius
425 407 645 443 mortalium
664 408 755 443 fuit:
798 421 882 445 cum
901 410 1003 445 enim
1025 408 1074 445 ad
1093 408 1313 456 Aspendum
1333 409 1566 456 appulisset,
1602 420 1672 445 ne·-

222 472 296 510 qne
315 462 417 497 satis
434 462 648 511 diligenter
669 465 709 500 in
730 466 881 501 castris
900 466 985 502 eius
1004 471 1226 515 agerentur
1244 465 1434 513 vigiliae,
1476 477 1502 501 a
1526 463 1672 501 barba-

223 519 302 563 ris,
328 530 378 553 er
395 520 536 568 oppido
554 526 672 556 noem
690 522 899 570 eruptione
909 521 1061 568 facta,
1090 523 1130 559 in
1152 520 1410 558 tabernaculo
1432 520 1674 567 interfectus

224 579 297 611 est.
359 573 427 609 sic
454 574 583 622 Nepos
618 574 818 613 Cornelius
847 577 889 614 in
912 576 1102 627 Thrasyb.
1135 590 1168 614 c.
1187 578 1259 614 ult.
1283 584 1321 614 et
1341 575 1564 627 Xenophon
1585 575 1676 614 Rer.

226 628 363 667 Gracc.
388 629 429 666 L.
440 629 504 668 IV.
525 632 677 679 p.423.
717 632 812 669 Vide
834 634 937 671 infra
960 646 992 670 e.
1009 635 1084 673 99.
1139 633 1281 671 WVEss.

339 686 443 725 714.
479 689 497 726 1
514 689 549 726 l.
588 683 765 734 Πάντας
795 686 836 727 δ”
869 688 1069 740 ἐπιμελῶς
1099 685 1461 741 καθοπλίσαντες]
1509 687 1679 736 Explevi

225 740 274 778 ad
296 739 396 777 hunc
416 743 571 780 modum
590 748 825 793 orationem,
854 759 974 795 pravo
999 747 1174 796 alioquin
1197 747 1277 782 talo
1301 745 1509 782 suffultam.
1540 744 1677 782 WVESS.

340 799 443 837 715.
481 801 550 840 18.
590 798 720 852 Παρὰ
750 799 824 840 τὸν
855 797 1034 854 λ’ρύσαν
1063 798 1277 853 ποταμὸν]
1336 800 1505 850 Chrysas
1535 801 1678 838 fluebat

224 865 290 900 per
312 853 619 903 Agyrinaeorum
642 865 680 893 et
696 857 972 895 Assorinorum
989 871 1127 909 agrOS,
1167 857 1268 907 apud
1294 870 1390 907 quos
1415 865 1454 893 et
1476 856 1582 894 Deus
1610 856 1678 894 ha-

227 908 386 947 bebatur
407 919 444 947 et
465 915 630 949 maxima
650 915 837 965 religione
859 916 1068 952 colebatur.
1112 913 1261 951 Fanum
1282 916 1364 951 eius
1384 920 1536 962 propter
1557 915 1679 962 ipsam

224 967 347 1014 viam,
380 978 454 1014 qua
472 967 615 1006 Assoro
633 969 762 1007 ibatur
778 970 970 1018 Hennam,
997 974 1035 1008 et
1054 971 1299 1007 simulacrum
1322 970 1514 1017 praeclare
1534 969 1680 1006 factum

223 1025 453 1060 memoravit
482 1023 617 1061 Cicero
649 1035 785 1075 quarta
814 1027 978 1064 Verrina
1004 1041 1036 1064 c.
1057 1027 1134 1066 44.
1179 1026 1296 1063 Numi
1318 1026 1608 1071 Assorinorum,
1638 1027 1679 1061 in

223 1078 362 1125 quibus
391 1091 568 1130 CRYSAS,
612 1081 790 1120 Oratoris
820 1084 922 1120 dicta.
953 1083 1205 1128 confirmant,
1243 1084 1302 1118 uti
1320 1081 1433 1119 Fulv.
1452 1080 1619 1118 Ursinus
1643 1087 1681 1117 et

222 1131 366 1171 l’aruta
396 1139 771 1176 conmonefecerunt.
829 1140 949 1178 Plura
985 1140 1031 1176 de
1053 1152 1165 1176 amne
1187 1138 1353 1187 Philipp.
1377 1136 1579 1174 Cluverius
1601 1135 1681 1174 Sic.

223 1188 313 1227 Ant.
345 1191 386 1228 L.
406 1191 456 1230 II.
485 1205 522 1243 p.
540 1195 647 1235 325.
689 1202 727 1233 et
751 1195 804 1236 N.
838 1195 1027 1234 Heinsius
1054 1195 1103 1238 ad
1133 1194 1206 1233 Sil.
1235 1194 1360 1232 Italic.
1389 1194 1433 1233 L.
1445 1192 1550 1231 XIV.
1574 1194 1682 1233 229.

223 1244 360 1284 '‘Wess

341 1305 445 1344 715.
468 1306 542 1345 30.
575 1308 673 1347 Τῶν
693 1303 788 1347 τότε
807 1304 885 1360 γὰρ
905 1305 1192 1359 περικειμένων
1212 1301 1429 1358 ἐρυμάτιον
1449 1309 1536 1351 etc.]
1565 1305 1684 1342 Prae-

228 1358 340 1396 video
371 1373 452 1398 non
482 1361 704 1412 defuturos,
743 1368 810 1413 qui
827 1366 913 1402 voci
933 1361 1028 1404 τότε
1056 1365 1271 1400 molestiam
1298 1362 1501 1398 creandam
1520 1368 1680 1412 negent:

224 1414 390 1454 indicari
419 1420 520 1456 enim
552 1422 710 1458 castella
736 1434 781 1458 ea
811 1422 979 1458 auctoris
1000 1427 1123 1457 aetate
1143 1432 1222 1456 non
1246 1431 1459 1466 superasse.
1515 1418 1602 1468 Ego
1623 1431 1683 1455 se-

227 1483 295 1507 cus
329 1474 517 1519 arbitror,
557 1488 713 1525 eamque
746 1490 796 1514 ex
821 1477 1087 1524 superioribus
1114 1478 1155 1512 in
1174 1474 1275 1513 hanc
1295 1474 1426 1511 sedem
1455 1476 1684 1526 inmigrasse

226 1532 413 1575 suspicor.
455 1528 568 1567 Tolle
588 1546 702 1582 ergo,
733 1534 765 1569 si
785 1534 924 1582 placet.
980 1532 1115 1570 Wess.

341 1585 445 1624 715.
477 1587 550 1625 35.
601 1586 1000 1642 Συνηθροιομένων]
1051 1587 1189 1625 Scribe
1219 1582 1602 1638 συνηθροισμένον,
1645 1590 1684 1622 et

223 1646 309 1687 post
325 1654 446 1690 pauca
461 1639 548 1692 μετ’
572 1639 732 1695 ὀλίγων.
792 1643 930 1682 RHOD.

341 1698 444 1737 715.
476 1698 551 1737 45.
588 1699 669 1737 Καὶ
690 1702 804 1754 κοινῇ
824 1705 911 1746 τοῖς
931 1697 1236 1751 Καρχηδονίοις
1257 1694 1503 1749 διεπολέμει]
1536 1696 1578 1734 In
1605 1710 1685 1735 am-

228 1750 342 1799 biguo
387 1766 471 1789 sum
499 1760 629 1793 utrum
661 1758 824 1807 eligam,
857 1758 1055 1807 vulgatam
1075 1768 1125 1792 an
1149 1757 1469 1805 praestantiorum
1491 1752 1609 1792 Codd.
1629 1755 1687 1791 le-

225 1807 423 1846 ctionem?
472 1810 582 1851 infra
607 1810 650 1848 L.
671 1812 768 1850 XX.
806 1814 876 1853 19.
916 1813 1138 1863 Antigonus
1171 1810 1378 1850 Φίλιππον
1403 1807 1604 1860 ἐξέπεμψε
1631 1831 1685 1840 -

227 1861 591 1917 διαπολεμήσοντα
627 1867 786 1908 Φοίνικι
817 1867 885 1908 καὶ
917 1874 1005 1914 τοῖς
1034 1863 1302 1922 ἀφεστηκόσι.
1355 1867 1406 1903 At
1429 1865 1501 1903 hoc
1519 1866 1621 1903 libro
1651 1880 1684 1903 c·

228 1920 302 1959 99.
329 1918 435 1971 μετὰ
456 1918 616 1962 τούτων
639 1923 906 1975 διεπολέμουν
928 1922 1033 1976 πρὸς
1054 1921 1152 1969 τοὺς
1172 1921 1278 1963 κατὰ
1298 1920 1374 1973 τὴν
1398 1918 1531 1961 πόλιν.
1589 1922 1686 1959 Pro-

227 1976 316 2013 bum
334 1991 426 2026 ergo
447 1986 650 2029 utrumqne
672 1988 710 2018 et
730 1982 904 2030 proferto
921 1982 1180 2018 arbitrarium.
1238 1979 1373 2017 Paullo
1404 1986 1492 2016 ante
1522 1974 1601 2018 ὅσα
1633 1972 1684 2030 ἦν

221 2032 343 2083 χρεία
366 2032 555 2072 Rhodon».
578 2039 618 2072 in
640 2044 719 2077 not.
745 2037 918 2075 Addend.
939 2034 1050 2077 ὅσων
1073 2029 1124 2088 ἦν
1148 2034 1270 2089 χρεία
1298 2037 1484 2085 corrigit,
1524 2036 1685 2072 alterum

229 2095 356 2125 tamen
385 2092 509 2128 locum
538 2091 678 2130 habere
708 2107 819 2142 posse
845 2094 1079 2146 adiungens:
1127 2092 1230 2143 quod
1259 2102 1416 2139 verum3
1456 2090 1523 2128 sed
1552 2092 1685 2129 tritius

229 2147 422 2193 posterius
447 2154 588 2186 tamen.
649 2149 784 2189 wass.

346 2204 450 2242 715·
484 2206 558 2244 62.
583 2200 888 2259 Παραπλήσιαι
904 2209 997 2251 ταῖς
1015 2199 1236 2257 πρότερον]
1267 2202 1358 2240 Vid.
1376 2201 1419 2239 L.
1432 2201 1541 2239 XIII.
1560 2216 1592 2240 c.
1612 2204 1684 2241 ult.
1738 2236 1740 2240 .

228 2256 272 2293 ld
292 2258 463 2296 additum
482 2259 572 2297 huic
591 2261 762 2309 foederi,
802 2269 846 2300 ut
864 2261 990 2300 Siculi
1016 2260 1210 2311 Dionysio
1238 2266 1436 2309 parerent,
1479 2260 1545 2310 qui
1573 2272 1686 2310 supe·

228 2314 329 2352 riore
354 2311 579 2366 αὐτόνομοι
598 2324 636 2354 et
657 2321 717 2356 sui
736 2320 834 2356 iuris
853 2319 1009 2356 fuerant
1026 2319 1181 2355 relicti..
1222 2315 1364 2355 WESS.

347 2373 454 2411 716.
487 2374 559 2413 70.
601 2369 678 2413 Ἐκ
700 2377 775 2414 τοῦ
797 2375 1023 2413 Φαλαικῶν
1044 2371 1216 2419 ἔθνους]
1262 2372 1456 2420 Interpres
1474 2367 1685 2410 Φάλισκον

231 2431 269 2461 ct
301 2426 526 2467 Φαλίσκων
553 2430 675 2479 legit,
711 2431 812 2481 quod
835 2438 872 2469 et
889 2430 957 2468 Ph.
977 2428 1180 2468 Cluverius
1210 2430 1451 2478 amplectitur
1476 2427 1560 2464 Ital.
1590 2428 1683 2467 Ant.

229 2480 271 2517 L.
290 2482 334 2520 11.
353 2496 388 2531 p.
403 2485 507 2524 537.
566 2484 612 2521 In
632 2487 707 2523 alia
729 2488 809 2524 abit
834 2486 890 2525 Cl.
909 2485 1120 2524 Salmasius
1140 2488 1179 2523 in
1204 2484 1328 2522 Solin.
1359 2497 1393 2534 p.
1413 2484 1508 2530 44„
1544 2482 1587 2522 ἐκ
1608 2484 1682 2523 τοῦ

229 2537 377 2578 Αἶκῶν
398 2537 549 2586 ἔθνους
570 2542 818 2581 substituens.
876 2542 961 2594 Ego
982 2543 1174 2592 prioribus
1196 2542 1433 2589 adstipulor,
1470 2547 1552 2576 tum
1582 2538 1684 2590 quod

229 2595 381 2633 minore
403 2598 603 2634 molimine
621 2602 749 2648 gentis
768 2599 998 2638 vocabulum
1013 2601 1271 2644 instauretur,
1298 2604 1382 2633 tum
1399 2597 1580 2645 quoniam
1595 2597 1684 2634 (Da-

229 2648 397 2699 λίσκους
416 2660 554 2691 auctor
583 2667 650 2692 eos
681 2658 855 2693 vocitare
878 2663 991 2704 atque
1010 2655 1058 2692 ab
1079 2655 1220 2703 Aequis
1241 2654 1478 2704 distinguere
1495 2652 1684 2689 adsuevit.

231 2705 329 2800 {ide
358 2721 449 2747 mox
479 2722 511 2746 c.
536 2711 612 2752 98.
641 2716 679 2749 et
705 2710 749 2749 1..
770 2711 880 2751 XVI.
902 2713 978 2754 31.
1010 2717 1050 2749 et
1068 2710 1114 2748 do
1130 2722 1173 2748 re
1196 2712 1280 2760 ipsa
1299 2710 1454 2748 Livium
1481 2708 1524 2746 L.
1539 2707 1585 2746 V.
1605 2710 1682 2749 26.

273 2773 372 2801 sss.
