1828 3253
343 201 435 242 738
809 196 1334 238 ANNOTATIONES

456 313 562 354 661.
590 313 665 353 92.
693 307 859 359 'Among
877 325 919 365 γε
937 307 1131 366 ἦγεμόσιν
1151 309 1316 361 ἐλθεῖν]
1347 311 1519 363 Ingentis
1538 312 1666 350 hiatus
1686 313 1788 351 indi-

342 372 445 408 cium
465 369 549 406 heic
569 377 628 406 est
648 372 688 406 in
710 368 896 416 Clarom.3
920 373 1027 406 cuius
1046 369 1199 418 quidem
1220 369 1409 406 defectum
1428 371 1606 406 versione
1636 383 1705 407 sua
1731 377 1794 406 ut·-

342 438 491 474 cunque
515 427 685 475 explevit
704 424 1026 472 Rhodomannus,
1057 426 1122 462 sed
1146 427 1255 474 plura
1279 425 1408 461 deesse
1429 425 1634 463 videntur:
1663 439 1796 474 nempe

342 484 592 520 reconciliata
626 482 756 519 Ariaei
781 485 863 518 sive
893 481 1048 519 Aridaei
1078 489 1115 518 et
1141 481 1414 531 Tissapher-nis
1448 484 1595 532 gratia,
1629 481 1800 519 Graeco-

344 552 430 576 rum
460 551 684 588 progressus
721 540 941 587 positaeque
971 540 1049 575 illis
1085 538 1276 584 insidiae,
1304 537 1577 585 Tissaphernis
1611 546 1648 575 et
1669 538 1800 575 Clear-

349 595 412 632 chi
447 607 695 645 congressuS,
724 602 761 631 et
790 596 889 641 alia,
919 606 1013 642 quae
1043 607 1090 630 ex
1112 594 1372 644 Xenophonte
1400 594 1442 631 L.
1461 594 1509 631 ll.
1528 594 1627 643 Exp.
1656 594 1744 646 Cyr.
1766 608 1801 645 p.

350 653 460 691 222.
491 672 538 678 -
561 653 668 691 226.
701 652 779 700 peti
802 650 953 690 debent.
983 650 1115 687 TVESS.

465 709 570 748 662.
601 707 675 746 95.
708 702 781 752 εΩς
799 704 935 757 εἲκὸς]
976 708 1097 751 Quam
1120 707 1202 744 vim
1233 701 1290 753 (ὃς
1313 703 1419 753 εἰκὸς
1450 706 1610 754 habeat,
1639 720 1718 744 non
1739 713 1804 744 te-

350 776 453 802 mere
477 766 676 812 quisquam
705 763 928 800 adfirmarit.
957 762 1034 800 Cur
1058 765 1162 800 enim
1182 775 1249 811 par
1273 770 1375 811 erat,
1404 770 1446 800 ut
1469 777 1546 800 una
1567 777 1653 800 cum
1673 762 1804 800 Clear-

351 819 423 857 cho
448 826 486 856 et
509 823 645 856 ceteris
675 820 756 856 fere
778 819 938 856 ducibus
968 821 1143 857 omnibus
1177 820 1355 856 ductores
1393 820 1570 856 ordinum
1601 820 1648 857 ad
1670 819 1804 857 Tissa-

351 875 534 926 phernem
564 873 691 913 irent?
738 874 874 913 Scribe
906 870 961 922 ὥς
990 873 1113 915 εἴκοσι
1165 882 1202 912 et
1231 876 1327 912 bene
1368 879 1495 912 onmia
1528 890 1567 912 se
1598 876 1803 913 habebunt.

351 932 413 970 Ad
436 935 578 983 viginti
599 934 701 969 enim
720 932 934 969 cohortium
953 933 1137 980 praefecti
1167 934 1311 980 pariter
1330 945 1416 968 cum
1437 932 1596 969 ducibus
1619 940 1656 969 et
1675 931 1806 969 Clear-

353 988 426 1026 eho
456 989 504 1025 ad
531 987 830 1037 Tissaphernem
858 1002 940 1025 sese
969 991 1228 1025 contulerunt.
1271 986 1403 1027 Πέντε
1432 987 1506 1038 μὲν
1537 985 1807 1039 στρατηγοὺς,

355 1043 481 1084 εἴκοσι
505 1043 549 1083 δὲ
571 1042 773 1096 hoxayoizg
801 1044 1022 1094 Xenophon
1043 1047 1098 1082 ait
1117 1044 1160 1081 L.
1182 1044 1349 1094 1[.E.xp
1375 1043 1464 1094 Cyr.
1493 1058 1527 1093 p.
1552 1047 1672 1091 227„
1695 1057 1806 1081 omne

355 1100 402 1139 de
424 1101 493 1138 hac
514 1104 752 1138 correctione
774 1101 929 1138 dubium
950 1103 1138 1149 eximens,
1156 1103 1216 1138 uti
1236 1108 1274 1137 et
1293 1100 1477 1151 Polyaen.
1491 1100 1574 1137 Vll.
1591 1103 1659 1142 18.
1672 1101 1721 1138 W
1725 1111 1808 1138 Ess.

469 1159 574 1197 662
600 1158 642 1196 4.
676 1154 743 1204 Ἐξ
764 1156 820 1197 ὡν
840 1161 896 1203 εἰς
919 1155 1063 1211 φυγῶν
1080 1161 1171 1204 etc.]
1200 1157 1415 1195 Nicarehus
1434 1157 1612 1208 ArcasH,
1590 1160 1699 1194 “ravi
1719 1160 1808 1196 vul-

352 1225 446 1252 nere
466 1214 662 1260 adfectus,
687 1212 939 1267 τετρωμένος
971 1214 1026 1261 εἷς
1055 1212 1130 1265 τὴν
1160 1212 1367 1266 γαστέρα,
1403 1214 1470 1253 καὶ
1500 1229 1552 1252 τα
1595 1212 1735 1267 ἔντερα
1764 1212 1805 1252 ἐν

351 1274 444 1316 ταῖς
462 1284 606 1321 χερσιν
630 1267 733 1320 ἔχων
768 1271 870 1319 apud
892 1270 1194 1320 Xenophontem
1216 1271 1317 1307 dicto
1338 1272 1434 1307 loco.
1462 1270 1511 1307 W
1517 1280 1596 1308 Ε88.

469 1328 681 1367 6621]
721 1323 964 1382 Χειρισόᾳω
987 1330 1044 1366 τῶ
1064 1325 1419 1380 Λακεδαιμονᾌιω]
1460 1326 1723 1374 Principatum
1745 1333 1806 1363 to-

354 1383 432 1419 tius
465 1383 650 1419 Graeciae
683 1381 754 1420 hac
793 1390 1024 1432 tempestate
1053 1383 1240 1432 Spartani
1270 1383 1516 1420 obtinebant:
1556 1381 1807 1430 Chirisophus

356 1438 470 1476 domo
499 1438 824 1478 Lacedaemonius
858 1446 961 1488 erat3
1003 1440 1094 1477 hinc
1124 1440 1286 1486 ceteris,
1321 1447 1366 1477 ut
1393 1442 1605 1476 exercitum
1637 1439 1808 1485 duceret,

355 1508 405 1531 ex
424 1495 697 1543 Xenophontis
729 1497 924 1533 sententia
954 1497 1148 1545 praelatus
1168 1502 1238 1533 est.
1274 1495 1528 1548 Χειρίσοᾳος
1554 1493 1629 1545 μὲν
1652 1490 1808 1546 ᾗςοῖτο,

355 1548 492 1602 ἐπειδη
516 1550 584 1590 καὶ
604 1547 979 1602 Aunedazfficdv'adg
963 1567 1046 1591 εστι
1074 1552 1116 1590 Ι.
1136 1552 1202 1589 Ill.
1221 1551 1321 1614 Exp.
1342 1551 1430 1602 Cyn
1454 1565 1489 1600 p.
1515 1552 1623 1591 239.
1650 1550 1700 1588 W
1705 1562 1785 1588 Ess.

470 1606 905 1648 662.16-Π1ἕι’ωια
929 1606 972 1646 δὲ
989 1604 1120 1659 μόπον
1143 1624 1194 1662 aq
1206 1611 1304 1661 ⁷1²⁶]
1347 1608 1454 1646 Sed·
1444 1622 1484 1645 ln
1508 1608 1623 1646 breve
1646 1614 1806 1655 tempus.

355 1660 451 1700 Luit
474 1667 576 1701 enim
597 1664 686 1701 dein
706 1662 848 1702 1101110
838 1677 1000 1713 inpurus
1023 1667 1273 1716 gravissimas
1301 1678 1457 1713 poenas,
1483 1665 1547 1701 diu
1570 1667 1806 1701 atrocissime

355 1720 666 1767 excarnificatus,
688 1722 722 1757 si
740 1719 921 1769 Xenoph.
944 1728 1118 1759 extremo
1139 1719 1401 1772 L.11.A2a(>³
1427 1734 1505 1759 non
1528 1722 1642 1758 fallit.
1671 1721 1721 1758 w
1725 1731 1807 1757 ESS.

470 1779 575 1817 662
598 1779 673 1817 28.
706 1773 772 1814 Τὰ
791 1779 875 1816 τῶν
896 1774 1157 1831 Καρδούχων
1178 1775 1279 1831 0'977]
1306 1773 1586 1832 Καρὸοὗ7ια’
1574 1774 1650 1830 όρη
1671 1777 1806 1814 Xeno-

355 1831 516 1881 phonti,
547 1835 612 1883 qui
643 1833 796 1882 quidem
827 1841 977 1870 montes
1004 1848 1027 1872 a
1058 1834 1296 1885 Gordyaeis,
1324 1837 1378 1882 vin
1410 1835 1547 1884 quibus
1578 1847 1667 1871 arca
1700 1833 1805 1871 Noa-

353 1888 466 1926 chica
484 1890 730 1938 conquievit,
762 1902 842 1927 non
865 1890 1096 1940 discrepant.
1147 1891 1246 1928 Nam
1267 1892 1405 1939 quibus
1435 1892 1526 1927 olim
1547 1886 1806 1941 Καρὸουχων

354 1955 520 1992 nomen,
548 1947 607 1982 illi
636 1945 815 1995 deinceps
850 1946 1086 1999 To9d'va1‘01.
1136 1948 1285 1985 Plinius
1307 1947 1350 1987 L.
1383 1946 1448 1984 Vl.
1475 1947 1544 1986 15.
1590 1947 1806 1984 Adiabenis

355 2008 645 2039 connectuntur
686 2002 890 2040 Carduchi
917 2006 1112 2053 quondam
1152 2005 1273 2051 dicti,
1311 2017 1387 2041 non
1423 2003 1640 2050 Cordueni,
1680 2016 1806 2054 prae—

353 2058 502 2098 fluente
541 2058 669 2108 Tigri.
720 2058 847 2096 Aliter
879 2057 1042 2108 Strabo,
1074 2063 1107 2097 si
1137 2067 1264 2097 tamen
1294 2073 1339 2097 ea
1373 2060 1593 2108 scripserit,
1632 2071 1728 2108 quae
1758 2058 1800 2095 L.

353 2112 465 2152 XVI.
488 2128 525 2165 p-
552 2115 689 2156 1083.
719 2116 776 2152 ita
795 2116 1002 2165 leguntur:
1034 2113 1139 2168 πρὸς
1168 2114 1213 2155 δὲ
1241 2118 1300 2154 τῶ
1335 2114 1471 2168 Τιγρει
1501 2112 1553 2154 τὰ
1576 2117 1660 2154 τῶν
1681 2116 1804 2166 Παρ-

351 2170 518 2210 θυαίων
542 2170 703 2222 χωρία,
731 2185 803 2217 ους
824 2169 863 2211 οἵ
892 2168 1018 2211 πάλαι
1040 2167 1316 2225 Καρὸουχους
1336 2169 1376 2210 ἔ)
1368 2186 1421 2223 εγ
1424 2184 1481 2211 ον·
1511 2184 1586 2220 qua
1607 2171 1652 2207 de
1675 2185 1717 2208 re
1736 2184 1805 2208 ve·-

351 2225 551 2264 hementer
571 2227 717 2267 dubito.
746 2227 845 2265 Nam
866 2231 950 2277 quis
970 2228 1132 2266 Parthos
1153 2234 1190 2265 et
1209 2224 1483 2281 Καρδούχους
1502 2227 1655 2264 eosdem
1676 2225 1804 2264 dixit2

353 2295 377 2320 a
400 2296 475 2333 quo
502 2284 579 2321 alio
601 2282 735 2321 Parthi
756 2282 873 2335 Tigri
902 2285 995 2322 fluv'
985 2299 1021 2322 10
1042 2292 1133 2322 sunt
1161 2287 1219 2322 ita
1238 2284 1403 2331 admoti,
1431 2291 1475 2321 ut
1504 2283 1576 2321 hoc
1597 2283 1804 2321 Strabonis

350 2338 464 2377 loeo?
490 2339 636 2377 Auctor
655 2342 736 2388 ipse
757 2339 910 2392 Tigrim
931 2340 1173 2392 Gordyaeam
1193 2341 1351 2388 radere,
1374 2342 1457 2379 sive
1479 2348 1521 2378 ut
1538 2340 1710 2387 Plinius,
1742 2341 1803 2377 lu-

350 2402 488 2433 strare
507 2403 657 2433 montes
671 2397 985 2447 Gordyaeorum,
1008 2400 1136 2447 paullo
1156 2404 1246 2435 ante
1264 2397 1499 2446 prodiderat.
1528 2395 1688 2447 Refinge
1710 2409 1801 2447 ergo

347 2448 401 2490 τὰ
422 2454 506 2491 τῶν
520 2452 764 2504 Γορδυαίων
780 2455 930 2505 χωρία,
956 2462 1002 2492 ut
1021 2467 1148 2492 seeum
1170 2460 1209 2491 et
1226 2455 1313 2491 aliis
1342 2467 1427 2491 cum
1449 2452 1687 2504 Geographis
1709 2466 1802 2490 con-

349 2509 508 2546 sentiat.
533 2507 677 2546 Menda
696 2516 790 2547 nata
809 2509 988 2560 videtur,
1017 2511 1118 2560 quod
1141 2511 1318 2560 proximo
1340 2523 1455 2548 versu
1475 2512 1548 2550 τοῦ
1573 2512 1657 2549 τῶν
1677 2509 1800 2563 Παρ-

349 2563 514 2604 θυαίων
536 2567 769 2618 στρατηγοῦ
790 2566 895 2603 facta
918 2571 1063 2605 mentio
1086 2574 1196 2604 esset.
1222 2567 1356 2604 Wssss.

465 2623 571 2661 662.
601 2621 674 2660 33.
717 2621 802 2660 Καὶ
825 2618 1071 2674 τοξεύμασιν
1090 2618 1383 2677 ὑπερμεγέθεσι
1402 2623 1622 2675 χρῆσθαι]
1660 2619 1798 2658 Xeno-

346 2674 474 2742 phou,
504 2690 616 2727 quem
645 2676 840 2715 Diodorus
869 2681 1103 2726 aemulatur,
1128 2679 1170 2715 L.
1196 2679 1260 2716 IV.
1291 2692 1330 2727 p.
1351 2680 1456 2719 253.
1488 2679 1533 2715 de
1563 2676 1796 2714 Carduchis:

343 2729 507 2798 ια’ριστοι
529 2731 574 2772 δὲ
592 2729 758 2780 τοξόται
777 2727 1035 2785 ῗ]σα1.εἶχον
1055 2734 1103 2774 δὲ
1118 2732 1220 2782 τόξα
1241 2733 1308 2787 ἔγ)
1310 2732 1357 2782 ὐς
1358 2731 1566 2803 191717'772,
1592 2748 1643 2772 τα
1665 2732 1710 2772 δὲ
1728 2747 1798 2772 το·
1827 2742 1828 2785 ᾖ

342 2784 527 2837 ξεύματα
546 2787 707 2828 πλέον
690 2805 715 2841 η
738 2786 901 2856 διηηχη.
932 2786 1066 2831 εἷλκον
1089 2790 1134 2830 ὑὲ
1155 2789 1231 2838 τὰς
1250 2788 1409 2842 νευρὰς,
1433 2786 1556 2830 ὁπότε
1580 2785 1794 2837 τοξείηοιει,
1826 2794 1828 2856 Ι

340 2841 446 2897 πρὸς
462 2841 509 2886 τὸ
531 2840 654 2894 ζκάτω
686 2860 760 2886 του
791 2842 914 2896 τόξου
936 2849 995 2887 τῶ
1022 2845 1224 2905 ἀριστερῶ
1255 2846 1351 2889 ποδὶ
1380 2845 1714 2903 προσβαιίοντες.
1741 2859 1794 2884 τα
1825 2857 1827 2868 “
