1828 3253
446 193 510 232 ΙΝ
543 193 655 233 LIB.
684 192 814 232 XIV.
846 191 973 232 CAP.
1002 194 1076 235 35.
1098 215 1147 224 —
1170 196 1245 236 37.
1475 199 1567 239 749

128 300 237 344 ἔστιν
264 301 328 344 ἐπὶ
355 302 461 345 πολὺ
492 307 568 358 τῆς
593 301 825 372 θαλάττης.
867 321 935 346 και
964 303 1005 346 οἳ
1037 304 1220 362 Θρᾶκες,
1249 306 1290 348 οἳ
1312 306 1417 348 κατὰ
1436 311 1572 350 ταῦτα

129 361 356 409 οἰκοῦντες,
401 357 554 413 στηλας
586 357 844 412 ὁρισάμενοι,
891 359 942 401 τὰ
970 360 1066 401 καθ’
1102 359 1154 401 αὖ
1158 362 1252 410 τοῖς
1274 363 1436 404 ἕκαστοι
1458 365 1570 404 ἐκπί-

127 432 282 456 πτοντα
313 417 452 468 ληίζοι
455 432 535 457 ται.
575 417 626 455 Et
660 418 798 456 Strabo
833 418 876 457 L.
899 418 981 456 Vll.
1016 433 1050 469 p.
1071 420 1180 459 490.
1212 434 1298 458 cum
1330 423 1407 459 viri
1439 424 1571 473 magni

125 480 230 510 nota.
268 472 317 510 W
321 483 404 512 Ess.

241 525 590 570 671.18·Ἀπό
624 545 685 569 τιν
689 545 733 577 ος
770 528 970 583 ἕπιᾳανοῖ
976 545 995 576 ς
1029 527 1167 584 ἱεροῦ]
1205 531 1352 570 Fanum
1385 540 1466 570 erat
1495 532 1572 570 Dei

128 583 308 632 Adrani,
345 598 457 634 quem
479 592 559 623 tota
580 584 716 623 Sicilia
737 589 834 623 miro
856 589 961 624 cultu
988 588 1334 636 prosequebantur,
1365 591 1572 626 Adranitae

127 643 317 689 inprimis.
346 640 490 678 Urbem
518 643 622 679 enim
653 642 756 680 Plut.
789 642 928 680 'limol.
953 657 987 692 p.
1010 645 1116 682 211.
1137 657 1218 680 esse
1241 648 1294 680 ait
1313 643 1463 696 μικοάι
1480 646 1570 696 μέν,

129 693 242 746 ἱερὰν
272 694 314 735 δ’
340 694 558 746 Ἀδρανοῦ,
586 700 689 737 θεοῦ
719 714 828 744 τιιος
856 697 1086 749 τιμωμέιου
1117 696 1443 776 dcaqewivr'rmg
1427 716 1467 739 ιν
1495 698 1571 753 ὀὶῃ

131 751 308 791 Σικελία.
345 752 546 803 Templum
576 754 663 792 urbi
691 763 770 791 erat
802 758 1022 803 inpositum.
1068 753 1132 793 Ἑν
1164 755 1326 794 Σικελία
1358 754 1572 807 Ἀὸρανός

130 806 216 846 ἔστι
238 793 367 855 πόλις,
390 805 446 856 ὡς
465 809 532 862 λ”εὶ
534 825 564 849 ει
586 812 712 863 Λυμᾳ
724 807 971 862 όὸωρος,καὶ
994 811 1034 849 ἐν
1054 813 1135 863 τῇ
1126 807 1203 849 πό)
1210 827 1238 849 ει
1260 798 1337 849 ταί·
1344 828 1389 864 τι]
1425 812 1574 864 {opa-

129 865 203 902 νοῦ
235 861 336 911 νειὺς
368 864 583 918 ἐπιχωρίου
615 867 833 917 ὸιιιμονος,
879 870 962 904 Aeli
965 880 1025 903 an.
1058 868 1103 903 de
1135 866 1298 904 Animal.
1331 868 1568 908 1..X1.20.

131 919 242 964 Quod
271 921 423 971 quidem
445 935 512 959 eur
535 923 734 960 Adranitis
756 927 958 972 praecipuo
981 926 1018 959 in
1042 923 1185 960 honore
1205 925 1334 971 fucrit,
1366 926 1471 961 nulla
1491 925 1572 961 dis-

129 977 351 1025 quisitione,
372 981 414 1015 in
432 985 541 1016 tanta
560 987 729 1017 veterum
745 981 1029 1027 superstitione,
1052 980 1211 1029 indiget.
1243 978 1370 1016 Ceteri
1391 993 1456 1028 per
1469 980 1572 1017 Sici-

128 1033 222 1070 liam
251 1037 425 1072 venerati
453 1036 656 1082 videntur,
692 1039 869 1084 quoniam
897 1035 1052 1072 Adrano
1084 1045 1190 1084 patre
1214 1034 1280 1072 Dii
1301 1036 1444 1082 Palici,
1474 1048 1569 1085 quos

131 1101 263 1126 omnes
283 1091 453 1127 studiose
475 1092 654 1129 colebant
673 1091 806 1138 Siculi,
839 1092 1031 1142 progeniti
1052 1098 1190 1127 essent.
1233 1091 1450 1142 Hesychius
1470 1094 1571 1131 Ha-

125 1144 248 1184 λικοί.
282 1143 485 1201 Ἀδρανῷ
512 1143 585 1187 δύο
613 1151 830 1200 γεννῶνται
849 1146 930 1187 τῖοὶ
952 1147 1144 1186 ΙΙαλικοί.
1176 1147 1293 1193 Novi,
1324 1148 1574 1185 Grammatici

129 1201 249 1239 verba
278 1204 514 1240 multimodis
544 1206 706 1252 tentari,
748 1205 847 1252 quod
878 1204 922 1240 de
943 1203 1158 1240 Palicorum
1186 1206 1334 1254 origine
1355 1204 1573 1241 Macrobius

135 1256 217 1295 Sat.
237 1257 281 1297 L.
306 1258 350 1294 V.
380 1261 450 1300 19.
474 1267 512 1296 et
533 1259 716 1308 Stephan.
736 1263 776 1297 in
798 1257 963 1310 Παλικὴ
988 1261 1027 1295 in
1052 1261 1127 1295 alia
1149 1262 1278 1295 onmia
1299 1267 1402 1296 eunt.
1430 1260 1572 1297 Verum

131 1325 212 1350 non
231 1327 275 1351 ea
295 1322 355 1351 est
371 1316 542 1352 novandi
556 1317 656 1353 iusta
676 1330 824 1361 caussa,
847 1315 1001 1365 pulchre
1016 1315 1244 1352 admonente
1256 1314 1310 1352 Cl.
1328 1315 1409 1366 Sig.
1423 1315 1572 1353 Haver-

131 1383 264 1419 campo
285 1371 332 1407 ad
342 1371 504 1408 Parutae
516 1371 702 1409 Numism.
722 1386 756 1421 p.
770 1375 875 1411 206.
910 1370 987 1408 Ubi
1006 1374 1105 1407 enim
1127 1374 1248 1407 maior
1269 1372 1459 1409 discordia
1472 1371 1573 1421 apud

131 1433 296 1474 vetereS,
317 1439 429 1475 quam
450 1430 490 1465 in
504 1427 671 1465 Deorum
692 1427 933 1476 Dearumque
953 1425 1196 1476 parentibus?
1217 1426 1393 1464 Ceterum
1409 1425 1573 1478 Ἀδρα-

131 1479 205 1521 νόν
227 1489 264 1519 et
276 1481 522 1536 Ἀδρανίτας
540 1491 722 1533 perpetuo
734 1484 940 1530 Diodorus,
961 1484 1049 1520 aliis
1068 1483 1294 1520 vocabulum
1313 1483 1574 1532 adspiratione

132 1540 425 1588 asperantibus,
457 1540 503 1577 de
535 1541 672 1590 quibus
701 1541 770 1577 Ph.
802 1539 955 1577 Cluver.
984 1538 1093 1576 Sicil.
1115 1539 1246 1590 Antiq.
1275 1539 1316 1576 L.
1337 1539 1385 1576 11.
1408 1553 1444 1589 p.
1470 1541 1576 1580 332.

130 1594 270 1634 WEss.

245 1653 352 1692 671.
375 1654 449 1692 21.
473 1646 576 1690 ‘an
590 1651 820 1703 Κρατεροῦ]
843 1650 957 1688 Hunc
975 1649 1174 1688 Craterum
1185 1649 1412 1688 Plutarchus
1430 1650 1468 1687 in
1480 1650 1578 1688 Ero-

134 1708 213 1744 tico
233 1706 408 1745 Crateam
430 1710 494 1746 vel
512 1707 709 1745 Crateuam
732 1715 858 1745 vocat.
891 1706 967 1743 Sed
989 1706 1034 1743 de
1055 1709 1254 1756 septennio
1274 1709 1385 1757 regni
1397 1707 1576 1745 Archelai

131 1765 338 1802 manifesto
367 1767 535 1802 calculus
557 1771 670 1801 errat.
704 1764 803 1800 Nam
824 1775 938 1811 supra
966 1762 1177 1813 Glaucippo
1197 1762 1390 1799 Archonte
1408 1776 1576 1814 regnan-

133 1827 212 1857 tem
222 1819 449 1858 Archelaum
467 1821 580 1858 facit:
602 1827 641 1857 at
655 1834 677 1857 a
688 1820 901 1869 Glaucippo
915 1819 961 1856 ad
974 1819 1173 1857 Lachetem
1190 1822 1384 1856 intersunt
1396 1821 1487 1855 anni
1509 1819 1575 1856 de-

134 1889 230 1914 cem.
244 1875 359 1914 Forte
370 1880 576 1927 scripserat
593 1872 694 1915 ἒπτὰ
717 1876 783 1915 καὶ
803 1875 911 1914 δέκα.
943 1874 1019 1911 Sed
1031 1875 1242 1923 Dexippus,
1261 1882 1305 1911 ut
1316 1876 1369 1911 ait
1378 1875 1574 1922 Petavius,

133 1944 210 1970 xlv
231 1940 381 1970 tantum
400 1947 521 1972 annos
538 1946 720 1984 regnasse
731 1931 957 1969 Archelaum
980 1932 1088 1969 dixit.
1127 1931 1188 1967 Ex
1208 1933 1348 1968 litteris
1369 1932 1574 1968 numerali-

130 1991 205 2027 bus
224 2003 330 2026 error
349 1993 532 2036 manavit,
563 1998 606 2026 ut
623 1997 725 2026 amat
744 1988 986 2025 fieri.PA1.M‚
1017 1988 1231 2039 Κραταῖον
1254 1987 1480 2023 Aristoteles
1499 1986 1575 2023 Po-

132 2044 635 2099 lit.L.V.10.‚K9‹m‘uv
660 2044 886 2082 Plutarchus
908 2043 1016 2081 Erot.
1036 2057 1070 2093 p.
1091 2045 1194 2083 768.
1208 2042 1249 2078 F.
1254 2044 1468 2089 ,Aelianus
1482 2042 1571 2081 Var.

133 2102 237 2140 Hist-
256 2101 299 2138 L·
324 2101 425 2139 Vlll.
447 2104 489 2142 9.
521 2098 739 2153 Κρατεύαν
773 2101 958 2150 adpellat:
984 2101 1172 2149 posterius
1200 2102 1275 2136 viri
1294 2097 1505 2135 Clarissimi
1525 2097 1573 2134 T.

133 2158 258 2195 Faber
276 2166 314 2196 et
327 2158 398 2196 lac.
412 2159 638 2196 Perizonius
654 2171 786 2195 verum
806 2157 958 2193 delicati
975 2158 1079 2205 pueri
1102 2168 1252 2200 nomen,
1275 2163 1312 2191 et
1323 2153 1493 2191 Diodoro
1511 2167 1574 2190 re-

135 2214 369 2252 stituendum
381 2222 550 2252 censent.
582 2214 678 2251 Mihi
690 2214 899 2250 doctissimi
915 2212 1038 2248 loach.
1048 2210 1194 2248 Kuhnii
1213 2213 1404 2247 sententia
1424 2211 1574 2259 perpla-

135 2278 209 2317 cet,
224 2270 324 2307 idem
336 2284 419 2308 esse
441 2284 579 2308 nomen
598 2266 814 2322 Κρατεύας
833 2277 871 2305 et
891 2265 1115 2320 Κρατερὸς,
1142 2269 1218 2303 nisi
1238 2266 1338 2315 quod
1362 2263 1574 2318 Κρατερὸς

130 2321 208 2365 ιΕ)
211 2323 481 2394 ληνικώτερον
496 2330 558 2374 sit,
579 2323 743 2377 Κρατει(
740 2340 796 2372 ας
815 2332 940 2362 autem
961 2327 1083 2375 magis
1103 2326 1224 2372 sapiat
1235 2321 1572 2358 Macedonismum.

136 2381 277 2419 suidas
289 2395 437 2432 quoque
462 2386 502 2420 in
522 2396 604 2421 voc.
628 2380 858 2449 Ezpmt'drg·
863 2380 1034 2417 Diodoro
1049 2380 1240 2428 suppetias
1261 2380 1382 2424 venit,
1412 2378 1573 2429 Κρατε-

136 2436 211 2490 ρὸν
224 2436 296 2477 τὸν
308 2435 512 2491 ἐρώμενον
525 2434 692 2491 Ἀρχεὶ’
670 2454 744 2476 nov
757 2440 973 2475 nominans.
1004 2435 1088 2472 Hoc
1098 2437 1272 2485 primum.
1301 2433 1407 2470 Dicit
1425 2439 1572 2479 auctor,

136 2493 334 2532 Craterum
347 2498 511 2532 invitum
525 2496 714 2532 sauciasse
723 2507 850 2544 regem
863 2492 1112 2538 Archelaum,
1133 2498 1172 2528 at
1184 2491 1422 2536 Aristoteles,
1441 2491 1572 2525 coniu-

136 2564 242 2588 rasse
262 2553 302 2588 in
322 2552 505 2588 amatoris
518 2558 631 2601 caput
650 2563 727 2587 una
746 2563 830 2587 cum
842 2549 1110 2586 Hellenocrate
1131 2555 1169 2584 et
1178 2544 1446 2591 Decammcho,
1461 2556 1572 2581 caus-

138 2620 201 2644 sas
230 2607 474 2654 adscribens,
512 2620 607 2658 quae
639 2606 731 2644 haec
764 2607 926 2643 consilia
958 2605 1174 2641 adfnmant.
1215 2601 1342 2639 'laceo
1362 2601 1570 2645 Platonem,

136 2675 250 2712 quem
270 2663 451 2700 Aelianus
471 2666 672 2713 excerpsit,
685 2664 792 2713 paria
810 2665 851 2699 in
872 2663 999 2698 literas
1017 2661 1194 2696 retulisse
1208 2659 1330 2695 Alcib.
1347 2656 1391 2692 ΙΙ.
1414 2670 1445 2705 p
1468 2662 1480 2696 i
1493 2657 1567 2695 41.

136 2716 292 2758 Porro'
279 2718 348 2770 ἔτη
369 2715 485 2766 ἑπτὰ,
513 2733 608 2769 quae
630 2719 838 2756 Archelaus
857 2729 1038 2769 regnasse
1057 2715 1287 2765 perhibetur,
1307 2713 1449 2748 retine.
1454 2715 1463 2748 i
1486 2725 1568 2761 pos-

137 2789 191 2822 se,
213 2774 527 2813 1s.Casaubonus
547 2777 741 2813 censuisse
761 2775 914 2813 videtur
935 2773 981 2810 ad
1003 2772 1140 2810 Athen.
1162 2770 1203 2807 L.
1226 2770 1270 2806 V.
1296 2771 1376 2815 18„
1411 2768 1476 2803 sed
1507 2780 1552 2816 qu

136 2832 362 2870 recordatus
384 2845 463 2870 non
480 2833 578 2881 fuit,
606 2839 696 2871 ante
715 2831 785 2870 hos
805 2831 933 2869 decem
953 2841 1076 2868 annuos
1094 2840 1178 2866 eum
1201 2824 1473 2865 Macedonibus
1498 2826 1556 2861 iao·
