1828 3253
310 80 402 121 542
761 73 1289 116 ANNOTATIONES

307 206 343 243 p.
365 192 468 232 613.
501 189 642 228 Noster
660 202 692 228 c.
717 189 803 236 75„
823 189 888 226 nbi
906 189 1003 226 alter
1023 186 1184 226 Servilii
1201 190 1433 235 consulatus,
1452 203 1662 242 cognomen
1673 204 1742 229 ne·-

308 250 437 300 gligit,
465 248 794 296 suspicionemque
813 252 950 296 auget,
990 241 1226 298 Στρούκτου
1247 247 1474 284 vocabulum
1492 247 1646 284 aliunde
1668 248 1740 285 huc

306 306 546 342 tianslatum.
574 303 707 340 XVESS.

422 361 529 400 458.
559 361 631 399 78.
664 357 747 397 Καὶ
784 357 956 408 σκευῆς]
995 355 1083 394 Non
1112 356 1269 405 damno,
1302 360 1452 395 tametsi
1479 360 1742 423 παρασκειῆς

308 418 451 454 tritius,
490 416 582 453 lnfr.
603 414 644 451 L.
665 414 768 452 XIV.
792 416 863 454 79.
901 408 1137 466 ἒὸωρησατο
1170 411 1315 465 σκευὴν
1344 420 1430 461 τοῖς
1462 409 1740 482 Σπαρτιάταις

308 469 455 511 ἑκατὸν
478 486 614 524 τριηρε
599 485 670 510 σι.
699 471 886 506 Arrianus
905 469 1414 518 Exp.Alex.11.6.p.69.
1442 469 1638 522 εἶναιγὰρ
1664 467 1739 522 τὴν

306 527 559 581 εὐρυχωρίαν
583 524 685 579 πρὸς
712 528 786 565 τοῦ
813 521 1003 577 πληθοις
1031 540 1073 564 τε
1098 525 1165 564 καὶ
1187 529 1260 579 τῆς
1281 530 1427 579 σκευῆς
1447 529 1528 567 τῶν
1547 528 1740 577 Περσῶν.

306 584 385 622 Ubi
404 592 530 621 tamen
551 583 792 620 Gronovium
811 582 912 620 vide.
942 582 1075 621 ἯΕΞε.

418 641 524 681 458
559 642 631 680 86.
662 635 747 677 Ίόν
769 633 1071 688 ὀνομαζόμενον
1091 634 1285 691 ’Ῑναριό]’
1287 635 1448 690 ἰῙιαριος
1466 638 1628 676 Libanio
1648 636 1694 674 T.
1711 637 1739 674 I.

307 709 344 746 p.
370 698 476 737 420.
499 694 540 732 C.
557 690 723 747 Ῑνάρως
743 693 1741 744 Thucydidi1.104.cu111C1.Dukerinota.WEss.

418 754 478 793 45
487 756 525 792 8.
572 752 644 790 97.
702 748 937 803 Εψηᾳισαι
942 764 985 789 το
1023 765 1275 802 τριακοσιαις
1315 747 1494 802 τριήρεσι
1536 751 1738 803 βοηθεῖν]

305 809 447 846 Iterum
476 808 518 845 L.
547 806 659 844 XIII.
690 807 764 846 25.
798 808 839 843 in
869 806 1021 843 Nicolai
1048 807 1219 843 oratione
1252 806 1296 842 de
1329 806 1557 844 Atheniensi
1588 809 1740 856 populo,

303 865 393 917 περὶ
423 862 498 916 τὴν
517 862 732 915 Αἴγυπτον
766 862 1004 913 τριακοσίας
1034 858 1210 914 τριήρεις
1238 858 1494 913 αὐτάνδρους
1522 861 1739 908 ἀπολέσας.

303 921 356 958 Et
391 928 517 958 tamen
546 920 748 968 utrobique
778 931 884 956 error
915 925 984 958 est.
1027 918 1110 967 lpse
1140 925 1273 955 auctor
1303 932 1334 955 c.
1367 919 1439 958 74.
1483 919 1739 955 Athenienses

303 974 407 1028 μετὰ
429 974 649 1015 διακοσίων
668 977 769 1013 νεῶν
789 975 834 1011 ad
858 975 1072 1025 Aegyptum
1093 974 1281 1024 adpulisse
1302 976 1441 1022 refert,
1477 988 1587 1024 quem
1608 988 1741 1012 nume-

305 1046 387 1071 rum
408 1045 487 1070 non
508 1032 660 1069 excedit
681 1030 927 1081 Thucydides
952 1031 1132 1078 Ι.104.·,
1163 1043 1250 1067 nam
1272 1029 1417 1068 Ctesias
1446 1030 1587 1068 Persic.
1609 1045 1640 1069 c.
1664 1032 1737 1071 32.

302 1089 557 1140 quadraginta
567 1101 684 1125 naves
696 1086 841 1124 Atticis
853 1088 999 1124 auxilio
1012 1087 1212 1137 Aerrgyptiis
1233 1090 1443 1124 occurrisse
1462 1087 1626 1137 prodens
1640 1089 1738 1125 vitio

301 1146 476 1183 foedatus
497 1151 567 1183 est.
618 1142 829 1192 Utrumque
849 1144 1120 1181 animadveltit
1140 1142 1195 1181 Cl.
1218 1142 1491 1193 Barbeyracius
1516 1143 1616 1180 Hist.
1641 1142 1739 1181 Foe-

302 1202 381 1239 der.
402 1202 444 1239 P.
465 1201 493 1238 l.
512 1215 547 1250 p.
573 1202 674 1240 102.
704 1199 797 1236 Mox
816 1200 848 1236 si
866 1206 979 1246 esset,
995 1196 1100 1250 μετὰ
1120 1200 1274 1251 πολλῆς
1295 1199 1535 1251 προθι·μιάς
1553 1199 1643 1252 περὶ
1663 1215 1738 1251 την

300 1260 376 1297 τοῦ
411 1253 854 1308 στόλουπαριισκευὴν
885 1254 1086 1309 ἐγίνοντο,
1121 1257 1278 1307 vulgato
1298 1257 1411 1307 longe
1429 1258 1651 1304 antistaret,
1676 1269 1737 1293 me

301 1315 453 1363 quidem
470 1313 626 1350 arbitro.
661 1312 795 1349 VVESS.

411 1371 519 1410 459.
542 1371 617 1409 21.
645 1364 749 1414 Διὸς
770 1366 846 1418 μὲν
862 1364 1139 1420 Ἐλευθερίου]
1172 1365 1468 1409 Βεειίΐυίβυιιιιι
1490 1367 1574 1406 Iovi
1593 1381 1736 1419 cogno-

298 1439 410 1473 men,
470 1425 572 1474 quod
614 1423 943 1475 Syracusanorum
981 1425 1086 1461 numi
1125 1426 1318 1473 praeclare
1355 1425 1532 1472 firmant,
1583 1424 1738 1463 ΖΕΥΣ

298 1483 452 1522 EAE}
454 1481 682 1521 ΘΕΡΙΟΣ
698 1481 873 1529 inscripti
891 1483 931 1517 in
955 1481 1118 1518 Parutae
1139 1480 1234 1517 'lab
1257 1491 1348 1516 Lxx.
1375 1477 1528 1531 Βωμὸς
1546 1477 1610 1519 Ἑλ
1615 1495 1655 1519 ει
1662 1484 1736 1519 θε-

298 1539 388 1590 ριόυ
409 1536 531 1584 Διὸς,
548 1537 614 1574 sed
635 1539 675 1574 in
689 1536 862 1581 Graecia,
875 1544 1104 1574 memoratur
1116 1537 1161 1573 ab
1173 1537 1339 1573 Aristide
1352 1536 1559 1574 Panathen.
1581 1548 1614 1584 p.
1628 1538 1735 1576 257.

295 1594 348 1632 Et
368 1591 507 1640 θυσας
535 1592 576 1632 ἐν
600 1595 650 1646 τῆ
675 1591 921 1632 Πλαταιέων
941 1591 991 1646 ἀγ
995 1608 1072 1648 οριιι.
1096 1593 1177 1632 Λιῖ
1186 1591 1250 1631 E).
1255 1595 1350 1632 ευθε-
1335 1592 1428 1647 ι-’ριῳ
1458 1589 1546 1646 ιερὰ
1579 1591 1736 1644 Thucy-

295 1651 372 1689 did.
393 1651 442 1690 II.
469 1653 540 1691 71-
577 1649 710 1687 VVESS.

409 1707 516 1747 459.
540 1707 613 1746 37.
647 1705 771 1745 Οὗτοι
792 1720 866 1756 της
887 1702 928 1743 ἐκ
949 1706 1032 1744 τῶν
1063 1701 1332 1757 ἀρχαιρεσιῶν
1358 1706 1479 1756 τιμῆς
1506 1699 1734 1744 ἀπελαυνό-

294 1761 440 1815 μενοι]
468 1763 606 1800 Fatum
626 1760 698 1798 hoc
721 1761 982 1799 nobilissimae
1004 1761 1109 1798 urbis
1128 1763 1216 1808 fuit,
1236 1769 1278 1798 ut
1297 1764 1473 1811 tyrannis
1496 1762 1653 1798 liberata
1673 1763 1735 1798 in-

294 1822 446 1856 testinis
469 1819 723 1856 seditionibus
743 1819 943 1855 laboraret.
982 1816 1114 1854 Monet
1137 1818 1363 1854 Aristoteles
1383 1818 1533 1854 Politic.
1553 1818 1596 1856 L.
1620 1817 1664 1854 V.
1686 1818 1729 1856 3.

295 1874 580 1925 Syracusanos,
611 1876 730 1924 pulsis
754 1876 956 1924 tyrannis,
986 1887 1071 1910 cum
1091 1874 1249 1911 advenis
1272 1887 1315 1910 ac
1336 1873 1607 1920 mercenariis,
1634 1876 1731 1910 civi-

293 1939 371 1969 tate
393 1932 558 1978 donatis,
585 1930 830 1968 vehementer
850 1931 1098 1976 dissensisse,
1126 1933 1179 1967 ita
1197 1937 1239 1966 ut
1260 1932 1301 1966 in
1322 1943 1424 1966 arma
1443 1935 1611 1966 ruerent.
1645 1928 1730 1967 Συ-

291 1984 503 2040 ρακοὺσιοι
521 1984 626 2038 μετὰ
648 1984 700 2025 τὰ
720 1984 940 2038 τυραννικὰ
959 2000 1055 2031 τοις
1080 1984 1217 2032 ξέιους
1238 2000 1304 2024 και
1324 1983 1419 2031 τοὺς
1436 1979 1730 2042 μισθοφόρους

291 2043 462 2089 πολιτας
481 2039 772 2094 ποιησάμενοι,
801 2040 1075 2088 ἐστασίασαν,
1104 2057 1172 2080 και
1195 2056 1249 2087 εις
1271 2056 1409 2092 μαχην
1430 2036 1729 2092 ἦλθον,1ιειεο,

292 2100 419 2146 credo,
450 2101 671 2149 respiciens.
710 2099 800 2136 Pari
820 2098 1006 2135 seditione
1026 2110 1156 2147 pressa
1182 2098 1257 2134 fuit
1280 2097 1489 2147 Agathocle
1511 2099 1726 2135 exstincto·

290 2169 379 2193 nam
411 2169 496 2192 cum
526 2157 567 2192 in
595 2155 810 2191 deferendis
838 2155 1123 2205 magistratibus
1152 2155 1312 2203 populus
1342 2156 1381 2190 in
1410 2155 1576 2190 comitiis
1596 2167 1726 2191 eorum

288 2214 478 2249 rationem
502 2224 580 2248 non
602 2210 768 2258 haberet,
798 2213 863 2259 qui
883 2223 1002 2260 nuper
1023 2217 1132 2246 erant
1150 2212 1291 2257 allecti,
1321 2222 1421 2247 nova
1439 2210 1635 2247 turbarum
1654 2223 1724 2247 na-

287 2275 325 2305 ta
355 2270 544 2304 materies.
592 2268 688 2305 Τῶν
716 2263 997 2320 μισθοφόρων
1021 2263 1327 2316 ἀτιμαζομένων
1350 2265 1391 2304 ἐν
1419 2271 1509 2311 ταῖς
1532 2279 1725 2316 αρχαιρε-

287 2324 394 2369 σιάις
417 2337 490 2362 σιν
494 2321 566 2373 ἔβη
589 2319 772 2369 στάσεως
791 2323 1066 2376 πληρωθῆναι
1088 2319 1196 2374 τὴν
1185 2317 1316 2369 πόλιν,
1334 2321 1476 2359 Noster
1489 2321 1595 2361 aitL.
1608 2321 1725 2359 XXI.

283 2379 417 2430 Eclog.
443 2381 512 2419 13.
542 2378 673 2416 WEss.

381 2411 504 2475 ξ459.
525 2436 599 2474 43.
621 2433 704 2474 Και
719 2430 765 2475 τὸ
790 2430 894 2488 πρὸς
915 2448 990 2480 ’τας
997 2430 1215 2480 Ἐπιπολὰς
1231 2430 1527 2486 τετραμμένον]
1544 2432 1639 2471 Vide
1650 2432 1720 2471 Ph.

286 2490 505 2529 Cluverium
519 2490 647 2540 Antiq.
673 2490 781 2530 Sicil.
804 2491 846 2529 L.
867 2493 894 2529 l,
919 2503 954 2539 p.
973 2492 1073 2531 146.
1103 2490 1196 2527 Mox
1214 2489 1341 2537 εὐθὺς
1363 2491 1585 2527 conmodius
1604 2489 1718 2529 foret.

283 2547 416 2585 NVEss.
453 2546 619 2585 Ursinus
638 2548 892 2597 adscripscrat
922 2546 1019 2593 ἴσως
1046 2543 1120 2592 τὰς
1141 2544 1351 2593 ἐπιτολὰς,
1381 2547 1445 2583 sed
1466 2546 1569 2583 aliud
1588 2558 1717 2596 agens.

279 2600 498 2649 Ἐπιπολὰς
519 2616 629 2640 nemo
649 2606 828 2654 ignorare
848 2607 888 2640 in
901 2602 1153 2654 Syracusanis
1173 2609 1296 2651 potest
1309 2603 1433 2640 rebus.
1448 2602 1555 2639 IDEM
1571 2603 1612 2638 in
1622 2601 1719 2638 Add.

393 2661 500 2699 459.
526 2659 601 2699 47.
641 2659 692 2700 Οἱ
712 2659 814 2708 ξένοι
836 2656 1107 2713 ἕπροτέρουν]
1144 2658 1220 2697 Cur
1239 2659 1310 2697 hoc
1329 2661 1541 2706 maluerim,
1567 2657 1715 2697 videbis

277 2714 326 2752 ad
346 2726 377 2753 c.
402 2718 471 2757 12.
504 2714 637 2754 Wnss.
