1828 3253
304 90 399 132 610
765 85 1294 125 ANNOTATIONES

420 200 523 242 519.
556 200 631 240 23.
674 196 992 240 Κατοικούντων
1013 197 1054 239 ἓν
1085 196 1190 254 αὐτῇ
1213 196 1305 239 τότε
1331 197 1608 251 ΖΙίῙεσσηνῖιον]
1638 199 1748 239 Conf.

307 258 351 296 L.
369 257 440 295 XI.
465 258 536 298 84.
560 257 695 293 Wnss.

423 315 527 354 519.
551 314 626 354 25.
655 311 744 351 Ἐπὶ
766 310 841 364 τὴν
863 309 1170 363 ὀνομαζομένην
1191 310 1469 364 Μολυκρίαν]
1500 311 1542 347 In
1564 311 1754 348 Strabone

308 371 422 408 modo
441 366 709 421 Rhithymna,
739 370 850 405 modo
872 368 1111 420 -711ολυκριά,
1140 367 1181 404 L.
1204 368 1257 405 X.
1279 383 1314 418 p.
1338 369 1426 408 705
1466 375 1503 404 et
1526 370 1630 407 706.
1662 368 1754 404 Plu-

312 426 467 464 tarchus
489 425 535 461 T.
557 425 606 462 II.
628 437 663 473 p.
691 427 792 465 162.
812 424 859 461 D.
899 424 1148 477 ,ΤΙΙολυκρίαν
1173 432 1287 462 vocat
1302 455 1311 471 ,
1352 431 1389 460 et
1408 423 1631 471 Euphorion
1655 424 1756 472 apud

315 482 501 531 Stephan.
525 484 565 518 in
586 495 622 518 v.
643 482 773 530 Itaque
796 483 917 530 elige,
945 488 1071 517 utrum
1093 483 1216 518 malis.
1258 479 1316 517 De
1339 482 1414 517 situ
1441 481 1549 517 urbis
1570 479 1644 516 Iac.
1666 481 1757 517 Pal-

314 540 457 577 merius
479 537 614 574 Graec.
635 537 763 586 Antiq.
782 537 824 573 L.
847 537 910 573 IV.
938 539 1008 577 19.
1035 537 1173 574 YVESS.

431 595 534 634 519.
568 595 642 633 29.
683 591 770 632 Τὸν
803 588 1082 643 Ναύπακτον]
1125 590 1214 645 Τὴν
1234 586 1488 632 Ναύπακτον
1510 592 1758 642 Thucydides

313 651 361 689 II.
385 653 461 691 91.
496 662 681 699 saepeque
711 651 830 696 alias,
860 649 999 686 Strabo
1023 649 1064 688 L.
1092 649 1163 686 IX.
1185 662 1221 698 p.
1245 651 1349 689 653.
1371 649 1415 685 A.
1458 650 1670 686 Pausanias
1692 648 1757 685 IV.

315 709 391 748 25.
422 714 459 744 et
486 709 652 752 tectim,
696 713 738 742 ut
765 708 915 755 opinor.
956 705 1090 742 Wnss.
1140 703 1229 757 Τὴν
1261 700 1517 744 Ναύπακτον
1545 705 1760 756 refingebat

313 764 496 809 Ursinus,
518 762 619 799 haud
638 763 748 798 male.
776 762 882 798 IDEM
903 764 945 798 in
968 761 1063 798 Add.

431 820 535 859 519.
553 820 625 858 31
644 814 1022 869 Αιιπρακι(ιἰταις]’
1012 818 1156 868 4ιιβρ.
1171 815 1284 854 Coisl.
1296 817 1375 853 fere
1388 830 1545 866 semper.
1565 817 1663 854 Vide
1680 817 1756 856 Ios.

313 876 452 914 Wasse
471 875 520 912 ad
540 874 758 924 Thucydid.
770 874 836 911 III.
858 875 958 914 105.
981 873 1192 912 ctPalmer.
1208 873 1256 911 11.
1271 873 1405 910 Graec.
1421 873 1542 910 Ante.
1557 876 1596 913 7.
1617 873 1667 910 W
1673 883 1758 908 Ess,

434 932 536 970 520
562 932 636 970 35.
663 925 710 969 O
728 929 804 980 μὲν
825 945 898 969 ουν
919 930 987 969 Ar
977 928 1202 981 uomh'vrjg
1222 926 1322 968 ὠετο
1345 937 1414 966 etc
1426 927 1444 981 ]
1486 930 1682 967 Videndus
1703 935 1762 965 est

318 987 568 1038 Thucydides
590 986 1080 1026 111.113.114.Wssss.

433 1046 538 1083 520.
570 1043 645 1082 45.
677 1039 740 1080 Ei.
771 1039 927 1095 μεγάλῃ
956 1043 1154 1097 σνμᾳορᾶ
1184 1036 1557 1094 περιπεπτωκότες]
1594 1040 1762 1090 Praepo-

318 1102 498 1138 sitionem
518 1100 657 1136 merito
686 1099 886 1136 delendam
906 1099 1051 1136 iudicat
1074 1084 1396 1135 Rh‘odomannus:
1437 1109 1632 1144 nunquam
1659 1099 1764 1134 enim

316 1159 359 1195 in
384 1156 455 1193 hoc
473 1168 613 1207 genere
631 1154 845 1192 adhibetur.
863 1155 1034 1203 Namque
1055 1163 1092 1192 et
1111 1168 1224 1203 supra
1246 1169 1277 1191 c.
1303 1156 1372 1194 56.
1396 1155 1442 1190 de
1462 1154 1765 1200 Plataeensibus‚

318 1186 496 1258 ἀδικιιόις
502 1216 592 1256 ταῖς
619 1225 830 1263 μεγισταις
858 1216 1094 1265 συμφοραῖς
1123 1209 1371 1263 περιέπεσον.
1411 1210 1462 1246 Et
1491 1209 1534 1245 L.
1553 1209 1662 1245 XIII.
1687 1212 1763 1249 21.

318 1266 476 1320 ἄνδρας
505 1269 557 1306 π)
563 1266 668 1313 ειόυς
693 1269 776 1306 τῶν
805 1267 1155 1320 τετρακισμτᾘριων
1176 1264 1284 1305 οὕτω
1309 1262 1438 1318 μεγα)
1442 1280 1505 1311 αις
1527 1270 1763 1318 σνμφοραΐς

319 1338 508 1377 περιπεσε
493 1325 654 1370 ΐσθαις
702 1322 803 1360 Τυιιι
832 1323 874 1360 L.
899 1324 1027 1361 XVII.
1052 1324 1126 1363 29.
1164 1323 1346 1374 Δαρεῖος
1369 1344 1416 1350 -
1442 1320 1556 1360 καίπ·
1543 1336 1585 1372 ερ
1607 1320 1763 1374 μεγμῇῃ

318 1395 436 1448 συμᾳ
442 1381 520 1435 ορᾷ
553 1375 880 1431 περιπεπτωκώς.
926 1379 1178 1416 Reddendum
1208 1386 1265 1415 est
1296 1378 1441 1416 Basilio
1470 1377 1520 1414 Μ.
1550 1377 1671 1425 Epist.
1702 1377 1763 1414 LI.

318 1433 500 1487 στόμασι
524 1433 628 1488 πρὸς
648 1434 924 1487 ψευδολογίαν
955 1431 1137 1480 εὐκολοις
1156 1449 1397 1487 περιπεσιοι.
1439 1433 1505 1470 Sic
1525 1436 1626 1470 enim
1651 1446 1764 1482 opor-

318 1497 413 1531 tuit:
453 1505 540 1528 nam
561 1488 813 1542 παραπεσὼν
836 1505 915 1528 non
936 1494 1029 1529 satis
1047 1492 1101 1529 ibi
1121 1498 1180 1528 est
1200 1491 1451 1538 conmodum,
1493 1496 1606 1538 atque
1626 1503 1648 1527 a
1668 1491 1764 1527 scri-

318 1552 396 1600 ptis
417 1549 528 1585 libris
547 1548 783 1595 inprobatur.
817 1547 953 1587 XVESS.

435 1605 540 1644 520.
572 1605 643 1644 51.
692 1605 781 1655 Τῆς
808 1602 853 1643 δὲ
884 1602 1131 1657 Μεσσηνίας
1160 1600 1310 1654 ἀπέχον
1343 1601 1537 1648 σταδίους
1571 1616 1766 1653 τετρακο-

319 1660 462 1710 σίους]
495 1659 553 1696 De
573 1659 671 1710 Pylo
691 1661 883 1708 loquitur,
920 1673 1033 1709 quam
1054 1662 1168 1698 sitam
1187 1663 1243 1697 ait
1263 1661 1306 1696 in
1327 1659 1541 1705 Messenia,
1571 1665 1609 1695 et
1626 1659 1673 1695 ab
1696 1660 1764 1696 illa

317 1719 463 1755 distare
487 1716 621 1753 stadiis
645 1717 949 1767 quadringentis.
975 1717 1259 1754 Absurdissima
1269 1714 1479 1752 sententia!
1509 1714 1620 1752 Hanc
1642 1715 1765 1752 histo-

316 1777 417 1812 riam
446 1773 560 1809 habet
590 1785 613 1810 a
641 1772 867 1823 'lhucydide
897 1771 969 1826 (L.
989 1774 1051 1811 IV.
1073 1770 1147 1825 3.)
1180 1774 1247 1822 qui
1272 1779 1447 1810 accurate
1481 1785 1562 1808 eam
1599 1773 1764 1818 scripsit.

317 1830 382 1868 Ex
393 1844 436 1867 eo
448 1831 532 1880 Iege
553 1831 627 1880 τῆς
647 1827 753 1867 ds*
713 1825 910 1882 ...πάρτης
930 1827 1081 1880 ἀπέχον
1105 1828 1300 1875 σταδίους
1318 1827 1618 1879 τετρακοσίους.
1632 1827 1673 1863 Ρ.
1671 1837 1761 1863 xLM.

317 1886 467 1924 Error'
457 1899 499 1922 111
522 1885 584 1921 his
603 1885 791 1922 absurdus
812 1893 880 1922 est.
911 1886 1091 1923 Palmerii
1111 1887 1330 1934 opinionem
1349 1884 1475 1920 firmat
1497 1891 1534 1919 et
1558 1882 1702 1922 Strabo
1719 1882 1761 1920 L.

319 1942 425 1980 VIII.
445 1955 481 1990 p.
509 1942 611 1982 551.
632 1940 674 1979 B.
704 1941 837 1979 Wssss.
863 1941 1029 1979 Ursinus
1052 1942 1220 1978 malebat
1244 1954 1320 1992 της
1342 1938 1386 1978 δὲ
1412 1934 1653 1990 ..711εσσηνης,
1683 1940 1763 1975 levi

317 2000 554 2044 mutatione,
586 2010 682 2046 quae
701 2004 739 2034 et
761 1998 928 2035 blandiri
945 2006 1146 2046 propterea
1169 2003 1321 2045 posset,
1349 1995 1462 2032 modo
1483 1996 1660 2044 liqueret,
1689 1993 1763 2031 hoc

317 2063 487 2104 tempore
505 2054 638 2091 urbem
661 2055 779 2091 fuisse
800 2054 1022 2092 Messenen:
1061 2053 1100 2091 id
1120 2066 1213 2091 vero
1236 2065 1345 2089 secus
1365 2051 1526 2098 habere,
1549 2057 1684 2088 notum
1703 2057 1763 2087 est

319 2125 369 2149 ex
387 2110 600 2156 Strabone,
628 2109 820 2148 Pausania
847 2117 961 2161 atquc
993 2111 1092 2147 aliis.
1130 2109 1226 2146 Vide
1255 2107 1358 2146 hunc
1386 2107 1429 2144 L.
1452 2106 1516 2144 IV.
1544 2109 1582 2147 l.
1628 2106 1761 2155 Itaque

315 2168 499 2206 Palmerii
518 2169 648 2214 opinio
668 2168 795 2214 potior
815 2174 885 2204 est.
916 2167 1021 2204 IDEM
1043 2169 1083 2203 in
1106 2166 1202 2203 Add.

434 2224 537 2263 520
564 2223 636 2262 53.
664 2220 729 2261 Ἐν
753 2221 902 2262 εἴκοσιν
924 2218 1095 2274 ἡμέραις
1116 2219 1298 2272 ἐτείχισε]
1317 2217 1382 2259 Εν
1404 2213 1576 2271 ημὲραις
1594 2213 1639 2265 ἐξ
1655 2217 1764 2255 Thu-

317 2280 477 2330 cydides
507 2277 550 2315 L.
576 2277 641 2317 IV.
667 2279 706 2318 5.
720 2305 731 2326 ,
766 2280 866 2327 quod
895 2282 1024 2317 verius
1054 2279 1220 2316 arbitror
1255 2289 1440 2326 perpensa
1470 2274 1763 2312 Atheniensium

315 2349 464 2374 summa
481 2336 625 2373 virium
648 2338 906 2382 contentione,
925 2348 999 2385 qua
1019 2337 1059 2371 in
1079 2335 1177 2384 Pylo
1199 2332 1405 2370 munienda
1425 2334 1485 2368 usi
1505 2338 1605 2368 sunt.
1630 2330 1679 2367 W
1682 2341 1764 2368 Ess.

430 2393 534 2431 520.
566 2392 624 2430 6..
600 2393 639 2427 ⁶.)
674 2388 1008 2444 Θρασυμηδους]
1046 2389 1154 2427 Nihil
1185 2392 1227 2426 in
1256 2390 1365 2426 vocis
1395 2390 1586 2436 scriptura
1613 2386 1760 2424 discor-

313 2449 407 2486 dant
427 2447 543 2485 Codd.
564 2448 710 2494 scripti.
740 2446 889 2485 Tamen
909 2461 933 2485 a
950 2446 1177 2497 Thucydide
1200 2443 1527 2498 Θρασυμηλίδας
1549 2443 1761 2493 adpellatur

312 2505 355 2542 L.
377 2505 442 2542 IV.
467 2507 486 2544 1
500 2502 702 2544 1.Wr.ss.

426 2563 530 2600 520.
564 2560 637 2599 65.
678 2560 798 2605 Ναῦς
822 2555 1103 2628 ἀντιπρώρους
1127 2554 1306 2609 ἔστησαν
1326 2557 1392 2623 τῷ
1408 2549 1582 2604 στόματι
1606 2556 1679 2594 τοῦ
1700 2555 1758 2592 λι-

309 2614 459 2667 μένος]
499 2616 566 2654 Sic
586 2614 629 2651 L.
647 2614 756 2652 XIII.
780 2618 851 2656 78.
892 2616 960 2655 καὶ
980 2598 1195 2668 (τοιήρεις)
1223 2610 1329 2652 κατὰ
1348 2609 1422 2651 τὸν
1445 2609 1660 2649 διέκπλουν
1681 2607 1756 2647 ἇν-

305 2670 538 2726 τιπρώρους
572 2669 796 2723 κατέστησε
800 2701 808 2709 .
849 2672 901 2709 Et
924 2673 1021 2709 libro
1051 2671 1183 2708 eodem
1216 2683 1247 2707 c.
1271 2671 1343 2708 50
1381 2664 1424 2706 αἱ
1452 2661 1628 2718 τριήρεις
1663 2663 1757 2705 ἐπέ-

305 2744 353 2768 σι
357 2741 490 2782 ρεψαν
511 2726 760 2782 ἀντίπρωροι
781 2733 866 2776 τοῖς
887 2726 1106 2779 ηολεμιᾝοις
1124 2726 1250 2776 Atque
1273 2728 1326 2764 ita
1347 2724 1391 2763 de
1413 2722 1576 2762 navibus
1595 2723 1755 2772 passini,

1297 2832 1320 2857 l
