1828 3253
437 145 500 184 IN
530 143 642 182 LIB.
673 143 756 181 111.
784 143 912 181 CAP.
936 145 1077 185 60.—
1098 146 1174 185 62.
1425 148 1519 187 295

185 259 291 299 230
316 258 387 299 54-
423 257 696 312 Προσαγοοεῧ
702 271 768 297 σαι
799 272 866 296 και
895 253 971 309 τὴν
991 258 1118 308 νῆσον
1149 279 1196 289 --
1215 253 1399 305 Ἰδαίαν]
1426 257 1511 296 Hoc

72 312 206 352 Cretae
227 329 364 352 nomen
383 327 460 351 non
483 315 681 363 praeteriit
704 314 887 361 stephan.
911 316 950 350 in
971 309 1132 364 Κοητν,
1161 326 1282 362 neque
1300 314 1354 354 Ιο
1367 314 1508 355 Meurs.

71 370 100 406 1.
125 370 226 410 Cret
250 372 289 410 3.
330 370 415 407 Vid.
438 382 527 407 mox
547 383 578 406 c.
603 372 674 410 71.
713 369 953 407 Cretensium
975 382 1067 407 vero
1089 370 1237 407 fabulas
1262 370 1307 407 de
1330 370 1419 408 love
1440 383 1508 407 ex-

68 430 238 477 sequitur
255 427 344 464 infr.
370 426 411 463 L.
429 426 475 465 V.
503 427 575 465 70.
603 426 653 463 W
658 436 742 462 Ess.

181 485 286 524 230.
318 484 390 523 63.
436 481 633 532 Κατέγειν
663 479 738 528 τὰς
770 476 952 535 damone)
957 479 1041 533 εις]
1090 479 1360 531 Διακατὲγειν
1392 484 1507 520 etiam

67 539 171 576 infra
190 545 356 586 usurpat.
385 537 520 574 RHOD.
551 536 740 579 Διακατέ
719 553 820 589 «χειν
843 537 903 577 St.
926 551 975 575 m.
999 536 1039 574 C.
1066 537 1118 574 M.
1141 536 1196 574 Cl.
1219 537 1263 574 V.
1287 539 1392 575 bene.
1416 538 1503 575 Vid.

68 596 157 633 infr.
176 595 262 633 XV.
284 597 356 635 82.
390 593 525 632 wass.

174 652 281 692 230.
308 652 380 691 66.
420 647 581 702 Κρόνια
611 645 1022 703 ποοσαγορεῦεσθαι]
1058 648 1289 687 Huiusmodi
1323 649 1362 686 in
1391 648 1504 687 Elide

62 703 242 758 Κοονιον
262 708 331 743 inf.
353 706 440 743 XV
465 709 534 747 77
557 714 594 743 et
607 709 647 744 in
660 707 796 744 Sicilia
819 707 1003 743 aonium
1024 706 1191 743 eiusdem
1213 707 1302 742 libri
1322 708 1442 746 ο.16.
1465 713 1504 742 et

62 759 559 816 Ιὶρόνιοςόχθοςῦἰοῃγε.
572 763 812 800 Halicarnas.
825 762 866 800 L
878 762 905 799 Ι.
919 762 963 802 Α.
979 761 1025 799 R.
1039 776 1075 812 1).
1089 765 1162 803 27.
1177 765 1215 799 in
1233 762 1352 798 Italia.
1365 762 1500 801 XVEss.

172 820 278 859 230
309 821 380 860 74.
418 821 505 858 Tou
532 815 648 873 Kom
642 834 699 857 ov
729 816 833 870 μετὰ
863 821 947 859 τῶν
970 814 1098 858 Ίιτάν
1090 819 1185 869 sm]
1217 818 1351 856 Paullo
1372 819 1501 856 diver-

62 875 162 911 siore
184 875 300 912 modo
319 877 422 912 infra
442 889 473 912 c.
497 877 570 915 72.
605 875 737 913 WEss.

172 932 280 972 230.
305 934 377 972 81.
408 930 654 983 Ειῖνεργεσιάν
676 930 720 969 δὲ
739 932 822 969 τῶν
842 927 1005 981 ὄχλων]
1042 930 1201 968 Eusebii
1222 931 1305 969 τῶν
1326 926 1500 982 ἀγαθῶν

59 987 227 1025 blandiri
246 995 387 1036 posset,
415 991 447 1025 si
466 991 631 1039 vestigia
650 987 813 1024 Diodori
833 987 1057 1038 diligentius
1080 989 1249 1038 legisset.
1281 985 1401 1023 Credo
1419 988 1500 1023 eius

61 1055 143 1079 esse
175 1046 577 1093 interpretamentum,
605 1046 748 1090 multa,
787 1043 876 1080 dnm
904 1043 997 1080 haec
1028 1046 1220 1091 excerpit,
1254 1045 1440 1080 mutantis
1461 1049 1500 1079 et

59 1101 305 1151 negligentis.
334 1100 430 1137 Vide
453 1101 556 1137 infra
581 1114 612 1137 c.
643 1102 714 1140 72.
749 1099 888 1136 ἎἘεε.

172 1157 277 1195 230.
301 1159 372 1195 82.
410 1158 551 1207 Ζῆνα,
583 1153 649 1194 διὰ
676 1153 723 1194 τὸ
750 1178 797 1183 -
820 1157 892 1194 τοῦ
918 1156 1053 1202 καλῶς
1079 1152 1179 1208 ζῇν]
1212 1154 1389 1192 Eustath.
1409 1154 1498 1193 vide

56 1214 98 1249 in
120 1211 275 1249 Homer.
297 1212 404 1252 436.
436 1219 473 1248 et
493 1211 703 1250 Cornutum
724 1212 770 1249 de
789 1210 878 1250 Nat.
899 1210 1014 1250 Deor.
1048 1225 1080 1248 c.
1099 1214 1142 1252 2.
1173 1218 1211 1248 et
1230 1209 1434 1262 Recognit.
1456 1210 1497 1249 S.

58 1266 240 1305 clement.
263 1268 305 1305 L.
325 1267 376 1304 X.
404 1269 476 1307 33.
504 1268 638 1306 WVESS.

166 1326 274 1364 230.
297 1326 367 1365 86.
408 1323 481 1370 ,Εἷς
500 1321 573 1363 τὸν
594 1320 754 1376 αἰῶνα]
788 1322 866 1360 Cur
887 1322 959 1361 hoc
979 1329 1193 1370 mutarent,
1223 1336 1380 1360 caussae
1400 1323 1499 1360 nihil

54 1387 156 1418 erat:
184 1383 240 1418 sic
262 1394 341 1430 cap.
356 1380 426 1421 56.
450 1387 488 1417 et
509 1381 579 1420 73.
602 1377 706 1432 πρὸς
725 1377 798 1419 τὸν
820 1378 963 1418 αἷῶνα.
986 1378 1184 1430 Lycurgus
1205 1381 1247 1415 in
1268 1379 1436 1415 Leocrat.
1460 1393 1495 1428 p.

60 1438 161 1478 155.
186 1437 232 1473 de
254 1436 396 1484 Troia,
422 1450 444 1473 a
469 1436 628 1474 Graecis
658 1450 817 1482 eversa,
851 1433 925 1474 τὸν
957 1436 1088 1474 αῗιῧνα
1118 1432 1312 1487 ἀοίκητός
1343 1435 1425 1473 ἐστι
1457 1443 1496 1471 et

53 1492 200 1543 loseph.
224 1493 253 1531 l.
275 1493 318 1531 B.
346 1492 372 1530 Ι.
399 1495 474 1532 21.
503 1495 589 1540 10.,
620 1505 731 1540 quem
750 1493 838 1529 vide
860 1505 946 1528 cum
967 1491 1174 1541 spanhem.
1195 1499 1297 1528 nota.
1326 1492 1465 1530 WVESS.

164 1550 270 1588 230-
295 1550 367 1588 89.
394 1546 462 1587 Ἕν
488 1554 574 1594 τοῖς
598 1549 921 1601 Αἶγῑπτιακοῖς]
950 1547 992 1584 L.
1017 1548 1041 1584 l.
1066 1550 1140 1587 23.
1169 1548 1304 1585 Wnss.

165 1606 272 1645 231,
298 1607 371 1645 98.
407 1603 458 1643 Oc
488 1604 532 1643 δὲ
559 1619 626 1642 το
621 1610 666 1650 ῖς
697 1618 754 1656 725
758 1619 830 1642 ‘me
826 1602 898 1641 ἸΙια
932 1599 1274 1657 παραδεδώκασιν
1267 1604 1305 1654 Ι]
1346 1603 1424 1641 11110
1457 1611 1496 1640 et

53 1662 246 1711 quinque,
278 1664 334 1698 uti
354 1660 488 1698 Cicero
510 1660 577 1697 111.
597 1661 644 1698 N.
667 1659 716 1699 Ι).
740 1662 814 1700 23.
846 1660 895 1696 W
902 1671 984 1696 ess.

168 1719 275 1757 231.
305 1719 372 1757 10.
405 1712 626 1766 Διμήῖορα
647 1715 690 1755 ὸι-
710 1713 920 1756 Διόνυσον
942 1735 991 1743 --
1014 1711 1290 1767 ὠνομάσθαι]
1329 1716 1442 1753 Hos·
1433 1730 1495 1753 111-

51 1780 110 1810 ter
130 1773 304 1823 Orpheus
324 1773 440 1823 Hym.
459 1771 608 1809 XLIX.
641 1775 677 1812 l.

161 1831 302 1870 Κλῦθϊ
325 1825 465 1881 μάκαρ
490 1826 594 1873 Διὸς
622 1824 684 1866 υἷ’
721 1823 895 1878 &alifiae
914 1822 1051 1878 Βάκχε
1074 1823 1271 1882 διμάτωρ.

51 1893 90 1924 et
108 1887 242 1924 Alexis
263 1888 304 1923 in
324 1885 464 1921 Athen.
484 1884 530 1921 11.
551 1887 594 1924 2.
618 1897 652 1932 p.
674 1885 748 1924 37.
772 1882 814 1919 Β.

154 1938 203 1981 Ὁ
221 1939 301 2011 γὰο
320 1937 505 1993 διμάτωρ
526 1935 712 1993 Βοόμιος
730 1936 778 1979 οὐ
798 1937 930 1993 χαίρει
952 1936 1087 1980 συνών

153 1994 345 2048 Ἀνὸοάσι
366 2001 571 2049 πονηροῖς

49 2066 144 2104 quos
162 2062 334 2092 auctores
358 2053 497 2090 habere
517 2054 643 2101 potuit
663 2050 828 2089 Ovidius
849 2050 912 2088 lV.
939 2050 1032 2091 Met
1060 2053 1133 2091 12.

165 2132 214 2139 --
242 2132 291 2140 --
310 2109 589 2160 Bacchumque
606 2115 773 2154 vocant,
798 2107 860 2144 By
863 2109 1079 2159 omiumque
1103 2108 1351 2158 Lyaeumque

162 2168 496 2217 Ignigenamque,
536 2171 741 2217 satumque
762 2166 927 2211 iterum,
954 2166 1152 2214 solumque
1173 2163 1490 2202 RIMATREM.

51 2221 105 2259 Ut
132 2236 225 2260 vero
243 2222 436 2260 Diodorus
466 2221 515 2259 ad
536 2223 621 2259 vini
641 2221 842 2273 ingenium
861 2219 1002 2257 Bacchi
1024 2222 1213 2266 fabulam,
1253 2228 1403 2257 secutus
1425 2235 1490 2257 sa-

49 2291 200 2315 crorum
218 2280 468 2326 interpretes,
493 2278 691 2324 transfert,
720 2277 820 2313 haud
841 2278 951 2313 aliter
971 2275 1174 2324 Cornutus,
1204 2279 1245 2313 in
1264 2277 1491 2325 quibusdam

50 2341 176 2372 tamen
202 2334 391 2382 diversus,
419 2334 507 2372 Nat.
529 2333 644 2371 Deor.
665 2347 696 2370 c.
721 2334 793 2372 30.
824 2333 957 2368 W'Ess.

160 2391 267 2430 231.
293 2392 363 2431 15.
392 2387 682 2443 Νομίζεσθαι]
709 2384 1012 2439 Ὀνομάζεσθαι
1033 2387 1098 2426 Co,
1119 2388 1169 2426 M.
1192 2389 1382 2438 frequenti
1400 2404 1489 2441 pec-

49 2452 146 2484 cato.
175 2446 261 2483 Vid.
284 2446 313 2483 1.
335 2447 409 2487 23.
440 2446 575 2483 WVESS.

160 2502 265 2542 231.
293 2504 362 2542 17.
385 2500 461 2540 Ἐκ
478 2499 584 2547 Διὸς
608 2499 675 2539 καὶ
698 2495 926 2552 Δήμητρος
950 2521 998 2528 --
1019 2498 1355 2551 διασπασθῆναι]
1385 2501 1488 2538 Iovis

49 2564 86 2595 et
104 2558 356 2607 Proserpinae
373 2558 494 2595 filium
514 2572 536 2595 a
556 2557 761 2594 Titanibus
781 2557 1029 2597 dilaceratum
1048 2559 1176 2605 plures
1198 2557 1366 2593 tradunt.
1404 2556 1490 2593 Cle-

46 2627 155 2651 mens
176 2613 227 2650 X.
250 2613 450 2664 Recognit.
470 2627 501 2649 c.
524 2615 597 2653 20.
632 2613 785 2650 Dehinc
816 2612 1114 2664 Persephonae,
1146 2626 1247 2664 qnae
1277 2615 1316 2649 ei
1343 2626 1393 2649 ea:
1417 2614 1490 2649 Ce-

47 2684 137 2708 rere
148 2670 302 2717 suerat
318 2677 514 2721 suscepta,
531 2670 687 2721 Iupiter
705 2671 916 2706 miscetur:
939 2682 989 2705 ea.-
1005 2682 1083 2718 ιμιιι
1104 2668 1318 2717 Dionys-emt
1339 2671 1491 2716 genuit,

49 2729 117 2777 qui
131 2740 156 2763 a
181 2726 336 2763 Titanis
355 2727 578 2777 discerptus
598 2725 824 2775 est.}{ygi11.
845 2724 936 2760 Fab.
959 2723 1064 2761 CLV.
1079 2725 1196 2761 Libet·
1216 2738 1265 2760 ex
1282 2725 1492 2776 Proserpi-

46 2797 112 2829 na,
125 2796 236 2833 quem
253 2782 416 2820 Titanes
434 2788 694 2833 carpserunt:
719 2782 784 2818 ubi
797 2782 906 2831 plura
916 2779 1136 2818 Doctissim.
1151 2779 1351 2818 Mune-ker.
1366 2794 1493 2831 neque
