1828 3253
261 108 351 148 506
721 100 1243 142 ANNOTATIONES

261 221 305 258 ni
321 220 421 256 fallit
447 216 654 254 Aeschines
674 215 764 268 περὶ
785 216 984 268 Παραπρ.
1006 228 1041 264 p.
1068 215 1139 256 51.
1177 214 1255 252 Sed
1275 216 1378 252 fallit
1400 219 1567 254 omnino.
1603 217 1704 255 Nam

263 274 480 314 Andocides
502 274 610 313 Orat.
632 274 677 310 de
698 273 785 310 Pac.
811 287 844 322 p.
864 273 951 318 24,
973 284 1085 319 quem
1106 271 1316 309 Aeschines
1340 276 1563 323 exscripsit,
1591 288 1706 312 avum

266 345 375 369 suum
396 344 415 367 e
435 331 564 367 decem
583 332 662 367 illis
680 331 813 376 fuisse,
834 341 911 365 non
933 330 1139 378 legationis
1160 330 1383 377 principem,
1396 331 1578 378 perhibet.
1601 331 1708 367 Vidit

267 396 305 425 et
325 388 421 425 hanc
439 386 639 424 Aeschinis
661 386 1028 423 inconsiderantiam
1049 383 1104 421 Cl.
1126 384 1401 434 Barbeyracius
1424 384 1524 422 Hist.
1546 385 1705 423 Foeder.

267 445 311 482 P.
333 444 360 480 l.
387 457 420 492 p.
447 445 550 483 112.
583 442 763 479 Formula
788 441 1050 487 induciarum,
1083 443 1280 478 columnae
1300 443 1512 490 insculpta,
1549 443 1712 479 durabat

270 503 310 539 in
341 499 556 537 Pausaniae
582 511 702 550 usque
731 505 893 536 aetatem
912 497 1113 548 Olympiae
1144 498 1254 534 iuxta
1277 497 1379 535 lovis
1399 500 1552 550 signum
1578 500 1644 536 lib.
1666 497 1712 536 V.

270 557 346 599 23.
372 555 506 593 wass.

384 613 493 652 482.
518 611 590 652 84.
619 608 800 656 'As—[Ma
803 624 853 648 αν
873 606 985 648 atvs&
1006 606 1082 662 τὴν
1101 611 1184 650 τῶν
1204 609 1445 664 Κορινθίων
1464 606 1582 650 πόλιν
1604 610 1716 664 οἴκη-

271 664 349 721 τὴο
328 668 437 719 οιοι]
469 668 594 717 Supra
614 666 651 703 L
677 665 747 704 XI.
774 668 847 706 91.
886 666 1020 705 Wnss.

385 725 492 765 482
517 727 588 764 87
631 722 782 762 Κτισαι
805 720 880 773 τὴν
901 720 1048 773 Καλὴν
1064 718 1258 774 Ἀκτὴν]
1291 721 1446 760 Siciliae
1468 726 1572 771 litus,
1597 724 1718 761 Etru-

274 794 426 818 scorum
449 794 536 817 orae
558 780 783 825 obversum,
814 781 869 815 sic
898 779 1141 826 adpellabant
1172 780 1276 815 olim.
1316 774 1375 817 ‘H
1403 779 1446 819 δὲ
1475 779 1578 832 mh]
1611 778 1717 832 αὕτη

270 834 408 889 Ἀκτὴ
445 833 669 886 καλεομένη
704 833 787 874 ἔστι
816 834 892 885 μὲν
926 835 1128 881 Σικελῶν,
1177 848 1282 886 προς
1313 834 1356 873 δὲ
1389 837 1622 888 Τνρσηνίην
1657 852 1721 875 τε-

275 891 490 945 τραμμένη
512 894 585 943 τῆς
609 891 817 938 Σικελίας,
847 891 1068 928 Herodotus
1088 891 1152 929 Vl.
1177 893 1251 931 22.
1297 889 1399 928 Dein
1422 894 1535 939 urbs,
1565 893 1722 930 Ducetii

277 951 458 1000 auspiciis
478 950 559 985 illic
579 948 747 994 condita,
777 948 908 985 eodem
928 951 1083 984 nomine
1110 948 1199 993 fuit,
1228 953 1265 983 et
1289 955 1484 985 contracte
1505 946 1722 1000 Καλακτὴ,

277 1007 380 1043 unde
396 1005 623 1045 Latinorum
641 1004 833 1052 Calacta,
866 1011 904 1041 et
924 1004 1105 1052 oppidani
1129 1004 1383 1044 Καλακτῖνοι
1405 1006 1567 1043 inferius
1590 1020 1621 1044 c.
1644 1006 1720 1045 29.

277 1062 414 1100 XVI-ms.

391 1119 498 1158 482.
522 1118 596 1157 90.
633 1113 899 1169 Ἀρχωνίὸης
920 1112 939 1156 ὃ
965 1118 1048 1155 τῶν
1062 1113 1316 1169 Ἒρβιταιίυν
1336 1113 1626 1167 δυναστεύων]
1658 1116 1724 1156 Ci-

281 1188 368 1212 cero
389 1182 427 1212 et
447 1175 598 1211 Plinius
618 1173 830 1211 Herbitam
850 1181 887 1210 et
907 1173 1164 1210 Herbitenses
1183 1172 1394 1221 adspirant,
1413 1188 1490 1211 non
1504 1176 1594 1211 item
1606 1175 1728 1212 Grae·-

282 1233 337 1268 ci:
366 1245 455 1268 nam
474 1233 515 1267 in
534 1231 765 1278 Ptolemaeo,
785 1226 1029 1282 cui‘Fpsjtta
1052 1229 1096 1268 L.
1120 1229 1239 1268 lll.4.
1267 1233 1399 1280 scripti
1420 1230 1537 1268 Codd.
1558 1231 1723 1269 Palatin.

283 1295 321 1324 et
341 1287 499 1326 Coislin.
521 1288 659 1324 ceteris
680 1288 938 1325 consentiunt.
974 1286 1131 1325 Latinos
1154 1288 1327 1333 sequitur
1346 1287 1414 1329 Ph,
1439 1287 1641 1325 Cluverius
1663 1287 1728 1325 Si-

284 1346 348 1383 eil.
379 1345 508 1390 Antiq.
539 1342 581 1380 L.
608 1342 656 1380 ll.
681 1346 720 1383 8.
761 1343 936 1380 Ceterum
967 1342 1205 1379 Archonides
1235 1341 1524 1381 Herbitensium
1554 1347 1728 1397 princeps

283 1406 516 1437 memoratur
535 1406 571 1435 et
592 1401 634 1436 in
652 1401 766 1436 rebus
789 1398 972 1449 Dionysii
994 1399 1036 1435 L.
1058 1398 1165 1435 XIV.
1192 1400 1285 1445 16.,
1309 1402 1396 1447 qui,
1425 1404 1458 1437 si
1486 1401 1587 1438 idem
1615 1408 1728 1449 atque

284 1456 347 1494 hic
367 1458 496 1501 fuerit,
517 1458 639 1493 vitam
659 1456 701 1494 in
721 1458 895 1493 ultimam
914 1462 1146 1492 senectutem
1167 1459 1402 1506 prorogavit.
1428 1457 1563 1496 Wssss.

398 1514 506 1552 482
537 1513 611 1552 96-
645 1513 741 1550 Τῶι
766 1512 984 1550 §memma
1008 1507 1184 1558 mmm]
1212 1511 1392 1551 Σικεὶῶν
1416 1509 1576 1552 πόλεων
1595 1513 1732 1550 scribi·

287 1576 351 1608 tur
371 1576 408 1606 et
429 1582 451 1606 a
472 1566 631 1606 Coislin.
661 1569 764 1606 infra
801 1582 833 1604 c.
857 1569 931 1607 29.
924 1595 948 1614 .,
982 1567 1104 1616 quod,
1124 1570 1197 1604 etsi
1225 1564 1342 1619 οἶμος
1369 1565 1561 1621 Σκύθης,
1583 1561 1742 1621 ’ᾛΕὶλην

289 1622 491 1677 στρατὸς,
528 1622 715 1676 Θετταλὴ
732 1624 859 1669 ἵππος
872 1652 883 1671 ,
912 1626 1068 1672 eiusque
1088 1626 1242 1675 generis
1261 1626 1369 1672 plura
1390 1627 1524 1676 ignota
1541 1639 1620 1663 non
1641 1629 1734 1673 sint,

289 1681 391 1719 haud
421 1693 569 1730 sequor.
605 1681 703 1717 Vide
731 1681 784 1718 10.
816 1680 1027 1718 Meursium
1055 1682 1098 1717 in
1122 1680 1365 1730 Lycophron.
1393 1697 1431 1722 v.
1454 1683 1561 1724 496.
1595 1689 1632 1720 et
1660 1681 1734 1720 Th.

291 1738 505 1777 Stanleium
528 1737 576 1774 ad
595 1736 779 1787 Aeschyli
800 1737 991 1774 Prometh.
1015 1751 1053 1776 v.
1077 1738 1121 1777 2.
1163 1737 1303 1777 YVESS.

402 1795 509 1836 482.
534 1795 573 1833 1.
601 1790 855 1845 Ἀλλὴλοις]
889 1789 1122 1844 )Αλλήλαις
1151 1791 1267 1832 Coisl.
1300 1808 1380 1833 non
1411 1797 1531 1833 male:
1562 1797 1737 1846 enallage

291 1857 419 1890 tamen
441 1852 594 1901 generis
614 1849 757 1887 Nostro
775 1851 1051 1898 frequentatur.
1079 1849 1213 1887 Wnss.

328 1965 369 2003 9
398 1908 519 2000 ἃ83.
540 1908 610 1947 12.
643 1907 730 1945 Τοῦ
752 1921 794 1946 τε
815 1901 1007 1958 Κράθιος
1029 1905 1097 1947 καὶ
1116 1908 1190 1948 τοῦ
1213 1902 1439 1960 Συβάριος]
1470 1906 1579 1945 conf.
1602 1906 1645 1945 L.
1661 1905 1736 1945 XI.

296 1966 320 2004 8
454 1973 536 2001 Fss

405 2020 513 2061 483.
548 2019 618 2058 19.
655 2014 749 2069 Ἔχε
754 2033 790 2058 ιν
824 2020 1003 2058 ποὶιτῶν
1043 2014 1266 2069 τριάκοντα
1298 2014 1536 2084 μυριάδας]
1587 2019 1741 2057 Similia

296 2074 459 2122 Strabo,
503 2075 571 2111 sed
602 2075 842 2112 distinctius:
881 2077 1084 2114 τοσοῦτον
1105 2073 1140 2113 δ’
1165 2073 1329 2131 ευτυχιίι
1350 2072 1527 2129 διήνεφκε
1532 2092 1552 2115 ν
1572 2093 1597 2127 η
1626 2072 1744 2122 πόὶις

295 2147 401 2184 αυτη
431 2129 478 2170 τὰ
509 2129 586 2169 π)’
567 2146 631 2170 εον
633 2158 654 2199 3
693 2127 749 2177 ὡς
777 2127 982 2198 τεττάρων
1011 2130 1086 2182 μὲν
1108 2130 1244 2170 ἐθνῶν
1272 2147 1356 2171 των
1378 2133 1553 2185 πλησίον
1573 2128 1706 2184 ’ἱπῆρς
1712 2146 1742 2178 ε,

297 2186 414 2228 πὲιτε
449 2185 493 2226 ὸὲ
521 2186 589 2226 καὶ
612 2185 736 2226 εἴκοσι
765 2184 843 2227 πό)
848 2202 902 2233 εις
926 2183 1134 2254 υπηκόους
1156 2185 1271 2239 ἴσχε,
1311 2188 1670 2229 TPIAKONTA
1700 2186 1745 2227 δὲ

297 2243 603 2284 ΖΙΙΥΡΙΑΣῙΝ
628 2241 790 2296 ἀιὸρῶν
823 2243 887 2282 ἐπὶ
916 2239 1214 2297 Κροτωιιάτας
1246 2241 1527 2296 ἔστρατευσεςν,
1559 2244 1684 2283 L.V1.
1704 2257 1742 2292 p.

298 2301 407 2340 404.
428 2300 472 2338 A.
510 2298 630 2336 Porro
654 2300 752 2348 quod
774 2300 944 2337 succedit
967 2300 1012 2337 de
1032 2299 1153 2350 Tely,
1190 2314 1275 2338 eum
1297 2300 1516 2339 Herodotus
1536 2301 1578 2338 L.
1599 2301 1645 2338 V.
1665 2301 1742 2341 44.

299 2355 569 2407 Sybaritarum
588 2369 740 2405 regem,
765 2356 990 2394 Heraclides
1009 2357 1194 2394 Ponticus
1219 2358 1427 2395 eorundem
1447 2365 1654 2408 tyrannum
1674 2370 1744 2395 vo·-

303 2420 365 2450 cat
392 2416 434 2451 in
461 2411 648 2448 Athenaei
672 2412 714 2451 L.
740 2413 832 2451 ΧΗ.
854 2414 911 2459 4.,
939 2413 979 2450 id
998 2416 1155 2462 insuper
1175 2414 1420 2463 significans,
1450 2416 1554 2463 prius
1575 2415 1747 2450 domina-

300 2472 405 2507 tione
437 2469 622 2505 deiectum
653 2469 772 2505 fuisse
810 2482 922 2517 quam
957 2470 1098 2506 bellum
1119 2472 1222 2517 ipsos
1243 2473 1343 2506 inter
1363 2478 1401 2506 et
1419 2469 1659 2508 Crotoniatas
1682 2481 1746 2505 ar·-

303 2526 423 2572 deret,
452 2524 745 2562 adversantibus
768 2525 966 2563 Herodoto
992 2533 1029 2563 et
1047 2524 1231 2562 Diodoro.
1260 2527 1394 2564 Wess.

414 2581 521 2621 483.
553 2583 627 2620 21.
670 2582 934 2634 Φυγαὸεῦσαι
967 2579 1065 2628 τοὺς
1095 2578 1406 2634 εὐπορωτάτους
1433 2582 1517 2620 τῶν
1539 2579 1746 2630 πολιτῶν]

304 2636 466 2687 Sybaris
496 2635 735 2675 Achaeorum
760 2646 797 2675 et
819 2637 1121 2676 Troezeniorum
1150 2646 1231 2675 erat
1257 2639 1430 2675 colonia:
1478 2637 1622 2674 Achaei
1661 2649 1748 2675 cum

305 2706 462 2731 numero
482 2695 698 2731 evasissent
729 2697 968 2744 superiores,
1009 2693 1237 2731 Troezeniis
1268 2694 1450 2732 oriundos
1481 2696 1637 2732 civitate
1668 2695 1747 2729 eie-

305 2755 451 2788 cerunt.
489 2748 607 2799 Hinc,
628 2763 714 2790 cum
734 2749 977 2791 Crotoniatae
999 2753 1131 2790 exules
1152 2751 1312 2802 prodere
1333 2752 1503 2798 nollent,
1524 2756 1648 2788 ortum
1667 2749 1748 2788 bel-
