1828 3253
470 172 532 211 IN
572 169 684 211 [ΑΒ.
715 170 745 209 Ι.
776 169 903 209 cAP.
933 170 1006 212 65.
1026 173 1100 212 66.
1385 176 1473 217 107

165 289 237 328 76.
257 286 333 328 48.
360 284 523 325 Λυπῶν
541 281 614 324 τὸν
634 279 798 338 κύριον]
826 281 970 321 Rarum
995 282 1067 321 hoe
1096 285 1192 333 apud
1213 288 1308 326 alios
1328 286 1374 326 de
1393 286 1475 326 Deo

54 344 273 393 simpliciter
305 341 588 391 positun1,sed
615 339 660 378 V.
690 340 803 378 ets-N.
836 338 883 377 T.
925 341 1174 390 scriptoribus
1213 344 1478 392 frequentissi-

52 413 164 436 mum.
221 399 341 447 Atque
371 397 470 434 haud
499 399 600 444 scio,
627 409 678 434 an
708 394 762 438 lo.
793 394 1029 444 Spencerus,
1057 409 1142 435 cum
1172 400 1214 438 in
1244 413 1395 438 caussas
1416 404 1477 439 in..

53 457 241 506 quireret,
270 466 336 492 eur
355 452 459 490 Deus
480 452 526 490 Ο.
546 452 598 492 Μ,
621 455 722 504 regis
747 452 962 500 dominique
999 454 1130 490 titulos
1159 454 1356 493 admiserit
1386 457 1478 495 Dis-

54 519 142 549 sert.
174 511 218 548 de
249 509 449 548 Theocrat.
479 522 511 546 e.
538 509 575 549 5.
605 521 640 558 p.
671 509 776 548 344.
804 507 898 557 hoc,
934 511 967 545 si
998 510 1039 545 in
1066 509 1208 546 mundo
1243 513 1302 548 illi
1329 514 1479 562 fuisset,

52 568 321 618 praeteriisset.
354 565 486 603 W'Ess.
543 565 679 602 Aliena
705 564 797 602 haec
825 565 870 601 ab
899 562 971 602 hoe
999 565 1106 614 loco,
1140 565 1206 604 ubi
1235 564 1307 607 τὸν
1339 565 1478 623 κύριον

54 622 345 674 intelligendum
371 619 442 661 τὸν
465 622 538 660 τοῦ
569 620 639 673 ζῆν
662 616 812 674 κύριον.

166 680 237 718 76.
260 679 331 720 52.
356 674 572 730 Ἀνιιρχίας
595 675 638 716 δὲ
653 674 898 729 γενομένης]
932 676 1149 715 Herodotus
1169 677 1321 729 Anysin
1338 692 1479 732 regem,

54 734 250 773 Sabacone
278 737 320 773 in
348 732 588 783 Aethiopiam
612 746 791 781 reverso,
819 746 978 784 regnum
1004 735 1259 784 reciperasse,
1296 742 1378 774 tum
1409 737 1481 775 Se-

51 791 228 838 thonem,
254 790 418 829 Vulcani
435 789 691 837 sacerdotem,
718 802 848 841 regem
865 790 1005 837 fuisse,
1033 803 1077 827 eo
1096 804 1188 829 vero
1219 791 1399 831 defuncto
1418 803 1482 831 ΧΠ

50 840 431 898 reges‘eonstitutos,
459 853 497 884 et
517 847 635 885 multo
654 859 745 885 sane
767 848 909 885 rectius
929 846 1046 888 tradit
1065 846 1112 886 11.
1136 847 1238 888 140.
1263 849 1364 890 141.
1379 850 1481 892 147.

52 904 185 942 Wssss.

166 960 237 1000 76.
261 958 331 998 57.
364 954 457 997 'En'
491 954 559 1011 ἔτη
591 957 900 1010 πεντεκαίδεκα]
938 957 1029 997 Noli
1055 961 1110 998 ita
1139 961 1331 1010 accipere,
1377 975 1420 1000 ae
1450 963 1485 1000 si.

52 1015 174 1052 finitis
203 1019 263 1051 xv
299 1017 411 1052 annis
443 1016 656 1065 sepulcrum
693 1024 838 1052 struere
870 1016 1043 1066 adgressi
1072 1017 1236 1054 fuerint:
1275 1018 1416 1056 falsum
1442 1018 1484 1056 id

53 1073 165 1108 foret.
220 1069 447 1122 Regnarunt
477 1071 737 1109 adfinitatibus
767 1074 889 1109 iuneti
917 1073 1180 1109 communibus
1220 1076 1398 1124 auspiciis
1424 1087 1486 1112 se-

54 1129 300 1177 pulcrumque
343 1128 418 1164 sibi
448 1130 685 1165 excitarunt:
729 1128 796 1165 sed
826 1141 911 1165 cum
941 1137 1000 1165 xv
1028 1129 1108 1166 fere
1137 1141 1257 1166 annos
1286 1131 1485 1181 regnando

55 1184 361 1235 absumpserant,
397 1189 440 1222 ut
467 1196 557 1220 mox
589 1183 710 1232 dicet,
748 1184 944 1235 Aegyptus
973 1185 1041 1222 sub
1070 1188 1184 1223 unius
1215 1184 1487 1225 Psammetichi

54 1241 254 1288 imperium
274 1245 312 1275 et
330 1238 513 1276 ditionem
533 1240 688 1277 redacta
706 1247 774 1277 est.
805 1240 939 1277 WVESS.

168 1297 241 1336 76.
264 1295 338 1336 64.
369 1291 678 1349 Ἐνταφέντων]
713 1295 796 1333 Ηοο
826 1297 996 1346 praefero
1013 1296 1061 1334 ob
1088 1294 1241 1335 Philon.
1271 1297 1354 1337 Iud.
1374 1299 1487 1351 migr.

55 1351 145 1390 Abr.
163 1365 200 1402 p.
224 1352 328 1392 390.
347 1350 392 1388 Ε.
422 1357 461 1388 et
480 1364 581 1401 supr.
604 1365 636 1389 c.
658 1353 732 1392 64.
772 1352 906 1390 VVESS.

167 1421 239 1460 76.
265 1420 338 1461 67.
372 1415 459 1459 Τὸν
479 1418 534 1465 εἷς
552 1415 627 1471 τὴν
645 1417 882 1473 Μοίριδος]
918 1418 1026 1458 Conf.
1057 1433 1158 1470 supr.
1187 1433 1220 1460 o.
1248 1420 1320 1463 52.
1349 1421 1485 1463 WVESS.

168 1488 241 1527 76.
269 1487 341 1526 68.
386 1481 535 1539 Τάφον
572 1485 614 1526 ἐκ
652 1487 735 1526 τῶν
762 1485 1019 1539 καλλίστων]
1057 1487 1278 1528 Herodotus
1315 1490 1490 1541 labyrin-

55 1540 184 1589 thum,
209 1543 303 1590 ipsis
324 1542 583 1593 pyramidibus
606 1544 854 1580 excellentius
875 1557 989 1596 opus,
1019 1544 1079 1582 his
1105 1545 1325 1583 auctoribus
1354 1548 1492 1584 tribuit

58 1597 106 1635 11.
130 1599 254 1692 l4x8v.,
285 1600 442 1649 eiusque
462 1599 627 1651 vestigia
646 1600 778 1651 legens
799 1598 923 1649 Mela,
950 1608 994 1639 ut
1021 1614 1136 1653 supra
1157 1614 1190 1640 e.
1217 1603 1291 1644 61.
1320 1603 1492 1642 ostendi-

58 1666 154 1693 mus.
234 1664 314 1693 sss.

174 1724 246 1763 76.
275 1722 348 1764 74.
400 1717 582 1770 Φάτναις
618 1721 701 1763 τισὶ
736 1721 1080 1777 διαγεγλυμμένη]
1130 1722 1216 1763 Hoc
1244 1726 1374 1774 probo.
1423 1725 1494 1767 καὶ

60 1775 230 1830 ξέσμασι
251 1777 436 1816 Scholion
455 1786 512 1816 est
531 1782 720 1828 ineptum:
749 1780 840 1829 quid
860 1783 961 1817 enim
981 1781 1029 1818 ad
1048 1781 1148 1818 hunc
1161 1783 1288 1819 locum
1308 1790 1493 1821 ramenta

59 1833 272 1886 ξέσματαῖ
322 1833 424 1872 Sunt
445 1831 597 1889 φάτναι
620 1837 882 1883 lacunarium,
909 1837 956 1873 ad
978 1839 1167 1887 praesepis
1186 1838 1350 1875 formam
1368 1840 1494 1876 fabri-

61 1898 253 1939 catorum,
288 1904 433 1942 genus,
459 1887 719 1945 φατνώματα
748 1892 911 1942 Polybio
939 1892 991 1930 X.
1020 1893 1095 1935 24.
1128 1892 1287 1943 Iosepho
1315 1894 1418 1934 Vlll.
1447 1894 1494 1932 A.

60 1947 90 1984 l.
117 1948 158 1986 3.
182 1949 224 1987 2.
252 1945 400 1984 Retulit
431 1954 468 1984 et
498 1946 570 1986 huc
600 1948 648 1985 ls.
676 1946 887 1985 casaubon.
916 1945 1076 2001 φάτνας
1106 1946 1285 2002 ἀργυρᾶς
1311 1948 1495 1988 Turdita-

61 2016 198 2041 norum
217 2003 317 2052 apud
337 2003 515 2041 Strabon.
544 2003 608 2040 Ill.
629 2018 664 2055 p.
691 2005 819 2051 224,
848 2003 950 2042 haud
980 2007 1057 2042 scio
1090 2018 1139 2042 an
1168 2007 1330 2044 iniuria:
1361 2007 1427 2044 sed
1448 2007 1494 2044 de

60 2061 139 2097 illis
162 2059 211 2096 ad
231 2059 276 2097 V.
300 2059 372 2098 35.
400 2059 495 2097 Vide
525 2062 671 2097 interea
700 2059 755 2097 Cl.
787 2059 948 2098 Salmas.
976 2063 1017 2100 in
1039 2059 1096 2098 Fl.
1116 2061 1274 2112 Vopisci
1301 2061 1496 2102 Aurelian.

62 2115 137 2156 46.
165 2122 202 2153 et
219 2114 261 2153 P.
281 2114 422 2152 Horrei
441 2114 652 2153 Miscellan.
671 2114 801 2153 Critic.
823 2129 855 2153 e.
880 2118 949 2157 19.
987 2117 1121 2156 VVESS.

178 2184 250 2224 77.
275 2184 345 2224 86.
383 2178 680 2235 Ψαμμήτιχος]
708 2182 795 2221 Etsi
815 2183 1032 2232 Herodoto,
1058 2197 1283 2234 quamquam
1301 2198 1380 2224 non
1401 2199 1494 2223 con·-

65 2244 232 2286 stanter,
264 2241 315 2276 sit
341 2238 621 2290 Ψαμμίτιχος,
650 2238 724 2277 hoc
743 2243 905 2289 praetuli
926 2242 972 2278 ob
997 2244 1159 2291 scriptos
1180 2240 1319 2289 codd„
1340 2249 1377 2279 et
1396 2241 1497 2290 quod

67 2293 188 2342 Mela,
215 2294 385 2342 Plinius,
412 2295 617 2343 Aelianus,
645 2299 753 2334 cuius
773 2303 902 2335 tamen
920 2310 1034 2336 manu
1055 2300 1203 2336 exarati
1222 2299 1312 2337 libri
1333 2302 1498 2346 variant,

66 2348 283 2401 Polyaenus
315 2357 352 2387 et
370 2352 438 2388 alii
467 2351 503 2388 id
525 2353 695 2401 probent.
724 2352 857 2390 Wssss.

181 2419 253 2458 77.
283 2418 357 2457 90.
390 2416 635 2465 Λυσιτελῶς
675 2418 985 2473 διατιθέμενος]
1033 2420 1191 2471 Proprie
1229 2420 1498 2461 διατίθεσθαι

69 2485 211 2512 merces
240 2481 298 2510 est
327 2487 464 2511 venum
499 2487 694 2525 exponere
724 2483 835 2525 atque
865 2489 912 2513 ex
945 2479 1192 2526 consequenti
1220 2481 1370 2515 ratione
1406 2491 1501 2515 ven-

72 2530 189 2566 dere:
221 2528 404 2568 Herodot.
428 2530 456 2566 Ι.
481 2532 584 2570 194.
611 2529 731 2570 ἐπεὰν
755 2531 1087 2572 καὶ’διαθέ(ι,)νται
1109 2530 1182 2572 τὸν
1212 2530 1382 2587 φόρτον.
1421 2533 1500 2570 De-

69 2583 258 2623 mosthen.
296 2598 328 2622 e.
357 2585 537 2635 Phaenip.
569 2599 604 2636 p.
639 2589 740 2627 592).
775 2587 842 2626 καὶ
872 2591 1018 2628 τοῦτον
1054 2589 1297 2641 τριπλασίας
1326 2592 1446 2641 τιμῆς
1472 2585 1499 2639 ’ἢ

71 2636 271 2693 πρότερον
292 2640 580 2692 διατιθέμενοι.
607 2643 763 2693 Appian.
783 2644 828 2681 V.
851 2643 893 2681 B.
915 2643 956 2681 C.
977 2659 1011 2695 p.
1037 2646 1169 2685 1079.
1196 2644 1402 2695 κομίζουσι
1425 2643 1501 2695 μὲν

73 2694 116 2734 ἐκ
135 2697 312 2748 Περσῶν
329 2693 380 2735 τὰ
398 2694 545 2736 Ἰνδικοὶ
564 2695 588 2750 ’ἢ
604 2695 789 2750 Ἀράβια,
811 2699 1062 2739 διατίθενται
1084 2698 1125 2738 δ’
1151 2699 1192 2739 ἐν
1213 2703 1262 2754 τῇ
1277 2696 1503 2750 Ῥωμαίων.

74 2750 153 2788 Sed
173 2751 318 2789 desino.
373 2751 466 2789 Noli
485 2760 609 2792 tamen
629 2758 822 2806 negligere
844 2754 972 2793 Schol.
1001 2758 1042 2794 in
1069 2755 1316 2795 Demosthen.
1339 2755 1502 2806 Olynth.

74 2806 122 2844 Il.
142 2821 178 2857 p.
204 2808 272 2848 14.
294 2813 332 2846 et
351 2806 402 2847 1s.
425 2806 583 2847 Casaub.
604 2813 645 2848 in
666 2811 844 2849 Strabon.
863 2810 891 2848 1.
913 2824 948 2862 p.
974 2813 1043 2853 17.
1067 2811 1201 2850 Wess.
