1828 3253
462 164 524 205 1N
558 161 669 203 LlB.
698 161 728 202 Ι.
761 160 887 200 ΟΑΡ.
915 163 990 204 26.
1020 163 1095 203 27.
1435 163 1497 205 45

63 284 148 321 sine
187 282 380 328 annotarim
426 285 470 317 ut
505 280 547 317 in
581 275 674 314 Cod.
703 273 841 315 Mutia.
876 277 920 314 in
950 274 1053 314 hune
1080 276 1204 314 locum
1231 282 1321 314 sunt
1347 276 1501 314 infarta.

64 339 251 435 Ἦε8831.
268 394 345 435 39.
365 388 458 432 -Καὶ
478 389 691 440 Νυσαῖον]
729 387 852 437 Saepe
870 382 1079 440 Νυσηὶος,
1106 387 1314 437 Νυσαῖος,
1347 383 1505 436 Νὖσιος

63 450 259 498 Bacchus,
294 455 340 487 ut
376 450 419 486 in
448 446 578 485 Schol.
607 445 752 484 Comici
782 443 879 484 Ran.
907 447 1014 486 218-
1044 452 1083 482 et
1111 443 1224 482 ovid.
1253 444 1317 483 lv.
1346 443 1398 483 M.
1430 446 1501 529 13.

64 507 251 603 WESZI
281 561 357 602 42.
401 555 553 612 Πάσης
577 554 745 614 γῶρας]
785 557 941 597 Titulus
978 556 1040 596 hic
1078 559 1192 595 nimis
1221 568 1405 608 arrogans
1440 560 1502 597 vi·

64 619 187 656 detur.
243 617 333 655 ldeo
352 619 427 669 τῆς
446 619 488 655 in
505 619 678 668 margine
696 627 766 666 pro
796 611 930 668 πάσης
948 615 1177 664 amplector,
1202 620 1247 651 ut
1268 620 1306 650 et
1324 615 1501 663 alterum,

63 674 166 724 quod
183 674 448 724 subsequitur,
475 671 555 713 ὅσα
576 671 652 726 ἐγὼ
671 672 713 712 ἐι
717 670 970 724 ομοθέτησα.
1000 670 1136 710 Rflon.
1172 670 1349 708 Praestat
1366 666 1502 723 πάσης

4 740 7 745 ’
64 733 141 784 τῆς
154 726 500 784 χώρας.1ῐειι1ιιο
519 731 725 768 articulum
744 729 852 767 adde.
897 728 1031 767 Wssss.
1061 730 1105 767 in
1126 726 1224 764 Add.

179 788 251 827 31.
271 789 346 828 43.
369 784 472 839 Ἒγὼ
500 784 813 838 ἐνομοθέτησα]
844 785 1051 837 Vulgatum
1079 783 1157 823 καὶ
1178 780 1258 823 ὅσα
1287 780 1365 837 ἐγὼ
1386 779 1501 836 δήσω

0 831 1 835 ¹
62 844 157 882 olim
173 842 268 882 mihi
287 844 441 882 defendi
459 855 570 892 posse
588 843 791 881 videbatur
816 842 888 880 hoc
919 840 1132 909 Sophocleo
1150 839 1280 893 Antig.
1306 842 1441 882 1100.

231 896 376 948 Ἀὐτός
394 897 435 939 τ’
450 898 613 952 ἔδησα,
643 899 710 939 καὶ
730 895 875 952 παρὼν
895 894 1130 950 ἐκλύσομαι.

0 962 2 978 ¹
65 963 107 993 et
124 956 254 994 verbis
272 956 424 1006 Iosephi
442 956 470 994 Ι.
479 955 523 995 Β.
537 956 565 994 Ι.
581 957 620 996 5.
631 957 673 996 2.
699 955 896 993 Plutarchi
915 955 962 993 Τ.
984 955 1014 992 Ι.
1005 969 1058 1005 ..p
1082 956 1185 996 161.
1204 961 1244 992 et
1260 936 1502 993 AristidisT.

64 1011 96 1050 Ι.
115 1024 150 1061 p.
174 1014 244 1054 53.
265 1021 305 1051 et
327 1015 398 1055 58.
421 1024 539 1062 quae,
567 1014 668 1061 quod
686 1026 797 1050 usum
814 1015 892 1050 illis
906 1012 963 1050 Cl.
982 1011 1059 1052 Iac.
1079 1011 1314 1050 Elsnerum’
1302 1025 1345 1050 ιιι
1365 1010 1501 1049 Matth.

0 1062 1 1089 ἶ
63 1067 172 1107 XVI.
198 1071 268 1111 19.
294 1083 380 1107 cum
397 1073 561 1108 maxime
581 1069 902 1115 animadvertam,
924 1082 1005 1106 non
1022 1069 1210 1106 exscribo.
1267 1067 1346 1106 Sed
1366 1071 1503 1106 vincu-

62 1126 189 1163 lorum
218 1133 257 1163 et
284 1128 479 1178 ligationis
507 1126 702 1164 cuiusdam
730 1128 771 1163 in
790 1126 965 1163 omnibus
983 1127 1168 1164 illis-cum
1187 1127 1286 1163 ratio
1305 1124 1502 1173 habeatur,

63 1188 105 1218 et
124 1181 216 1220 haec
232 1185 362 1234 legum
380 1190 579 1232 praecepta
597 1185 774 1229 innuant,
800 1196 823 1219 a
843 1181 934 1220 Mss.
956 1184 1184 1219 auctoritate
1202 1182 1378 1219 recedere
1398 1195 1502 1219 nunc

63 1238 219 1286 quidem
235 1238 337 1276 haud
353 1241 496 1289 placet·
525 1252 614 1276 nam
634 1237 778 1276 Christi
794 1240 918 1275 nostri
936 1239 984 1275 ad
1002 1238 1179 1284 Petrum,
1211 1235 1234 1277 ὃ
1269 1236 1339 1277 ἐὰν
1370 1234 1501 1292 δήσῃς

65 1293 130 1333 ἐπὶ
150 1297 224 1347 τῆς
242 1297 337 1348 γῆς,
362 1298 437 1333 etsi
453 1297 582 1344 aliqua
604 1307 653 1332 ex
670 1302 798 1361 parte„
805 1297 1034 1343 conveniat,
1061 1295 1173 1343 plane
1200 1296 1395 1345 geminum
1421 1305 1501 1332 non

63 1358 136 1389 est.
192 1352 304 1396 Quod
330 1355 540 1403 praecessit
574 1347 710 1404 πάσης
748 1353 823 1402 τῆς
848 1347 992 1406 χώρας
1029 1351 1076 1388 ob
1105 1364 1174 1400 ea,
1207 1363 1303 1401 quae
1331 1362 1423 1388 mox
1453 1351 1500 1388 de

63 1407 218 1447 Osiride
236 1408 450 1456 adduntur,
474 1421 553 1446 non
571 1421 719 1446 moveo.
747 1407 799 1445 W
801 1418 882 1445 Ess.

180 1460 836 1534 31.46.Ka9n6v‹}v.99t6nu01;]
867 1463 977 1502 Conf.
1000 1477 1164 1514 suprac.
1188 1463 1260 1506 14
1284 1463 1418 1503 WEss.

178 1522 252 1562 31
273 1522 349 1563 48.
372 1518 439 1560 ’Ev
462 1536 521 1561 τω
543 1518 683 1575 α’στρω
702 1535 761 1575 τῳ
785 1520 901 1571 κυνι]
932 1521 1074 1559 Athan.
1102 1520 1276 1559 Kircher.
1295 1520 1429 1570 Oedip.
1451 1519 1499 1558 T.

67 1577 117 1615 ΙΙ.
135 1577 241 1617 Patt.
262 1577 310 1615 Π.
327 1590 364 1627 p.
384 1578 492 1618 258.
496 1564 661 1616 Habet
675 1578 861 1615 canicula
879 1579 980 1617 duas
996 1580 1156 1626 stellas,
1180 1591 1298 1616 unam
1320 1579 1360 1616 in
1388 1579 1501 1630 capi-

66 1640 129 1681 te,
166 1646 269 1685 quae
307 1633 388 1673 Ιείε
425 1641 617 1681 vocatur,
655 1633 788 1687 Porph
789 1649 840 1685 st
842 1647 879 1672 ιο
914 1642 1035 1684 teste,
1071 1637 1243 1673 alteram
1269 1636 1310 1673 in
1347 1636 1501 1685 lingua,

65 1703 169 1742 quae
189 1689 500 1742 Siriucproprie
518 1697 560 1728 et
578 1690 699 1729 Canis
715 1698 980 1758 nuncupatur.
1043 1688 1156 1730 Unde
1176 1690 1380 1730 Diodorus
1395 1693 1502 1729 inter

64 1748 203 1784 titulos
223 1745 345 1786 Isidis
359 1745 610 1799 haecponit‚
629 1739 731 1799 Ἐγώ
751 1746 830 1798 εἶμι
851 1743 877 1800 ἢ
899 1745 941 1786 ἓν
960 1762 1019 1788 τω
1041 1743 1180 1803 ἄστρῳ
1210 1750 1268 1803 τῷ
1299 1746 1388 1788 κυνὶ
1417 1745 1502 1786 ἐπι-

63 1800 279 1843 τέλλουσα.
335 1799 462 1850 Bene,
496 1803 609 1841 modo
635 1816 705 1853 pro
731 1799 946 1854 Porphyrio
974 1807 1165 1873 posuisset
1188 1804 1502 1841 Eratosthenem:

61 1860 132 1898 ille
150 1861 252 1897 enim
271 1857 318 1896 de
335 1858 458 1896 Antra
475 1858 759 1910 Nympharum,
786 1858 944 1907 Σῶθιν,
970 1857 1022 1913 ἢν
1046 1857 1168 1906 κυνὸς
1188 1857 1341 1913 ἀστέρα
1351 1857 1503 1912 ‘'..Emy-

64 1929 132 1962 uec
150 1913 278 1969 φασὶ,
305 1914 431 1954 habet.
464 1915 527 1953 hic
556 1929 588 1953 c.
609 1917 683 1956 33.
725 1915 907 1954 Cataster.
943 1912 1020 1968 ἔχει
1049 1913 1094 1956 δ’
1128 1914 1311 1984 ἀστέρας
1333 1915 1397 1955 ἐπὶ
1425 1931 1475 1967 με
1460 1914 1501 1955 ἐν

64 1973 140 2023 τῆς
159 1972 341 2025 κεφαλῆς
362 1968 415 2019 α’,
443 1969 489 2019 ὃς
497 1969 598 2018 ’Ἰσις
625 1970 791 2023 λέᾖεται.
844 1969 931 2011 Ἐπὶ
960 1975 1035 2025 τῆς
1061 1952 1244 2025 γλώττης
1274 1968 1327 2020 α’,
1359 1970 1406 2012 ὃν
1433 1970 1502 2011 καὶ

66 2026 225 2081 Σείριοι
254 2029 438 2068 καλοῦσι.
492 2027 625 2077 Neque
654 2029 887 2068 dissentiunt
916 2028 1017 2066 Plut.
1049 2028 1095 2066 T.
1126 2028 1174 2066 ΙΙ.
1204 2041 1239 2077 p.
1271 2029 1376 2070 376.
1398 2027 1444 2065 Α.
1463 2034 1502 2066 et

63 2081 276 2134 Horapollo
296 2097 328 2121 c.
348 2086 386 2122 3.
413 2083 522 2122 conf.
541 2084 642 2124 Had.
665 2084 768 2123 Iunii
786 2085 815 2122 Ι.
840 2085 1043 2123 Animadv.
1065 2086 1102 2125 5.
1146 2083 1280 2123 TVESS.

178 2136 250 2181 32.
271 2140 346 2181 49.
372 2137 647 2192 Βούβαστος]
687 2138 753 2179 Sic
771 2148 809 2178 et
825 2141 933 2179 XVI.
956 2143 1031 2182 49.
1055 2143 1126 2182 51.
1160 2139 1358 2179 Herodoto
1386 2135 1502 2180 Βοῦ-

60 2194 212 2246 βαστις
230 2195 277 2234 ΙΙ.
300 2197 402 2238 137.
431 2194 549 2236 Urbis
568 2200 739 2236 vicinum
763 2200 888 2236 lacum
917 2198 1064 2236 Aelian.
1091 2197 1183 2236 Xll.
1204 2197 1253 2235 H.
1272 2198 1317 2236 A.
1337 2198 1412 2238 29.
1443 2198 1501 2235 si-

64 2259 145 2290 tum
164 2248 303 2290 Strabo
322 2250 396 2291 XV
400 2250 446 2292 Il.
465 2266 501 2303 p.
523 2254 656 2295 1158.
678 2253 723 2294 Β.
745 2255 938 2292 describit.
974 2254 1109 2292 WEsS.

56 2304 59 2308 ¹
178 2308 250 2349 32.
274 2308 343 2350 51.
382 2307 547 2363 Κρόιος
572 2307 800 2361 νιεῶτατος]
842 2307 939 2349 Vide
975 2324 1090 2360 supra
1127 2321 1158 2348 c.
1201 2312 1272 2352 13.
1306 2309 1499 2349 Saturnus

54 2359 233 2402 'Deorum
251 2372 339 2403 ante
359 2365 502 2404 Osirim
522 2370 560 2403 et
580 2367 720 2405 Isidem
738 2375 832 2405 natu
851 2370 1031 2405 minimus
1057 2368 1303 2414 censebatur·
1334 2381 1378 2404 eo
1398 2369 1501 2404 enim

64 2427 190 2458 aetate
220 2429 258 2459 et
283 2425 394 2473 regni
418 2425 598 2472 auspiciis
615 2427 771 2473 priores
802 2423 1137 2475 Agathodaemo'n,
1174 2423 1265 2472 Sol,
1290 2423 1499 2470 Vulcanus,

66 2486 115 2513 ex
132 2480 260 2529 gentis
279 2479 481 2516 annalibus
500 2479 599 2529 apud
615 2479 754 2517 Euseb.
773 2479 917 2517 Canon.
938 2493 973 2530 p.
997 2483 1036 2521 7.
1064 2480 1199 2519 VVEss.

178 2532 250 2575 32.
275 2535 346 2575 57.
375 2531 495 2575 Σώου
515 2532 774 2588 σνίέρματος]
795 2535 878 2573 Ηοο
896 2537 988 2586 quid
1005 2538 1079 2575 sibi
1089 2539 1184 2575 velit
1201 2536 1377 2575 divinare
1394 2533 1498 2574 haud

62 2596 230 2636 possum.
268 2589 359 2628 Ideo
376 2597 568 2640 tamquam
587 2595 830 2644 peregrinum
858 2600 896 2629 et
923 2595 1059 2630 inutile
1077 2595 1297 2643 praeterivi.
1353 2593 1406 2630 At
1427 2604 1499 2629 nec

63 2646 286 2696 marginalis
305 2648 419 2684 lectio
436 2650 588 2699 integra
606 2662 773 2699 sanaque
801 2649 966 2687 videtur.
989 2648 1124 2686 Rnon.
1181 2649 1266 2689 Καὶ
1297 2646 1498 2699 ἴβὶαστον

64 2697 110 2738 ἐκ
128 2716 165 2740 κ,
191 2716 228 2740 κ.
251 2699 432 2754 εὐγενοῦς
451 2701 557 2751 ὠοῦ,
579 2703 743 2758 σπέρμα
765 2704 977 2758 συγγενὲς]
1001 2705 1086 2759 Ego
1114 2718 1207 2744 vero
1234 2707 1499 2755 inscriptionis

61 2757 203 2804 verba,
242 2760 300 2795 uti
337 2766 577 2808 oportuerat,
628 2763 707 2800 levi
744 2765 859 2799 unius
897 2763 1030 2800 literae
1065 2765 1299 2810 mutatione,
1345 2762 1498 2799 refinxi-

64 2809 171 2851 Dicit
201 2825 243 2852 εσ
261 2817 575 2866 praeominatum
602 2830 652 2856 ex
678 2819 824 2871 pulcro
858 2830 1127 2873 generosoque
1157 2832 1252 2867 ow,
1295 2827 1336 2859 et
1359 2818 1497 2867 fuisse
