1828 3253
375 171 444 228 IN
467 168 695 209 LIB.111.
732 168 859 208 CAP.
891 139 1127 213 37.--39.ν
1395 175 1490 217 265

157 285 264 327 205.
292 287 363 327 87.
404 280 524 329 Νεῶς
559 280 740 335 διωγμὸν
768 278 1025 334 ἡμερήσιον]
1069 282 1190 322 Deest
1221 287 1380 325 verbum
1411 284 1490 339 ἔχει

47 349 114 381 aut
141 342 296 392 aliquod
325 339 554 378 huiusmodi.
586 338 741 377 STEPH.
765 346 803 376 et
825 338 960 378 Ruon.
1006 339 1050 376 ld
1082 342 1115 377 si
1145 342 1295 380 adesset
1317 345 1488 392 verbum,

46 402 170 436 oratio
190 401 316 449 paullo
340 396 492 446 quidem
512 397 660 447 plenior
681 396 897 443 videretur,
928 408 1000 432 nec
1019 398 1154 434 melior
1173 405 1320 436 tamen:
1347 402 1489 449 pendet

47 458 288 493 accusativus
317 449 496 504 διωγμὸν
526 464 575 488 ex
603 454 777 501 proxima
807 451 923 504 περὶ,
965 453 1079 489 sicuti
1108 454 1202 491 bene
1231 455 1400 494 advertit
1427 460 1489 496 vir

48 512 291 549 doctissimus
313 512 354 546 in
375 508 422 547 T.
445 507 512 545 Ill.
532 508 618 546 Vol.
638 508 682 545 V.
707 521 743 557 p.
767 508 840 548 94.
870 507 1032 545 Miscell.
1055 508 1216 548 Observ.
1245 512 1342 555 Quis
1361 521 1488 552 autem

49 575 179 617 portus
201 569 265 604 ille
287 566 507 604 Panormus
526 570 564 601 et
585 577 695 601 mons
724 563 926 615 Tyro-aeus
946 565 987 601 in
1008 564 1077 602 hac
1102 568 1209 603 sinus
1233 567 1388 607 Arabici
1407 584 1488 619 ora,

46 623 264 661 tacentibus
284 622 500 669 veteribus,
529 620 641 657 finire
663 633 739 658 non
762 622 906 667 ausim3
935 620 1008 658 hoc
1031 621 1183 670 quidem
1206 631 1307 660 certe
1328 635 1490 674 constat,

47 678 278 731 ΖΙΙακαριάν
299 679 499 727 scripsisse
519 675 753 724 Diodorum,
782 690 856 727 quo
875 679 1030 715 nomine
1062 680 1228 717 insulam
1247 679 1320 718 hoc
1339 684 1381 720 in
1404 686 1490 721 sinu

48 735 161 773 habet
179 734 421 772 Ptolemaeus
444 733 505 770 [V.
527 732 668 784 Geogr.
692 735 730 773 8.
760 732 901 771 VVEss.

160 792 269 832 205.
298 792 370 832 91.
402 787 650 842 Συναγωγὴν
672 786 777 839 ἔχει]
809 789 896 843 Vigl.
915 801 1018 837 supr.
1040 788 1070 826 I.
1093 791 1167 831 63.
1210 791 1350 830 WEss.

159 848 266 890 205.
298 848 372 887 99.
406 843 465 886 Τὸ
498 842 628 892 δεξιὸν
647 843 793 896 μέρος,
823 844 871 884 οὗ
904 843 980 896 τὴν
1007 846 1215 899 παραλίαν
1233 852 1330 896 etc.]
1370 848 1494 903 Lege-

46 904 159 941 batur
190 900 237 943 τό
271 900 403 950 δεξιὸν
434 900 559 955 μέρος
590 903 673 941 τῶν
712 901 1037 954 Τρωγλοδυτῶν.
1072 899 1149 954 τὴν
1178 901 1380 957 παράλιον
1409 911 1493 947 τῶν

50 958 361 1012 Τρωγλοδυτῶν
381 956 483 1009 ἔθνη
506 956 682 1008 νέμεται,
711 969 806 1005 quae
827 958 979 1007 quidem
1001 970 1136 1006 scopae
1158 960 1378 1000 dissolutae.
1406 964 1491 1015 Ego

48 1017 258 1065 conpositis
287 1018 388 1053 inter
414 1027 453 1050 se
482 1016 645 1052 vetustis
679 1013 829 1051 schedis
852 1027 962 1051 suum
990 1012 1163 1053 Diodoro
1185 1020 1348 1056 restitui.
1385 1018 1493 1059 Dex-

47 1078 150 1108 trum
173 1074 280 1109 sinus
301 1071 456 1107 Arabici
475 1078 586 1119 atque
607 1072 647 1106 in
668 1069 885 1120 Aegyptum
907 1083 1041 1108 versus
1061 1073 1255 1110 inclinans
1276 1076 1376 1112 latus
1392 1075 1492 1115 Tro-

47 1128 228 1179 glodytas
254 1128 444 1173 tenuisse,
473 1127 583 1163 docet
602 1132 639 1163 et
659 1125 798 1163 Strabo
819 1125 925 1164 XVI.
955 1138 992 1174 p.
1018 1128 1152 1167 1114.
1173 1128 1216 1168 C.
1257 1129 1391 1169 WVEss.

161 1183 266 1223 205.
307 1185 350 1222 2.
391 1180 491 1221 Ἀπὸ
523 1177 681 1226 πόλεως
716 1181 855 1220 τοίνυν
876 1178 1120 1236 ζ-Ἰρσινόης]
1167 1183 1256 1223 Sita
1284 1195 1366 1224 erat
1393 1188 1494 1228 haud

47 1240 162 1290 longe
185 1240 232 1276 ab
262 1237 433 1276 Heroum
454 1239 567 1284 urbe,
595 1238 755 1275 condita
776 1242 926 1276 sororis
948 1241 1102 1276 nomine
1136 1243 1176 1278 in
1192 1243 1281 1279 sinu
1309 1244 1493 1284 Charan-

49 1296 125 1333 ἀνα
146 1309 171 1332 ιι
193 1295 418 1332 Ptolemaeo
441 1293 724 1345 Philadegpko,
754 1302 908 1330 auctore
927 1294 1054 1332 Plinio
1075 1295 1139 1334 Vl.
1163 1297 1212 1334 N.
1232 1297 1282 1335 H.
1312 1302 1388 1340 29.
1433 1303 1491 1340 Ab

49 1365 95 1389 ea
122 1365 215 1390 vcro
235 1350 538 1402 Agatharchides
567 1363 604 1399 p.
632 1351 702 1389 53.
731 1362 819 1386 orae
850 1353 957 1387 sinus
984 1350 1139 1390 Arabici
1161 1354 1320 1392 dextrae
1349 1357 1494 1396 descri-

48 1410 219 1456 ptionem
246 1407 417 1456 orditur3
440 1419 511 1445 nee
529 1406 731 1445 admodum
751 1405 913 1444 dissidet
933 1405 1075 1446 Strabo
1093 1408 1202 1448 XVI.
1229 1422 1266 1460 p.
1291 1414 1428 1456 1114,
1450 1414 1492 1454 C.

50 1464 186 1502 Wssss.

162 1518 270 1560 205.
310 1518 352 1559 4.
405 1519 570 1571 Πικρᾶς
607 1511 835 1569 ἁλμυρίδος
875 1515 1021 1570 ἔχοντα
1052 1520 1220 1576 γεῦσιν]
1275 1522 1359 1563 Hae
1386 1528 1497 1566 sinus

51 1587 213 1614 amaros
250 1570 397 1627 πικρὰς
424 1574 571 1626 λίμνας
598 1587 666 1610 suo
698 1575 788 1611 olim
816 1575 1010 1614 eonfluvio
1039 1577 1274 1629 efficiebant,
1313 1583 1377 1619 sed
1399 1596 1495 1632 quos

50 1631 310 1670 Ptolemaeum
331 1633 477 1678 amnis,
504 1643 552 1667 ex
583 1629 698 1677 Nilo,
726 1633 784 1668 uti
804 1644 904 1681 supr.
936 1632 965 1670 Ι.
987 1634 1061 1673 33.
1092 1634 1259 1684 dictum,
1284 1637 1495 1688 derivatus,

54 1689 233 1737 deinceps
259 1689 444 1733 mutavit,
474 1689 552 1724 suis
579 1685 745 1723 influens
774 1689 902 1735 aquis:
940 1689 978 1726 id
1010 1691 1102 1728 olim
1129 1691 1311 1731 docuerat
1337 1696 1493 1734 uberius

52 1742 377 1795 Agatharchides,
412 1755 514 1779 nunc
543 1754 635 1780 vero
671 1744 836 1779 tenuiter
866 1745 907 1780 in
937 1744 1066 1783 Photii
1089 1745 1317 1798 Excerptis3
1344 1759 1496 1790 constat

53 1807 182 1837 tamen
213 1799 363 1836 abunde
392 1811 440 1834 ex
461 1798 652 1835 Strabone
670 1797 794 1836 XVH.
815 1811 850 1848 p.
876 1801 1011 1841 1156.
1034 1800 1096 1850 C.;
1129 1805 1193 1841 ubi
1213 1805 1425 1845 Casaubon.
1449 1809 1495 1845 de

53 1857 145 1894 lacu
174 1868 314 1893 amaro
346 1867 394 1891 ex
423 1854 557 1891 Nostri
589 1853 631 1890 L.
662 1853 788 1892 XVII.
811 1856 885 1894 49.
923 1858 1108 1905 quaedam
1138 1868 1355 1910 notantem,
1386 1866 1495 1914 sequi

54 1926 133 1950 non
151 1923 323 1961 possum:
358 1910 456 1948 nihil
479 1913 580 1947 enim
599 1911 657 1948 illi
676 1923 762 1949 cum
792 1910 852 1949 his
873 1913 1058 1964 lacubus,
1083 1916 1196 1954 modo
1228 1931 1401 1968 saporem
1430 1921 1497 1958 de-

53 1982 159 2016 mas,
190 1980 388 2005 eommune
416 1973 485 2003 est.
516 1967 651 2003 Witss.

164 2025 272 2066 205.
315 2026 356 2063 8.
404 2017 644 2073 Ἕηώνυμος
669 2019 946 2076 Ἀφροδίτης]
991 2025 1077 2065 Hoc
1112 2018 1306 2067 recentius
1344 2043 1500 2080 nomen,

53 2081 159 2132 prius
188 2076 316 2125 Μυός
339 2075 492 2131 ὅρμος,
521 2080 603 2116 sive
626 2078 756 2117 Muris
788 2083 924 2122 statio,
958 2082 1263 2134 Agatharchides
1286 2099 1322 2136 p.
1346 2089 1418 2128 54.
1452 2087 1500 2136 ὃς

54 2133 255 2189 πρότερον
273 2133 349 2187 μὲν
369 2132 496 2181 ΖΙἸυὸς
516 2133 694 2174 ἐκαλεῖτο
721 2132 871 2188 ὅρμος,
901 2135 1036 2178 ἔπειτα
1061 2138 1105 2178 δὲ
1118 2138 1368 2195 Ἀφροδίτης
1398 2142 1501 2185 ὠνο-

55 2189 218 2244 μάσθη.
248 2191 329 2230 Nec
347 2193 471 2230 valuit
498 2198 624 2229 tamen
645 2190 806 2230 Veneris
827 2193 888 2231 hic
906 2197 1041 2232 titulus
1060 2199 1255 2247 antiquius
1285 2212 1499 2250 cognomen

61 2249 288 2297 obliterare,
328 2247 430 2296 quod
457 2254 606 2298 praeter
636 2247 829 2298 Plinium,
868 2249 1077 2300 Arrianus,
1119 2252 1361 2293 Ptolemaeus
1386 2264 1499 2308 atque

60 2305 130 2341 alii
150 2303 371 2354 probarunt.
406 2303 541 2341 Wssss.

175 2359 281 2399 205.
308 2361 378 2399 10.
407 2356 591 2412 Πλήρεις
612 2358 711 2399 εἰσὶν
732 2358 878 2400 ἐλαιῶν
900 2361 968 2401 καὶ
989 2358 1154 2415 σύκων]
1176 2365 1356 2406 Ficorum
1378 2371 1419 2407 in
1439 2369 1499 2407 his

59 2415 198 2453 insulis
228 2422 436 2463 proventus
464 2428 650 2465 nusquam
683 2419 827 2454 mentio
858 2424 929 2456 est.
964 2418 1236 2470 Agatharchid.
1266 2415 1323 2463 ὧν
1354 2423 1397 2464 αἱ
1423 2425 1500 2477 μὲν

61 2468 217 2516 ἐλαίαις
236 2466 515 2511 πεπύκνωνται
529 2499 540 2517 ‚
573 2472 619 2508 de
638 2473 716 2509 illis
737 2474 810 2509 ait:
841 2471 979 2512 Strabo
1003 2489 1094 2514 vero
1118 2477 1161 2514 L.
1182 2477 1291 2517 XVI.
1309 2492 1346 2529 p.
1365 2483 1501 2522 1114.

61 2527 273 2564 insularum
292 2522 365 2566 δύο
387 2526 461 2578 μὲν
481 2527 633 2574 ἐλαίαις
653 2527 913 2576 κατασκίους,
939 2530 1039 2581 μίαν
1061 2530 1096 2570 δ’
1119 2525 1245 2584 ἧττον
1264 2533 1502 2586 κατάσκιον,

63 2581 359 2634 Μελεαγρίδων
377 2581 532 2634 μεστὴν
559 2592 774 2631 asseverat3
802 2585 902 2622 unde
921 2585 1021 2624 haud
1041 2588 1185 2626 iniuria
1206 2593 1391 2641 suspicari
1407 2593 1502 2631 mihi

63 2639 221 2684 videor,
247 2640 447 2688 reliquisse
480 2638 692 2678 Diodorum
721 2636 888 2691 πλήρεις
918 2641 1018 2681 εἰσὶν
1050 2643 1197 2684 ἐλαιῶν
1226 2647 1294 2685 καὶ
1326 2644 1498 2700 σύσκιοι,

63 2701 107 2731 ut
126 2692 244 2731 Codd.
266 2697 581 2747 praestantiorum
605 2697 755 2744 quidam
776 2697 1009 2746 praeferunt.
1039 2699 1173 2739 WVESS.

176 2752 284 2790 205.
317 2751 386 2790 15.
409 2749 484 2796 ‘Hc
508 2749 611 2789 κατὰ
630 2750 702 2791 τὸν
726 2751 878 2801 αὐχένα
902 2775 1006 2782 ---
1029 2754 1335 2808 διακομίζουσι]
1366 2759 1502 2799 Posset

65 2817 134 2853 pro
161 2808 340 2863 vulgata,
374 2807 407 2842 si
438 2809 498 2843 eui
526 2807 676 2845 libitum
706 2816 806 2845 esset
833 2817 967 2848 contra
988 2808 1105 2849 Codd.
1135 2816 1401 2853 auctoritatem
1429 2831 1499 2867 pu·
