1828 3253
442 183 506 222 IN
545 183 660 223 LIB.
681 183 789 223 ΧΗ.
827 182 953 223 ΟΑΡ.
985 185 1058 224 62.
1074 185 1213 225 -65.
1454 186 1545 226 613

212 297 317 337 523.
355 297 428 339 74.
469 294 555 337 Τὸν
585 294 675 336 υἱὸν
703 292 758 343 ὡς
787 291 1003 336 λελοιπότα
1030 292 1107 347 τὴν
1129 291 1243 343 ’τάξιν
1273 292 1540 353 ἀποκτεῖναι]

96 350 260 390 Diodori
290 352 359 390 hac
390 356 430 390 in
461 361 566 400 parte
589 353 866 400 quodammodo
886 359 1164 391 consentaneos
1187 365 1269 389 esse
1288 353 1415 392 Valer.
1435 352 1539 391 Max.

99 408 146 446 ΙΙ.
170 411 211 449 7.
235 412 276 450 6.
296 417 334 446 et
354 409 400 448 A.
421 408 589 445 Gellium
611 408 659 448 N.
684 409 728 445 A.
750 409 791 446 L.
805 408 877 445 XV
882 408 931 448 ΙΙ.
954 410 1029 448 2l.
1048 407 1189 444 dudum
1210 410 1360 446 monuit
1376 408 1538 460 Pighius

96 466 137 502 in
147 464 252 504 Fast.
275 465 324 501 ad
343 477 433 502 ann.
443 475 622 502 cccxxu.
648 464 783 502 Livius
797 472 912 514 negat
925 464 968 503 L.
982 464 1044 501 lv.
1057 465 1146 511 29.,
1166 464 1233 501 sed
1254 477 1388 502 caussa
1405 467 1536 513 allata,

94 534 205 569 quam
225 533 294 557 nec
312 534 470 571 gravem
488 533 558 558 nec
578 534 709 558 veram
730 523 876 558 evincit
895 519 975 560 Cel.
998 519 1305 558 Iac.Perizonius
1324 521 1532 561 Animadv.

93 576 239 615 Histor.
260 591 293 613 c.
317 579 357 617 8.
378 588 414 625 p.
435 577 541 617 350.
576 576 691 614 Modo
713 584 907 614 auctorem
940 578 1014 627 τῆς
1044 573 1124 615 ἀπὸ
1157 578 1232 615 τοῦ
1257 574 1416 626 πατρὸς
1438 580 1535 615 scri-

92 635 211 683 psisse
234 631 372 678 videri,
402 645 480 670 non
501 634 613 670 latuit
631 631 910 669 Rhodomanno
933 635 973 670 in
994 639 1072 669 not.
1093 632 1288 669 Auctario.
1318 633 1451 670 WVEss.

205 689 307 728 523.
342 689 414 728 77.
444 685 658 740 Ἴσαρχος]
697 688 840 726 lustum
873 688 944 726 hoc
967 687 1173 725 Archontis
1203 701 1343 726 nomen
1376 696 1534 726 servant

91 742 219 781 Schol.
238 747 279 781 in
298 743 494 793 Aristoph.
513 744 613 782 Nub.
639 758 676 782 r.
700 746 803 785 552.
827 753 864 781 et
886 745 1044 796 Argum.
1067 747 1149 782 eius
1167 743 1333 782 Fabulae
1355 754 1410 782 lv.
1448 744 1531 782 Ha·

90 801 153 836 bet
178 801 295 837 etiam
323 799 566 848 Athenaeus,
609 803 676 850 qui
705 814 749 838 eo
779 808 952 851 praetore
981 800 1155 838 inducias
1186 803 1227 837 in
1255 813 1398 838 annum
1426 803 1529 838 inter

88 854 298 905 Spartanos
319 863 358 893 et
374 855 628 894 Athenienses
646 857 781 905 factas,
802 858 1017 895 tacentibus
1039 855 1266 908 Thucydide
1284 864 1323 894 et
1341 855 1528 904 Diodoro,

85 912 215 960 prodit
234 911 276 948 L.
297 912 341 949 V.
368 914 436 952 18.
459 925 495 961 p.
521 915 627 954 218.
653 913 788 950 wizss.

200 968 304 1006 523.
338 970 409 1009 78.
451 970 577 1015 Τῖτος
606 969 799 1015 Κοΐντιος
829 966 929 1020 etc.]
977 966 1050 1006 His
1078 966 1184 1005 Coss.
1212 965 1450 1006 Dictatorem
1479 968 1525 1006 A.

84 1023 324 1061 Postumium
347 1038 432 1061 cum
452 1025 593 1073 Aequis
613 1026 653 1062 id
684 1026 824 1062 bellum
842 1027 1030 1076 gessisse,
1062 1025 1162 1074 quod
1184 1026 1313 1071 paullo
1333 1032 1422 1062 ante
1444 1024 1528 1062 No-

85 1086 164 1115 ster
182 1079 396 1128 descripsit,
414 1080 549 1120 Lirius
575 1081 686 1119 docet
704 1081 745 1119 L.
768 1081 832 1120 lv.
855 1083 931 1122 26.
957 1082 1065 1119 Alios
1085 1093 1177 1133 ergo
1197 1082 1262 1119 ille
1281 1083 1440 1118 annales
1458 1081 1527 1119 ad-

83 1134 218 1172 hibuit.
249 1135 297 1172 W
302 1147 381 1172 Ess.

197 1192 303 1232 523.
329 1193 401 1232 83.
434 1188 624 1243 Τριηρεις
649 1190 727 1244 μὲν
746 1188 959 1243 ἑξήκοντα,
986 1186 1161 1239 ὁπλίτας
1180 1190 1225 1232 δὲ
1245 1191 1526 1260 τρισχιλίους]

82 1245 402 1298 Thucydideslv.
415 1249 492 1288 42.
514 1247 555 1294 ἒς
575 1246 651 1299 τὴν
663 1249 793 1299 Kopai
786 1248 897 1287 θίαν
916 1244 1193 1298 ἐστράτευσαν
1212 1263 1358 1287 ναυσιν
1380 1246 1526 1301 ὀγδοή-

81 1317 206 1341 κοντα
246 1303 314 1342 καὶ
355 1303 566 1354 δισχιλίοις
597 1276 798 1350 ὃπλιταις
820 1305 866 1341 de
896 1303 1194 1341 Atheniensibus
1222 1311 1259 1341 et
1287 1304 1400 1342 Nicia
1429 1305 1526 1342 duce

80 1361 153 1396 ait:
195 1372 307 1409 quam
327 1359 610 1408 expeditionem
629 1373 716 1397 cum
734 1360 889 1408 Nicias,
923 1363 980 1397 uti
1000 1373 1091 1397 mox
1111 1369 1316 1410 sequetur,
1347 1360 1450 1397 hoc
1439 1374 1524 1410 ipso

80 1421 250 1462 tempore
270 1418 322 1452 sit
340 1418 563 1466 ingressus,
588 1423 719 1465 aperta
739 1418 842 1453 inter
860 1414 1073 1454 Diodorum
1096 1424 1134 1453 et
1154 1415 1422 1466 Thucydidem
1444 1417 1523 1454 dis-

79 1471 212 1508 cordia
227 1479 297 1508 est.
334 1470 412 1509 Sed
434 1471 591 1518 Noster,
618 1479 665 1510 ut
683 1484 732 1509 ex
755 1479 867 1509 aucto
885 1475 1043 1509 navium
1064 1485 1223 1510 numero
1245 1473 1416 1520 videbis,
1450 1474 1523 1510 sibi

80 1534 242 1564 constat.
271 1527 313 1564 ld
332 1540 462 1576 prave,
480 1527 582 1578 quod
602 1530 730 1566 varias
748 1527 882 1565 Niciae
896 1529 1162 1577 expeditiones
1179 1531 1222 1565 in
1241 1541 1359 1566 unum
1378 1542 1524 1567 annum

80 1584 258 1620 coniecit.
291 1583 464 1632 Namque
483 1586 524 1621 in
546 1585 711 1621 insulam
723 1583 864 1621 Melum
878 1592 1053 1634 suscepta
1072 1591 1130 1621 est
1142 1584 1295 1634 Olymp.
1312 1595 1520 1623 Lxxxvm.

80 1652 182 1676 anno
201 1641 331 1686 tertio,
351 1646 389 1676 et
407 1640 570 1677 navibus
591 1640 745 1687 quidem
767 1643 981 1690 sexaginta,
1010 1643 1124 1678 sicuti
1145 1653 1193 1677 ex
1214 1640 1441 1691 Thucydide
1454 1641 1519 1679 111.

80 1697 154 1735 91.
175 1695 377 1742 conficias,
415 1703 454 1732 et
474 1697 684 1733 clarissime
704 1698 875 1733 omnium
894 1708 944 1733 ex
964 1695 1183 1743 Athenaeo,
1212 1704 1254 1733 ut
1273 1710 1364 1734 mox
1384 1698 1520 1735 dicam.

79 1751 124 1789 In
136 1749 357 1788 Corinthios
376 1751 499 1798 duxit,
511 1750 804 1800 Methonemque
822 1754 974 1798 muniit,
984 1760 1165 1800 sequente
1183 1753 1354 1789 eiusdem
1368 1752 1521 1803 Olymp.

79 1817 288 1844 Lxxxvm.
318 1819 420 1845 anno
449 1807 549 1857 apud
571 1805 790 1857 Thucydid.
813 1807 876 1846 IV.
904 1808 981 1847 42.
1008 1816 1046 1845 et
1064 1808 1165 1845 Plut.
1186 1808 1271 1845 Nic.
1293 1821 1329 1856 p.
1356 1810 1518 1848 527.A.

80 1862 230 1915 Tetigit
255 1862 354 1900 hanc
374 1863 510 1902 Nostri
535 1863 906 1902 inconsiderantiam
933 1863 1089 1902 Clariss.
1107 1862 1255 1902 Duker.
1283 1867 1326 1902 in
1343 1864 1521 1917 Thucyd.

76 1917 121 1956 L.
140 1919 186 1956 V.
209 1921 229 1959 l
243 1921 312 1959 16.
342 1919 392 1956 W
396 1929 480 1958 Εεε

192 1976 296 2015 523.
317 1977 390 2016 87.
423 1971 548 2026 Αὐτη
565 1972 643 2027 γὰρ
661 1970 770 2026 μόιη
791 1976 875 2014 τῶν
895 1971 1130 2015 Κυκλάδων
1150 1972 1288 2027 νήσων
1307 1979 1395 2023 etc.]
1426 1975 1523 2015 Vide

77 2034 251 2081 superius
272 2045 304 2069 c.
324 2033 399 2072 42.
421 2033 620 2076 Quatenus
637 2039 762 2068 autem
784 2030 909 2068 Melus
927 2031 1203 2080 Spartanorum
1221 2034 1339 2070 fuerit
1357 2028 1523 2081 colonia,

79 2087 295 2124 declaratur
322 2101 345 2125 a
377 2086 534 2124 Co'none
562 2087 716 2124 Narrat.
743 2097 907 2134 xxxxi„
940 2088 1063 2124 obsito
1083 2088 1236 2135 quidem
1264 2091 1426 2138 macula,
1452 2091 1520 2128 sed

81 2144 172 2190 levi,
201 2155 386 2192 quamque
407 2143 565 2181 eluitL.
580 2142 763 2181 Holsten.
783 2143 831 2180 ad
850 2141 1039 2192 Stephani
1060 2145 1226 2194 ΤΙΙῆλος.
1257 2145 1392 2182 ὫΥΕΒΒ.

196 2200 300 2239 523.
333 2201 407 2240 94.
438 2198 515 2246 Ης
542 2195 763 2251 ἐστρατήγ.ν
748 2214 779 2238 ει
802 2194 1031 2244 Ἱππόνικος
1059 2195 1079 2238 ὃ
1103 2199 1318 2250 Καλλίου]
1353 2200 1522 2251 Tempus

81 2255 336 2323 expeditionis
363 2254 478 2293 huius
500 2258 676 2307 signatur
703 2256 751 2293 ab
771 2254 911 2294 Athen.
936 2255 978 2292 L.
998 2256 1042 2291 V.
1070 2257 1143 2296 18.
1168 2251 1189 2295 ὃ
1222 2255 1264 2295 δ’
1291 2252 1522 2304 Ἱππόνικος

81 2309 144 2348 ἐπι
180 2309 255 2362 μὲν
283 2308 541 2363 Εὐθυδήμου
573 2308 778 2364 ἄρχοντος
806 2313 1047 2363 στρατηγῶν
1079 2310 1386 2363 παρατέτακται
1417 2312 1523 2364 μετὰ

81 2366 229 2405 Νικίου
257 2365 362 2418 ποός
384 2369 530 2420 Tam)
532 2367 675 2419 ραιόυς
704 2383 772 2405 και
803 2365 901 2413 τοὺς
922 2369 1304 2419 παραβοηθοῐντας
1325 2369 1522 2409 Βοιωτῶν

82 2437 150 2460 και
180 2424 231 2475 τῇ
259 2419 372 2477 μάχῃ
399 2423 594 2475 νενίκηκε.
638 2422 827 2472 Suscepta
846 2436 939 2474 ergo
959 2424 1056 2470 fuit,
1086 2425 1188 2473 quod
1207 2425 1320 2462 modo
1336 2425 1519 2465 diximus.

83 2485 173 2514 ante
192 2477 262 2515 hos
283 2478 378 2516 duos
396 2479 725 2530 annos,01ymp
743 2489 949 2517 Lxxxxfful
973 2481 1015 2519 3.
1040 2480 1281 2530 Hipponicus
1301 2494 1378 2518 non
1399 2483 1520 2519 multo

87 2541 172 2582 post
192 2533 241 2570 ad
262 2533 415 2572 Delium
433 2548 609 2586 pugnans
627 2537 819 2582 occubuit,
846 2543 941 2572 teste
961 2536 1160 2574 Andocide
1184 2539 1223 2574 in
1243 2537 1366 2574 Alcib.
1385 2551 1422 2587 p.
1442 2539 1518 2577 30.

85 2590 216 2637 ltaque
225 2592 442 2640 generalius
453 2600 524 2638 est,
537 2591 637 2639 quod
658 2592 920 2641 superioribus
932 2592 1097 2630 adstruit
1107 2592 1344 2630 Athenaeus
1375 2593 1477 2632 τέ’θι
1470 2609 1525 2644 r-

87 2660 130 2684 κε
159 2645 203 2684 δὲ
235 2660 313 2698 προ
343 2649 417 2696 τῆς
448 2645 505 2686 ἐπ’
526 2645 715 2687 Ἀλκαίου
736 2647 1004 2694 διδασκαλίας
1029 2651 1111 2688 τῶν
1131 2646 1362 2694 Εὐπόλιὸος
1383 2646 1499 2688 K07'
1476 2665 1526 2687 a·-

90 2716 183 2740 non.
222 2701 312 2739 Non
340 2704 444 2739 en’un
472 2703 512 2739 id
541 2705 725 2751 praelium
744 2705 791 2741 ab
812 2703 884 2740 hoc
904 2704 982 2754 Oly
985 2717 1056 2753 mp.
1080 2715 1257 2744 Lxxxlx.
1279 2718 1381 2742 anno
1404 2708 1526 2754 primo

89 2760 280 2795 removeri
299 2765 435 2806 potest.
480 2758 636 2796 Falsum
653 2767 803 2807 autem,
833 2760 935 2808 quod
964 2761 1010 2797 de
1030 2760 1236 2810 Hipponici
1256 2761 1368 2797 huius
1397 2761 1527 2809 vidua,

91 2826 204 2862 quam
234 2813 403 2852 Pericles
430 2814 606 2862 duxerit,
637 2823 906 2854 conmentatur
928 2815 1090 2854 Palmer.
1112 2818 1160 2855 ad
1181 2817 1373 2865 Aristoph.
1397 2817 1468 2854 Av.
1489 2831 1528 2855 v.
