1828 3253
461 144 522 182 ΙΝ
555 143 664 181 LlB.
699 143 741 180 V.
773 142 843 180 CA
858 143 898 180 P.
929 145 999 184 77.
1025 146 1095 184 78.
1416 149 1508 188 477

66 257 257 295 Nimirum
280 258 444 295 insulam
466 257 556 294 olim
579 252 775 308 Κύθερα,
802 255 890 293 dein
913 251 1098 307 Κύθηρα
1116 265 1404 308 nuncuparunt:
1431 271 1507 308 quo

66 315 231 360 factum,
259 320 303 350 ut
326 314 358 350 V
361 326 468 359 enus,
483 313 638 349 jnsulae
656 314 817 349 tutelare
838 325 980 349 numen
1004 311 1226 365 Κυθέρεια,
1249 315 1384 354 Κυιθε
1372 312 1505 366 ρηὶάς,

68 369 242 421 Κυθέρη
274 377 312 406 et
336 365 516 419 Κυθήρη
548 369 762 405 diceretur.
785 367 913 405 Habet
941 367 1010 405 hos
1031 370 1112 406 eius
1145 371 1277 407 titulos
1309 370 1505 420 Manetho,

68 429 108 463 in
127 428 235 463 cuius
257 425 299 462 L.
321 424 387 464 ΠΙ.
416 425 518 465 154.
540 424 765 475 legendum·

175 481 260 521 Καὶ
287 477 330 519 δ’
364 478 482 520 αὐτοὶ
500 477 663 532 πρήξεις
682 477 879 532 Κυθέρης
902 474 1119 545 ἁμιπησαν
1144 477 1372 532 ἀθέσμους

65 551 154 575 nam
177 537 277 586 quod
305 537 424 587 vulgo
445 537 590 583 editur,
621 534 792 588 Κυθέ)ρ7
800 550 819 582 ς
838 532 998 588 ἀμὶπης
1021 533 1309 588 ἀπαθέσμους,
1335 539 1375 576 id
1396 539 1507 578 festi-

66 596 175 631 nanti
193 593 330 630 editori
350 593 622 630 condonamus.
646 593 695 629 W
700 603 784 629 Ess.

166 650 270 689 393.
295 651 335 689 8.
374 648 457 688 Καὶ
478 644 665 700 Λύκιον]
705 646 800 685 Cum
819 648 958 697 Apollo
979 647 1137 697 Lyciam
1166 649 1307 687 obiisse
1341 651 1502 701 dicatur,

66 718 261 755 perperam
281 703 373 742 haec
402 707 663 756 negliguntur.
691 703 831 754 virgil.
861 704 956 740 Aen.
976 703 1038 740 lv.
1066 705 1167 744 143.

179 761 320 807 Qualis
338 761 405 798 ubi
422 761 623 798 hibernam
644 761 828 810 Lyciam,
862 760 1093 812 Xanthique
1115 762 1276 811 fluenta

173 817 350 866 Deserit,
380 831 430 855 ac
458 817 600 855 Delum
620 824 840 854 maternam
863 819 1001 854 invisit
1017 818 1168 869 Apollo.

64 872 290 924 Neglexisse
308 881 435 911 tamen
456 875 604 912 librarii
622 874 815 920 videntur,
835 873 936 921 quod
957 875 1071 911 aliam
1097 881 1209 922 atque
1229 876 1341 912 aliam
1364 875 1504 914 Gram-

64 933 194 967 matici
221 943 394 967 caussam
419 931 616 977 adferant,
644 943 712 966 cur
740 930 877 979 Apollo
906 925 1069 976 Λύκιος
1098 932 1149 967 sit
1169 938 1430 980 nuncupatus,
1459 933 1502 970 in

66 985 197 1025 Schol.
229 986 411 1036 Aeschyli
439 986 520 1022 vll.
542 985 582 1023 C.
615 985 734 1023 Theb.
764 1000 800 1023 v.
836 986 937 1025 147.
969 992 1007 1022 et
1035 988 1076 1022 in
1103 985 1283 1036 Sophocl.
1310 987 1502 1026 Electram

64 1055 102 1080 v.
127 1045 180 1090 6.,
203 1053 296 1090 quos
316 1042 417 1089 vide,
447 1042 664 1087 etPausan.
686 1042 713 1078 l.
733 1043 808 1081 44.
833 1041 879 1078 Π.
905 1042 976 1081 19.
1003 1042 1139 1080 VVESS.

181 1099 286 1137 393.
317 1100 357 1138 9.
390 1099 474 1137 Καὶ
505 1098 720 1149 Κρησίαν]
754 1099 965 1147 Aequicsco
987 1100 1028 1135 in
1058 1097 1127 1135 hae
1151 1101 1360 1148 scriptura,
1387 1113 1502 1150 quam

66 1150 232 1206 Κρήσια
251 1155 364 1206 φῦλα
395 1154 562 1203 Oppiani
585 1155 612 1191 1.
641 1153 786 1205 Cyneg.
807 1168 843 1191 v.
864 1155 986 1200 299„
1017 1160 1055 1190 et
1084 1166 1179 1203 quae
1210 1157 1286 1192 viri
1314 1155 1416 1192 docti
1450 1157 1501 1194 ad

66 1209 302 1260 Stephanum
321 1224 358 1247 v.
379 1207 526 1262 Κρήτη
546 1211 852 1258 adscripserunt,
885 1212 981 1246 citra
1010 1210 1164 1247 dubium
1183 1219 1345 1259 ponunt.
1365 1212 1502 1251 VVESS.

179 1266 284 1305 394.
319 1268 391 1306 ll.
435 1268 615 1317 Ίίμᾶται
634 1265 678 1304 δὲ
697 1265 763 1304 καὶ
782 1263 896 1318 παρὰ
916 1270 1002 1311 τοῖς
1029 1264 1215 1318 Πέρσαις
1233 1265 1332 1318 etc.]
1364 1268 1503 1318 Expli-

64 1325 145 1359 cuit
155 1321 295 1358 Ezeeh.
318 1321 522 1372 Spanhem.
551 1323 598 1360 ad
621 1321 768 1359 Callim.
796 1321 846 1359 H.
863 1321 980 1360 Dian.
1003 1336 1040 1360 v.
1055 1323 1142 1369 37..
1170 1323 1270 1359 unde
1291 1335 1410 1371 pauca
1431 1337 1502 1362 ex-

65 1392 218 1428 cerpere
236 1391 371 1427 operae
389 1381 474 1416 erit.
509 1379 685 1428 Insignis
705 1380 880 1429 insuper,
899 1380 1035 1427 inquit,
1059 1377 1233 1416 Diodori
1251 1393 1336 1416 eam
1358 1383 1396 1418 in
1416 1394 1501 1418 rem

65 1436 175 1473 loeus
194 1435 238 1472 L.
265 1435 308 1473 V.
330 1448 375 1486 p.
403 1436 507 1474 344.
553 1435 618 1474 Ibi
639 1437 739 1471 enim
760 1434 898 1471 Diana
927 1446 1003 1471 non
1023 1434 1174 1487 Ephesi
1198 1437 1344 1483 solum,
1366 1439 1437 1475 sed
1458 1439 1500 1474 in

64 1491 190 1530 Ponto
225 1487 254 1540 (
248 1490 314 1527 ubi
341 1490 577 1544 Πριαπίνη,
604 1494 720 1528 iuxta
752 1493 898 1529 dictum
927 1492 1037 1528 modo
1066 1491 1324 1529 Plutarchum
1349 1494 1390 1530 in
1422 1493 1503 1531 Lu-

66 1548 166 1586 cullo
193 1560 236 1598 p.
257 1548 364 1586 499
355 1574 386 1594 ,
429 1547 568 1584 Diana
605 1548 738 1599 culta)
781 1555 822 1584 et
851 1547 1015 1585 Perside
1043 1547 1304 1594 familiarius
1333 1556 1501 1587 versata

65 1606 236 1649 dieitur,
263 1604 363 1640 unde
383 1603 503 1642 ΠΕ[)
502 1603 648 1642 ΣΙΑΣ
672 1606 792 1640 etiam
823 1600 954 1652 (forte
977 1604 1129 1642 HEP...
1105 1603 1305 1652 ΣΙΚΗΣ,
1329 1613 1376 1642 ut
1393 1607 1504 1657 apud

65 1661 309 1699 Pausaniam
334 1658 430 1697 VII.
452 1662 492 1700 6.
503 1673 548 1710 p·
570 1661 673 1699 537.
703 1672 754 1697 ac
775 1662 814 1697 in
843 1662 948 1697 dicto
970 1661 1080 1697 modo
1111 1663 1240 1698 veteri
1257 1663 1393 1715 numo)
1423 1675 1498 1714 ap-

59 1718 316 1783 pellationem
335 1714 477 1762 fuerit
493 1723 638 1762 nacta,
665 1729 715 1754 ac
736 1715 803 1782 ucbi
833 1718 994 1767 insuper
1027 1717 1216 1754 additur:
1253 1721 1420 1768 τιμᾶται
1453 1715 1499 1757 δὲ

63 1772 131 1813 καὶ
157 1769 270 1825 παρὰ
302 1771 446 1838 ΤΟΙιΣ
464 1771 729 1811 ΙΙΕΡΣΑΙΣ
751 1767 775 1823 ἦ
798 1770 899 1818 θεὸς
920 1768 1221 1824 διαφερόντως,
1253 1773 1319 1811 καὶ
1338 1769 1502 1825 μυστή-

63 1844 132 1883 ρια
163 1829 350 1867 ποιοῦσιν
378 1842 416 1866 οι
444 1823 654 1879 βάρβαροι
679 1825 730 1866 τὰ
760 1825 854 1878 παρ’
886 1824 1037 1878 ἕτεροις
1066 1830 1207 1867 συιτε)
1213 1825 1258 1867 οῖ’
1255 1844 1365 1879 μένα
1382 1828 1503 1883 μέχρι

60 1887 144 1925 τῶν
166 1887 239 1923 νῦν
265 1878 427 1935 χρόνων
453 1884 759 1923 APTEMIAI
785 1884 937 1923 HEP..
913 1883 1009 1922 vm
1038 1879 1128 1933 (seu
1147 1885 1300 1923 HEP..
1275 1885 1502 1939 vIKH),a.

61 1938 246 1979 PERSIS
279 1942 393 1976 etiam
412 1938 504 1976 haec
532 1938 615 1977 Dea
643 1941 848 1988 plurimum
879 1942 1041 1986 colitur,
1070 1940 1274 1988 eademque
1303 1943 1501 1992 mysteria,

62 2011 159 2048 quae
179 1996 274 2034 alibi
293 1998 330 2032 ei
349 2003 602 2046 peraguntur,
631 1999 744 2033 etiam
768 1997 917 2033 barbari
935 1996 982 2032 ad
1003 1995 1093 2032 haec
1114 2008 1233 2045 usque
1256 2005 1425 2047 tempora
1458 2000 1501 2035 in

60 2051 258 2092 DlANAE
278 2051 499 2088 PERSIAE
519 2051 606 2102 (seu
617 2050 888 2103 PERSICAE)
910 2051 1089 2088 honorem
1103 2054 1307 2090 celebrant.
1336 2054 1389 2091 Id
1398 2054 1504 2104 quod

57 2116 276 2163 praeterea
304 2110 482 2145 adstruit
499 2107 662 2145 Dianae
691 2109 871 2160 templum
897 2110 934 2145 in
956 2108 1160 2157 Elymaide
1181 2108 1223 2147 ἐν
1244 2112 1294 2163 τῇ
1307 2109 1498 2163 Περσίδι,

62 2170 103 2204 in
123 2164 293 2211 Perside,
320 2166 436 2215 idque
459 2166 682 2216 opulentum
701 2167 800 2203 adeo
821 2179 871 2202 ac
893 2165 1106 2215 splendidis
1127 2178 1359 2215 omnegenus
1378 2168 1503 2204 dona-

62 2224 137 2260 riis
154 2220 364 2268 refertum,
378 2223 483 2258 sicut
499 2222 545 2259 de
566 2234 609 2258 eo
632 2223 780 2259 dicitur
804 2221 835 2259 l.
856 2221 1035 2258 Maccab.
1066 2222 1101 2258 V
1101 2221 1135 2259 Ι.
1159 2224 1203 2261 2.
1224 2229 1264 2260 et
1282 2236 1308 2259 a
1332 2222 1500 2274 Iosepho

57 2275 186 2330 Ἀρχ.
208 2276 250 2313 L
271 2276 377 2314 XII.
398 2278 439 2317 9.
463 2279 502 2317 l.
531 2279 636 2322 Quae
656 2290 726 2327 ego
745 2290 921 2328 magnam
940 2284 1085 2326 partem
1105 2278 1238 2327 probo,
1267 2284 1419 2316 servato
1443 2285 1503 2315 ta-

61 2346 148 2372 men
170 2332 433 2371 ΠΕΡΣῙΑΣ
448 2335 559 2371 titulo
581 2334 628 2370 ob
658 2333 750 2369 Mss.
772 2335 1054 2402 conspirantem
1083 2334 1326 2371 concordiam
1348 2341 1387 2371 et
1408 2333 1502 2371 Plu-

61 2386 722 2440 εει-011.ΙιιιοιιΠ.Ρ.5Ο7.Ε.βόες
710 2403 813 2439 ιεραι
832 2387 1020 2455 νέμονται
1042 2390 1308 2429 ΠΕΡΣΙΑΣ
1321 2387 1502 2442 Ἀρτέμι-

63 2445 147 2492 δος,
167 2439 407 2496 ἢνμάλιστα
418 2447 528 2484 θεῶν
544 2460 581 2484 οι
593 2444 721 2512 πέραν
732 2441 1172 2512 Εὖφράτουβάρβαροι
1186 2461 1345 2496 τιμωσι.
1360 2446 1498 2484 VVESS.

177 2500 282 2539 394
313 2502 388 2540 20.
424 2500 509 2540 Και
535 2496 832 2551 εῬαδάμανθυν
861 2500 928 2539 καὶ
967 2498 1249 2553 Σαρπηδόνα]
1304 2503 1502 2540 Postrema

64 2556 195 2594 addidi
216 2568 264 2592 ex
282 2555 498 2593 Vindobon.
528 2556 648 2594 libro:
687 2570 775 2593 nam
806 2557 931 2594 sedem
960 2555 1057 2594 hanc
1086 2560 1263 2607 primitus
1282 2571 1501 2606 occupasse,

65 2612 272 2650 ostendunt
305 2625 385 2661 cap.
417 2625 494 2661 seq.
524 2614 664 2659 verba,
692 2610 765 2652 τὸν
795 2612 839 2651 δὲ
867 2627 1004 2664 τριτον
1038 2611 1218 2667 ἀδελφὸν
1245 2610 1501 2666 Σαρπηδόνα

66 2669 170 2722 φασὶ
194 2675 265 2705 ete.
295 2669 517 2705 ostendunt·
530 2677 726 2717 praeterea
764 2671 967 2718 scriptores
997 2673 1134 2717 ceteri,
1173 2672 1239 2720 qui
1268 2670 1358 2707 Iove
1387 2677 1500 2718 atque

63 2726 218 2774 Europa
243 2728 517 2772 proseminatus
545 2724 736 2772 Minoem,
763 2723 1096 2764 Rhadamanthum
1115 2734 1153 2764 et
1167 2725 1392 2776 Sarpedona
1410 2739 1501 2776 per-

65 2781 208 2820 hibent.
238 2780 377 2819 Wnss.
