1828 3253
305 92 399 153 5⁵4
766 89 1278 132 ANNoTATmNEs

416 204 525 246 469.
549 204 623 246 69.
653 204 845 258 Πλησίον
873 201 1100 276 Οἶνιάδων]
1127 204 1270 245 Urbem
1293 209 1552 275 oppugnavit,
1580 207 1647 245 sed
1665 209 1747 247 fru-

303 266 396 299 stra.
435 261 624 299 Aristides
654 259 705 302 T.
730 262 778 300 ll.
776 276 843 331 p.
865 263 940 303 48.
974 257 1068 302 oica
1089 261 1134 302 δὲ
1161 262 1216 309 εἷς
1249 260 1446 310 Οἷιιάὸας
1470 260 1747 316 Ἀκαρνάνων

302 313 555 368 διαβάντας,
583 313 639 364 ὥς
668 333 744 358 ουκ
770 334 821 372 ην
853 315 894 358 ἓλ
901 324 982 366 εΐν,
1016 315 1389 372 ἀναχωοήσαντας,
1419 319 1670 373 Περικλεόις
1698 318 1748 360 οὗ

301 373 451 414 Νικίου
484 377 825 426 στρατηγοῦιτος.
867 387 962 424 quae
995 387 1043 420 ex
1074 373 1300 426 'lhucydide
1329 376 1515 416 sumsitl.
1542 379 1644 417 111.
1689 375 1748 414 De

306 429 492 468 Oeniadis
516 443 718 480 earumque
739 434 816 469 situ
839 433 1002 475 Palmer.
1027 431 1161 469 Graec.
1183 432 1313 483 Antiq.
1334 433 1377 471 L.
1397 433 1465 470 ΙΙΙ.
1487 436 1527 474 8.
1555 432 1748 484 Interpres

303 486 548 525 doctissimus
567 489 664 525 male
684 489 835 526 insulas
853 490 1010 526 fecerat.
1041 488 1173 526 WESS.

415 544 524 584 469.
553 546 626 584 76.
656 542 933 598 Κουριτΐνον]
962 544 1046 582 Ηοο
1067 544 1290 597 mendosum
1310 558 1392 583 esse
1414 551 1523 596 putat
1545 543 1588 586 C.
1633 544 1749 597 Sigo-

301 600 408 648 nius,
427 599 473 638 V.
492 598 549 638 Cl.
571 607 609 638 et
627 599 673 638 dc
693 614 735 638 re
754 602 928 639 literaria
947 603 1086 652 optime
1106 603 1278 650 merituS‚
1299 604 1361 640 cui
1380 601 1486 642 Fast.
1507 600 1614 639 Coss.
1634 615 1748 639 accu-

299 659 534 695 ratissimam
555 659 831 695 correctionem
863 660 965 696 inter
992 665 1143 697 caetera
1165 658 1357 696 debemus.
1395 658 1433 696 Is
1451 672 1542 710 ergo
1572 671 1621 695 ex
1642 659 1748 709 frag-

299 720 431 750 mento
451 715 622 750 consulis
654 713 768 751 huius
791 712 1020 765 Capitolino,
1042 727 1109 764 per
1129 716 1388 752 coniecturam
1407 722 1558 762 tamen,
1589 715 1748 752 Cossum

299 781 370 820 pro
389 770 458 806 illo
477 772 641 819 reponit.
659 768 798 810 Rnon.
821 771 1085 824 Κουριτῖνον]
1115 770 1212 809 Tale
1228 774 1268 810 iu
1282 770 1461 809 Cornelia
1480 778 1593 823 gente
1603 785 1750 823 cogno-

298 838 389 864 men
407 827 554 863 frustra
571 828 800 877 quaerimus.
835 828 992 866 Cossum
1009 829 1128 866 fuisse
1146 834 1250 866 certa
1269 840 1331 865 res
1350 835 1419 865 est.
1443 827 1558 866 Forte
1577 827 1749 866 additum

297 882 423 921 tribus
442 895 582 921 nomen
602 883 730 921 fraudi
749 882 921 922 Diodoro
936 885 1025 923 fuit.
1062 883 1138 922 Fac
1158 886 1260 922 enim
1279 885 1320 921 in
1339 883 1478 933 Fastis,
1501 884 1639 933 quibus
1657 896 1748 922 usus

298 946 381 986 est,
409 939 663 989 perscriptum
681 941 802 978 fuisse
821 941 885 980 A.
905 936 1138 995 Κορνήλιον
1160 938 1348 996 Κουρίνα
1369 936 1554 987 Κόσσον,
1583 947 1622 977 et
1640 941 1749 978 nasci

296 995 524 1034 mendosum
544 995 584 1033 id
602 999 773 1045 potuisse
801 997 991 1035 advertes.
1023 997 1131 1035 Nihil
1149 1004 1275 1034 tamen
1299 982 1474 1035 decerno.
1497 996 1634 1037 VVEs&

410 1052 518 1092 469.
544 1053 616 1093 77.
654 1054 901 1100 Πενταετεῖς
931 1052 1112 1106 ἐγένοντο
1147 1053 1351 1103 σπονδαὶ]
1391 1052 1476 1090 Hoc
1502 1054 1588 1091 loco
1616 1065 1749 1090 rursus

297 1115 446 1160 pugnat
475 1121 562 1146 cum
594 1107 824 1161 Thucydide
861 1110 1057 1148 Diodorus
1090 1113 1191 1148 circa
1222 1117 1413 1158 tempora:
1455 1122 1543 1147 nam
1574 1116 1661 1160 post
1689 1123 1748 1158 ea,

299 1177 397 1214 quae
424 1167 621 1214 superiore
648 1179 751 1206 anno
781 1170 956 1206 narravit
983 1166 1200 1214 Diodorus,
1230 1180 1326 1217 quae
1356 1165 1469 1203 habet
1498 1165 1748 1216 Thucydides

299 1221 542 1268 immediate,
572 1224 628 1261 sic
659 1225 715 1261 ait
734 1223 983 1276 Thucydides
999 1222 1062 1277 (L.
1076 1222 1106 1263 Ι.
1130 1221 1291 1275 112.)’
1276 1237 1463 1293 υστερον
1472 1217 1748 1262 διαλιπόντων

296 1276 402 1318 ἐτῶν
433 1280 558 1331 τριῶν
593 1278 770 1319 σπονὸαι
800 1279 981 1334 ἕὶένοντο
1012 1278 1365 1332 Πελοποννησίοις
1397 1294 1464 1318 και
1491 1275 1749 1330 Ἀθηναίοις

296 1338 551 1381 πενταετεῖς,
583 1343 682 1388 post
710 1343 792 1375 tres
822 1350 945 1375 annos
964 1337 1144 1385 foedera
1172 1337 1483 1388 quinquennalia
1504 1337 1611 1373 inter
1631 1335 1749 1373 Pelo-

288 1393 508 1444 ponnesios
530 1397 572 1428 et
603 1392 860 1432 Athenienses
872 1394 1002 1441 facta
1034 1400 1137 1432 sunt.
1179 1393 1239 1430 Ad
1259 1392 1591 1443 Chronologorum
1615 1394 1748 1429 calcu-

296 1449 377 1486 lum
397 1461 441 1486 ea
461 1449 639 1498 relinquo
658 1451 923 1489 examinanda.
940 1451 1073 1490 PALM.
1113 1449 1176 1487 Ex
1198 1448 1427 1499 Thucydide
1446 1455 1578 1486 auctor
1597 1447 1667 1485 has
1686 1451 1749 1486 in-

295 1503 430 1542 ducias
464 1506 497 1542 si
525 1508 684 1554 sumsit,
724 1519 922 1557 perperam
953 1510 1035 1545 eius
1064 1507 1183 1546 verba
1212 1507 1421 1543 intellexit.
1457 1504 1541 1554 Ipse
1572 1506 1748 1542 insecuto

295 1574 400 1598 anno
418 1573 480 1598 res
509 1560 672 1600 Periclis
701 1570 925 1611 exsecutus,
953 1562 1126 1602 nondum
1154 1575 1218 1600 eas
1241 1568 1319 1600 tum
1350 1562 1538 1599 coaluisse
1568 1562 1661 1598 satis
1686 1563 1748 1598 in-

296 1617 413 1662 dicat.
440 1616 573 1665 Itaque
592 1626 659 1656 aut
678 1619 771 1658 haec
792 1621 838 1658 ab
861 1622 936 1658 alia
953 1631 1068 1659 manu
1090 1626 1193 1666 sunt,
1219 1625 1286 1657 aut
1305 1619 1365 1655 sui
1388 1618 1531 1656 oblitus
1552 1624 1622 1655 est.
1648 1617 1747 1657 Vide

297 1673 409 1713 etH
432 1672 678 1714 Dodwellum
700 1676 841 1716 Annal.
869 1674 1089 1727 Thucydid.
1117 1688 1151 1726 p.
1173 1677 1247 1716 96.
1275 1675 1326 1713 W
1329 1685 1411 1712 css.

409 1731 518 1771 469.
551 1733 624 1772 79.
651 1730 727 1773 'E
704 1730 947 1786 γἐσταιους]
986 1731 1072 1770 Vid.
1102 1744 1218 1781 supra
1237 1731 1280 1769 L.
1301 1731 1366 1771 lv.
1390 1730 1466 1772 23.
1492 1728 1631 1770 WEss.

409 1786 512 1827 Ibi-d
544 1787 627 1827 Και
652 1787 935 1857 Λιλυβαιόις]
965 1789 1072 1827 Haec
1092 1791 1171 1827 illis
1191 1788 1339 1838 liquido
1359 1793 1556 1839 pugnant,
1587 1798 1682 1835 quae
1701 1784 1746 1823 L.

293 1841 575 1883 X111.54.de
599 1844 777 1896 Lilybaei
797 1848 947 1897 origine
967 1846 1147 1896 disputat.
1178 1844 1382 1892 Fluvium,
1407 1856 1520 1893 quem
1538 1842 1622 1880 heic
1642 1837 1746 1882 Md·-

292 1898 442 1952 ζαρον,
483 1901 618 1940 eodem
649 1904 736 1940 loco
770 1899 930 1955 Μαζάρ
933 1918 1006 1950 αν,
1051 1904 1165 1940 sicuti
1193 1908 1231 1939 et
1261 1900 1525 1947 Ptolemaeus,
1563 1899 1745 1949 adpellat,

289 1959 426 1995 verius
442 1957 619 1996 fortasse.
643 1958 715 1998 Ph.
739 1918 930 1998 Cluveriiv
940 1958 1050 1997 Sicil.
1073 1958 1164 1997 Ant.
1191 1956 1234 1995 L.
1254 1957 1285 1997 Ι.
1311 1960 1381 1999 18.
1413 1956 1547 1995 eadem
1573 1963 1632 1993 est
1655 1968 1746 1993 seu-

291 2015 429 2052 tentia.
456 2014 596 2051 Wnss.

407 2070 517 2111 469.
552 2072 624 2112 82.
654 2069 741 2112 Καὶ
761 2073 836 2124 τῆς
858 2069 1095 2126 φιλοτιμίας
1114 2066 1172 2123 μὴ
1204 2067 1353 2122 λῆξαι]
1391 2067 1468 2106 Pro
1487 2064 1546 2120 μὴ
1567 2059 1746 2105 reficieri-

295 2123 387 2163 dum
402 2127 554 2165 videtur
565 2123 672 2176 τότε,
696 2134 763 2166 aut
774 2130 910 2166 simile.
924 2127 1060 2166 RHOD.
1083 2126 1364 2164 Rhodomanno
1378 2126 1412 2163 si
1431 2124 1604 2172 accedas,
1621 2131 1745 2172 verte,

292 2188 338 2220 ut
359 2183 524 2232 fecerat,
557 2191 637 2221 tum
660 2187 814 2236 quidem
835 2186 1085 2239 disceptandi
1102 2183 1257 2231 fervor
1277 2183 1570 2234 aliquantulum
1595 2183 1745 2219 restin-

293 2245 384 2276 ctus
404 2239 510 2287 suit.
550 2239 648 2279 Mihi
665 2242 842 2281 mutandi
861 2255 996 2282 caussa
1014 2253 1094 2280 nou
1113 2239 1268 2279 videtur
1291 2241 1443 2291 gravis:
1465 2244 1620 2276 constat
1638 2239 1745 2276 enim

290 2297 496 2336 sententia.
525 2296 664 2338 Wtss.

407 2353 517 2393 469.
547 2356 618 2395 86.
652 2348 857 2394 Ἐνόσουν
879 2349 923 2394 αἶ
941 2347 1106 2404 πόλεις]
1136 2353 1241 2398 Quae
1260 2350 1500 2401 hominibus,
1529 2364 1616 2390 cum
1642 2352 1744 2388 inte-

294 2411 399 2447 stina
429 2409 592 2458 quadam
622 2411 708 2448 tabe
749 2411 936 2462 languent
970 2416 1008 2447 et
1033 2409 1313 2458 conficiuntur,
1349 2409 1481 2446 eadem
1508 2408 1744 2454 civitatibus,

293 2465 528 2503 seditionum
548 2466 701 2504 flabello
721 2469 934 2514 ventilatis,
965 2469 1214 2505 conveniunt.
1238 2466 1375 2503 Livius
1395 2463 1544 2502 XXIV.
1566 2466 1610 2505 2.
1644 2476 1745 2502 unus

295 2523 407 2561 velut
434 2523 590 2561 morbus
625 2525 838 2562 invaserat
872 2535 1004 2561 omnes
1037 2523 1185 2562 ltaliae
1215 2524 1423 2569 civitates,
1461 2527 1507 2559 ut
1522 2520 1659 2573 plebes
1692 2519 1742 2557 ab

294 2580 548 2631 optimatibus
576 2581 817 2618 dissentiret.
871 2577 931 2616 De
969 2578 1102 2617 Mileto
1130 2578 1350 2616 Herodotus
1375 2578 1420 2615 V.
1456 2579 1530 2618 28.
1573 2576 1636 2616 ἐπὶ
1667 2571 1741 2614 δύο

292 2651 377 2688 γεω]
382 2633 431 2682 ὰς
461 2633 625 2690 ἀνδρῶν
656 2632 874 2688 νοσήσασα
894 2634 935 2682 ἐς
964 2631 1199 2686 ταμάλιστα
1222 2631 1375 2675 στάσει.
1421 2634 1548 2678 Quare
1572 2631 1743 2670 Atheno-

294 2691 435 2740 dorus,
464 2706 549 2732 cum
571 2691 802 2731 Tarsensem
821 2693 1019 2730 civitatem
1051 2703 1194 2741 procax
1216 2692 1374 2729 libertas
1400 2689 1639 2736 miscuisset,
1667 2689 1742 2740 τῆς

292 2744 479 2797 στάσεως
505 2751 746 2804 κατηγορῶν
773 2746 815 2790 ἓν
844 2746 1059 2806 ἐκκλησία,
1085 2744 1161 2801 τὴν
1186 2743 1312 2790 νόσον
1338 2760 1414 2796 τνς
1443 2741 1621 2795 πόλεως,
1646 2741 1741 2798 ἔφη,
