1828 3253
396 216 456 257 IN
486 215 596 257 LIB.
623 216 704 256 XI.
732 215 858 256 CAP.
885 218 957 259 71.
981 239 1028 248 -
1053 220 1125 261 76.
1407 219 1498 261 543

177 331 286 372 459.
319 330 392 372 56.
431 330 485 371 Κ.
518 325 677 381 Φάβιος
712 326 1001 382 Οὖβουλανός]
1035 330 1170 369 Scribe
1199 327 1486 384 Οῧὶζθουλανός

69 395 108 425 et
127 401 193 438 pro
219 385 419 440 Τιβέριος,
448 388 584 433 Τῖτος.
612 385 748 426 RHOD.
777 387 890 425 Prius
907 401 956 426 ex
973 387 1241 426 Rhodomanni
1259 390 1500 427 correctione

66 444 350 495 recipiendum,
382 456 461 481 non
480 444 654 480 alterum.
687 443 785 480 Vide
807 451 885 482 not.
904 447 945 481 in
965 458 1045 495 cap.
1067 446 1140 485 69.
1172 444 1308 482 WESS.

177 501 283 540 459.
317 500 388 540 59.
419 496 661 550 Ἀχαιμένην
689 497 761 539 τὸν
788 499 969 551 Δαρείου
999 499 1074 550 μὲν
1100 498 1219 553 υἱὸν]
1252 500 1387 539 Frater
1416 507 1499 540 erat

68 556 307 602 Artaxerxis,
326 556 510 604 duxitque
526 558 565 592 in
578 555 786 606 Aegyptios
806 567 898 593 cccc
918 557 1085 607 peditum
1105 559 1283 604 millia,si
1301 557 1395 594 fides
1409 556 1500 594 Cte-

65 615 144 650 siae
167 614 309 650 Persic.
339 625 372 649 c.
393 613 479 658 32,
507 614 570 649 cui
599 609 888 663 Ἀχαιμενίδης.
932 612 1025 651 Cum
1046 613 1218 651 Diodoro
1249 615 1379 662 pulcre
1404 627 1498 651 con-

66 671 185 719 spirat
200 667 418 705 Herodotus
438 668 503 705 III.
529 670 597 708 12.
619 668 698 705 VII.
725 671 762 708 7.
794 669 932 706 VVEss.

177 725 283 764 460.
310 725 380 764 78-
407 721 494 762 Ἐπὶ
514 721 560 763 τὸ
582 721 834 775 καλοί-μενον
852 723 1022 765 Λευκὸν
1045 726 1192 776 τεῖχος]
1215 725 1308 764 Pars
1328 733 1410 764 erat
1431 740 1497 765 ur-

63 781 122 818 bis
145 779 356 828 Memphis,
383 780 430 817 ob
450 781 594 829 lapides
616 782 746 827 albos,
773 795 793 817 e
815 783 949 830 quihus
969 789 1254 832 coagmentata,
1285 783 1324 820 id
1353 797 1497 835 cogno-

63 839 178 874 minis
197 838 346 882 sortita,
361 838 402 873 ni
421 837 523 874 fallit
545 835 674 874 Schol.
697 836 936 888 Thucydidis
956 837 985 875 Ι.
1011 839 1111 878 104.
1140 838 1275 876 WEss.

173 893 280 932 460.
301 895 372 933 88.
412 894 508 931 Τῶν
539 891 583 931 δὲ
608 893 956 944 Λακεδαιμονίων
985 891 1077 933 οὔτε
1103 889 1300 946 χρήματα
1330 892 1498 946 δεξαμέ-

61 947 172 998 νων]
217 947 508 986 Lacedaemonii
534 962 661 986 rerum
694 963 848 987 suarum
869 951 1104 1001 satagebant,
1139 951 1239 988 bello
1259 950 1497 989 Messeniaco

59 1006 259 1054 inplicati,
307 1017 430 1055 neque
459 1005 554 1042 adeo
587 1013 842 1054 opportunum
871 1009 948 1044 illis
977 1013 1058 1043 erat
1089 1007 1255 1044 Atticam
1284 1010 1498 1056 incursare,

61 1061 162 1111 quod
186 1059 439 1112 MegabazuS,
476 1075 499 1099 a
527 1062 645 1100 Persa
666 1065 828 1110 missus,
867 1063 1083 1113 postulabat
1104 1063 1203 1114 apud
1224 1063 1444 1115 Thucydid.
1467 1063 1500 1103 Ι.

65 1119 168 1158 109.
191 1116 328 1153 Wssss.

171 1173 279 1213 460.
309 1175 383 1213 92.
419 1172 505 1213 Καὶ
538 1170 819 1227 ΖΙΊεγάβυζον]
859 1173 926 1212 Sic
946 1183 985 1212 et
1003 1174 1162 1216 Ctesias,
1186 1176 1285 1214 Aliis
1303 1175 1499 1226 Megaba-

59 1242 151 1277 zus,
190 1237 234 1267 ut
261 1228 505 1280 Thucydidi,
545 1232 610 1268 ubi
630 1229 775 1268 Duker.
806 1238 844 1269 et
861 1231 909 1270 ad
931 1232 1088 1271 Lucian.
1108 1232 1261 1270 Timon.
1284 1246 1317 1271 c.
1338 1236 1414 1276 22.
1447 1232 1497 1271 Τ.

58 1284 372 1323 Hemsterhusius
391 1286 561 1323 videndi.
587 1287 719 1324 TVESS.

169 1343 276 1382 460.
298 1343 371 1381 95.
401 1339 615 1393 Εὐίππου]
649 1342 693 1379 In
714 1342 901 1381 Mai-more
922 1343 1139 1381 Oxoniensi
1163 1341 1396 1393 Εὕθιππος,
1413 1346 1496 1383 for-

58 1403 159 1435 tasse
182 1401 323 1436 verius.
360 1397 592 1450 Euthippus,
620 1399 909 1450 Anaphlystius,
936 1399 1107 1438 Cimonis
1126 1403 1285 1448 amicus,
1310 1415 1498 1440 memora-

58 1460 123 1492 tur
140 1455 243 1492 Plut.
270 1453 418 1492 Cimon.
436 1467 471 1503 p.
493 1456 599 1496 498.
622 1455 682 1502 E.,
701 1469 811 1505 quem
831 1457 992 1494 eundem
1012 1459 1196 1506 suspicor.
1221 1457 1356 1495 TVEss.

169 1511 277 1551 460.
309 1512 384 1551 97.
425 1507 693 1562 Ποστούμιον
720 1509 953 1565 ’Λλβΐνον]
992 1509 1163 1563 ”Αλβον
1194 1512 1497 1552 Rhodomanr-:s

55 1567 245 1613 rescribit,
265 1574 468 1617 praeeunte
486 1574 616 1604 vetere
640 1569 791 1616 interp.,
812 1575 851 1605 et
870 1572 1134 1606 consentiente
1155 1568 1371 1620 Capitolino
1390 1570 1496 1607 Mar·

57 1635 175 1661 mcre.
205 1622 419 1673 Dionysius
440 1622 549 1660 Rom.
571 1624 702 1672 Antiq.
725 1624 767 1660 L.
788 1625 858 1662 IX.
880 1639 916 1675 p.
939 1627 1045 1666 619.
1075 1639 1160 1663 cum
1186 1626 1360 1664 Diodoro
1387 1628 1497 1674 facit,

55 1678 224 1728 adaeque
253 1682 439 1727 vitiosus,
485 1679 644 1717 docente
682 1680 820 1732 Pighio
851 1684 893 1719 in
923 1681 1024 1720 Ann.
1056 1682 1105 1720 ad
1134 1696 1225 1720 ann.
1254 1693 1496 1721 chxxxvu.

55 1734 190 1772 WEss.

169 1790 275 1831 460
308 1790 347 1830 5.
378 1789 759 1844 Καταρτισθὲντων
787 1791 832 1832 δὲ
851 1792 1054 1847 τριηρῶν]
1086 1793 1191 1832 Ordo
1209 1795 1415 1834 verborum
1433 1807 1498 1834 re-

57 1847 177 1896 quirit
205 1849 572 1899 καταρτισθεισιιν.
616 1849 776 1887 Memini
813 1852 937 1888 simile
977 1851 1160 1888 delictum
1198 1854 1257 1889 in
1280 1849 1496 1905 ῥηθέντων

57 1904 316 1951 superioribus
336 1904 446 1941 libris
467 1905 785 1952 animadvertere,
801 1907 902 1955 quod
920 1908 1064 1944 frustra
1082 1920 1186 1944 nunc
1205 1909 1359 1957 quidem
1379 1922 1496 1960 quae·

54 1972 112 1999 ro.
142 1959 278 1999 wass.
299 1962 350 1996 in
358 1959 451 1997 Add.
477 1960 549 1998 Est
570 1974 606 2011 p.
632 1963 704 2001 79.
733 1963 805 2002 79

167 2017 274 2056 460
306 2018 345 2056 8.
380 2015 486 2069 Περι
516 2014 590 2063 τὰς
611 2014 874 2071 παρασκευὰς
891 2015 1097 2070 ἐγίνοντο]
1126 2018 1325 2057 Sermonis
1344 2019 1496 2057 indoles

56 2078 95 2108 et
113 2074 279 2109 auctoris
300 2072 533 2110 consuetudo
565 2073 636 2111 hoc
643 2077 913 2141 expostulant.
942 2073 1067 2124 Supra
1090 2089 1121 2112 c.
1144 2077 1216 2116 71.
1245 2074 1284 2115 οἱ
1313 2074 1390 2127 μὲν
1419 2091 1495 2116 ουν

53 2124 283 2179 ’Λθηιαῖοι
307 2148 354 2155 ——
383 2143 471 2181 περι
492 2144 568 2168 τνν
590 2132 664 2169 τοῦ
694 2127 845 2170 στόλου
874 2129 1137 2183 παρασκευὴι
1160 2130 1349 2183 ἐγίνοντο.
1379 2131 1432 2169 Et
1451 2131 1496 2169 L.

54 2183 146 2221 XII.
170 2185 240 2224 55.
274 2184 320 2220 de
342 2184 675 2233 Lacedaemoniis,
704 2186 771 2225 καὶ
793 2201 882 2240 περι
906 2186 981 2238 τὴν
1001 2184 1257 2239 κατασκευὴν
1276 2190 1360 2228 τῶν
1380 2183 1497 2241 τριή-

56 2251 139 2290 ρων
155 2239 392 2292 ῃενομένων.
427 2240 526 2278 Tum
549 2241 591 2278 L.
614 2242 726 2279 XIII.
754 2245 853 2284 107.
882 2242 973 2297 περὶ
996 2242 1040 2282 δὲ
1057 2259 1131 2295 τνν
1151 2246 1235 2283 τῶν
1253 2246 1397 2294 τειχῶν
1417 2259 1496 2283 κα·-

55 2293 256 2347 τασκευὴν
299 2294 489 2348 ἕγιίοντο.
537 2297 659 2336 Porro
688 2299 731 2336 L.
760 2299 822 2337 IV.
854 2299 929 2340 44.
972 2299 1068 2336 Vide
1092 2299 1142 2336 H.
1176 2298 1412 2350 Stephanum
1446 2300 1497 2340 ad

55 2350 224 2388 1..X1v.
248 2354 321 2392 26.
347 2352 486 2391 WEss.

168 2406 509 2449 461.16.Τόν
529 2407 739 2458 ἐνιαυτὸν]
769 2409 904 2448 Fuisse
927 2417 1080 2449 autumo
1100 2412 1249 2451 τοῦτον
1270 2408 1344 2452 τὸν
1362 2409 1495 2450 ἐνιαυ-

55 2458 140 2501 τὸν.
170 2462 272 2501 Novi
289 2476 336 2500 ex
356 2464 657 2513 Harpocratione
677 2465 734 2505 δι’
766 2466 968 2514 ἐνιαυτοῦ,
990 2465 1078 2507 ἀντι
1097 2470 1183 2515 τοῦ,
1215 2465 1272 2506 δι’
1297 2465 1396 2507 ὅλου
1417 2469 1492 2507 τοῦ

57 2516 257 2566 ἐνιαυτοῦ,
282 2526 320 2556 et
340 2518 407 2558 διὰ
429 2519 574 2569 νυκτὸς
594 2537 661 2573 pro
683 2520 741 2562 δι’
766 2520 864 2574 ὅλης
884 2521 1028 2569 νυκτὸς
1050 2527 1090 2561 in
1112 2523 1390 2574 Aristophane,
1418 2536 1492 2572 quo

57 2574 103 2610 de
124 2573 262 2614 Athen.
285 2575 325 2612 L.
347 2576 428 2614 VII.
454 2579 488 2618 Ι.
510 2592 595 2616 cum
613 2579 948 2618 animadversione
978 2582 1053 2617 viri
1081 2583 1223 2632 magni.
1260 2579 1337 2618 Sed
1357 2580 1491 2617 Nostri

55 2632 131 2668 alia
156 2632 269 2670 ratio.
308 2631 394 2670 vid.
427 2646 459 2670 c.
487 2636 561 2675 26.
594 2636 668 2676 37.
699 2637 773 2676 47.
803 2636 873 2675 53.
905 2635 1038 2673 VVESS.

166 2688 272 2727 461.
293 2689 367 2727 29.
392 2688 597 2740 Δομέτιος
611 2691 688 2742 μὲν
708 2708 729 2732 ο
751 2693 835 2730 τῶν
855 2690 941 2730 Σικ.
960 2686 1149 2743 ηγεμων]
1179 2689 1385 2742 Δομέτιος
1404 2703 1494 2728 ver-

55 2747 92 2777 te
114 2743 153 2779 in
176 2742 399 2790 Δουκέτιος
418 2752 486 2783 aut
505 2745 736 2794 Λευκέτιος.
769 2747 967 2792 Quomodo
985 2750 1135 2797 saepius
1156 2747 1292 2784 deinde
1317 2749 1492 2784 recurrit.

58 2796 192 2836 Ruon.
223 2799 326 2851 lego
350 2800 586 2849 Δουκέτιος,
605 2811 648 2840 ut
668 2805 770 2840 infra
791 2816 826 2853 p.
844 2805 950 2844 287.
975 2810 1013 2840 et
1025 2805 1131 2844 289
1144 2804 1201 2840 ed.
1212 2802 1346 2851 Steph
1364 2802 1493 2840 ΡΑιΜ.

52 2853 275 2903 Δουκέτιος
293 2856 368 2907 μὲν
390 2872 411 2896 ο
428 2860 512 2897 τῶν
533 2858 711 2899 Σικελῶν
731 2855 920 2911 ἡγεμών]
950 2857 1099 2909 Sequor
1121 2862 1292 2898 virorum
1312 2859 1486 2896 doctissi-
