1828 3253
422 163 484 204 m
523 161 693 202 1.113.}.
739 160 866 200 CAP.
896 163 971 203 27.
1000 164 1074 204 28.
1411 162 1469 203 47

34 284 145 328 nius,
177 287 216 318 et
233 278 331 318 nihil
351 277 522 316 crebrius
541 288 673 314 eorum
700 277 742 313 in
761 276 913 327 scriptis
932 275 1043 314 libris
1071 277 1359 326 permutatione.
1396 275 1476 313 vid.

33 337 98 376 1v.
121 339 195 378 27.
226 331 317 373 xm.
340 335 413 375 32.
441 332 528 371 XV.
550 335 623 374 66.
652 331 786 370 Wnss.

148 394 222 434 33.
247 393 319 433 81.
359 391 457 430 Τῶν
490 385 666 440 Κόλχων
696 385 844 438 ἔθνος]
887 386 998 425 Conf.
1026 387 1130 426 infra
1164 401 1196 427 c.
1232 388 1303 429 55.
1333 394 1371 425 et
1394 385 1477 424 He·

34 450 158 488 rodot.
180 448 228 486 11.
251 447 352 488 104
377 445 436 483 De
444 444 692 514 Ἰσρῤῥαι’(υν
711 457 806 483 voce
826 451 913 493 post
945 445 1123 495 deinceps
1150 445 1308 483 dicetur.
1339 443 1475 481 Wass.

147 506 220 546 33.
230 506 304 546 82
333 500 393 542 Τὸ
407 505 490 542 τῶν
508 500 743 552 ””Ἰοτὸαιω“ν]
761 500 897 553 Malgo
912 497 1289 554 Ἰσοῤῥαίωνὴεὼοτ.
1317 501 1475 550 Atquae

35 572 130 614 gens
152 561 223 598 hoc
242 561 409 597 nemine·
424 561 576 606 veniat,
614 559 793 610 indaget,
829 569 1090 608 quemcunque
1118 559 1476 609 πολυποαφμονεῖν

35 616 138 657 istud
165 619 284 654 iuvat.
342 615 467 653 Locus
494 617 531 653 ei
559 616 697 662 fuerit,
736 617 770 652 si
794 611 1005 668 ''Itvpouwv
1038 614 1238 651 scribatur.
1296 612 1374 650 Sed
1404 626 1477 650 nos

35 675 170 713 merito
199 679 403 710 contextus
429 673 633 710 lectionem
659 673 882 710 retinemus,
939 670 973 707 A
998 670 1149 708 Iudaeis
1177 676 1307 707 autem
1335 670 1383 707 ad
1401 669 1477 706 Ae-

32 732 188 782 gyptios
216 731 388 778 aliosque
407 731 736 766 circumcisionem
754 727 969 765 derivatam
998 740 1102 775 esse,
1129 727 1333 764 admonere
1361 727 1478 764 forsi-

33 793 102 824 tan
128 785 331 833 conducit,
368 784 435 822 ned
464 785 689 822 confirmare
718 796 812 833 opus
832 797 911 822 non
938 790 1009 821 est.
1064 783 1259 834 Legantur
1280 784 1349 821 hac
1369 783 1416 819 de
1435 796 1477 820 re

33 841 160 880 Biblia
169 842 321 881 V.Gen.
339 840 463 880 XVII.
481 842 556 882 25.
575 840 722 890 Ioseph.
740 840 769 878 1.
792 840 992 880 Archaeol.
1015 853 1047 877 c.
1073 842 1142 881 11.
1160 841 1228 880 13.
1246 842 1316 880 16.
1342 838 1478 876 Rflon.

147 900 220 939 33.
244 899 316 940 85.
349 895 418 945 Ἐξ
443 893 660 950 Αἰγύπτου
689 895 1054 949 μετενηνεγμένου]
1090 895 1398 934 circumcidendi
1423 899 1479 934 ri-

34 960 117 993 tum
136 955 183 993 ab
204 953 405 1006 Aegyptiis
432 954 482 991 ad
501 953 697 991 Hebraeos
722 956 914 1004 >migrasse
938 952 1123 990 Herodot.
1142 953 1190 991 ll.
1215 954 1318 993 104.
1338 955 1479 1001 innuit,

35 1018 75 1048 et
92 1011 233 1049 diserte
253 1011 394 1048 Strabo
413 1010 537 1049 XVII.
557 1022 592 1060 p.
616 1013 636 1051 1
649 1012 751 1051 180.
771 1017 809 1046 et
835 1010 967 1047 Celsus
989 1010 1089 1058 apud
1113 1009 1278 1061 Origen.
1297 1009 1325 1046 Ι.
1345 1011 1419 1050 22.
1439 1023 1475 1060 p.

37 1069 143 1108 339.
163 1068 413 1118 profitentur3
443 1079 537 1116 quos
556 1069 796 1117 potissimum
817 1069 897 1104 eius
917 1069 1110 1116 opinionis
1128 1073 1303 1103 auctores
1323 1065 1480 1104 habuis-

36 1136 78 1161 se
99 1124 152 1161 Io.
173 1123 376 1162 Marsham.
395 1122 486 1161 Can.
509 1122 648 1160 Chron.
671 1137 706 1174 p.
729 1124 800 1164 74.
830 1130 869 1160 et
899 1122 952 1160 Io.
980 1121 1161 1171 Spencer.
1181 1122 1209 1159 Ι.
1229 1121 1307 1160 Rit.
1328 1122 1426 1159 Heb.
1443 1136 1477 1160 c.

36 1181 80 1220 4.
100 1193 136 1230 p.
159 1176 241 1222 69.
261 1183 346 1229 quis
367 1186 425 1217 est
445 1183 511 1229 qui
535 1178 713 1231 ignoret?
757 1178 867 1217 Conf.
886 1178 1070 1217 Huetium
1089 1182 1131 1217 in
1152 1179 1311 1230 Origen.
1334 1179 1478 1218 Homil.

36 1237 82 1274 V.
103 1239 146 1274 in
164 1237 297 1274 ierem.
317 1249 353 1286 p.
377 1237 449 1277 85.
480 1236 614 1273 WEss.

150 1295 223 1334 33.
247 1295 318 1334 87.
347 1290 562 1339 Ἀποίκους
591 1289 690 1331 εἶναι
721 1291 911 1342 Σαϊτῶν]
965 1291 1110 1330 Eadem
1141 1291 1379 1343 Theopompi
1405 1294 1480 1332 fuit

35 1351 230 1388 sententia
255 1356 294 1386 et
323 1351 490 1400 plurium
517 1351 702 1396 aliorum,
738 1352 770 1387 si
797 1349 892 1386 fides
922 1349 1105 1387 Africano
1133 1350 1232 1398 apud
1263 1350 1403 1387 Euseb.
1421 1350 1476 1390 X.

36 1407 80 1445 P.
99 1407 144 1444 E.
163 1406 233 1444 XI.
274 1405 333 1443 De
361 1405 606 1456 Theopompo
633 1408 826 1443 consentit
850 1405 1010 1443 Proclus
1038 1409 1079 1444 in
1108 1405 1308 1444 Timaeum
1337 1419 1372 1456 p.
1404 1408 1478 1447 31.

37 1463 105 1502 sed
133 1470 173 1500 et
204 1469 339 1501 contra
368 1476 412 1500 ea
441 1466 634 1500 censuisse
665 1461 936 1500 Callisthenem
976 1470 1014 1499 et
1041 1462 1328 1501 Phanodemum
1358 1463 1480 1501 Athe-

36 1522 230 1558 niensium
259 1521 415 1556 colonos
443 1521 563 1557 fuisse
592 1518 745 1566 Sanus,
773 1517 953 1572 πατέρας
972 1521 1056 1560 τῶν
1076 1518 1241 1559 Eai'vffiv
1264 1518 1478 1573 γενέσθαι·

38 1578 133 1625 quin
152 1576 337 1623 Atticum,
363 1575 602 1613 Platonicum
625 1575 902 1626 philosophum,
928 1576 1163 1625 adfirmasSe,
1193 1575 1480 1627 Theopompum

40 1632 283 1670 obtrectandi
301 1632 427 1669 studio
446 1639 485 1669 et
500 1633 660 1670 libid-ine
684 1636 887 1670 veritatem
917 1635 1154 1682 corrupisse,
1186 1645 1329 1684 suaque
1355 1639 1480 1672 aetate

42 1687 235 1725 Saiterum
272 1690 422 1739 legatos>
456 1687 624 1725 Athenas
662 1692 838 1736 venisse,
873 1696 917 1726 ut
956 1696 1089 1727 vetera
1119 1693 1361 1741 cognationis
1395 1703 1481 1728 cum

41 1744 340 1782 Atheniensibus
368 1747 453 1782 iura
480 1751 722 1782 renovarent.
777 1746 882 1789 Quae
907 1745 1028 1783 Attici
1049 1748 1215 1794 perlevis
1238 1750 1336 1785 ratio
1355 1749 1481 1786 valuit

40 1814 87 1838 ea
104 1806 228 1838 aetate
247 1789 345 1850 apud
364 1802 514 1849 plures,
541 1800 734 1850 habitique
761 1799 890 1839 Saitae
910 1801 1201 1840 Atheniensium
1221 1810 1312 1840 sunt
1330 1805 1481 1852 coloni,

40 1868 158 1907 quare
187 1856 414 1927 Apollonius
443 1855 626 1907 Tyaneus
655 1856 774 1894 Saitis
802 1857 924 1906 Epist.
954 1860 1026 1900 70.
1052 1856 1310 1926 Ἀθηναίων,
1338 1862 1480 1909 inquit,

40 1909 242 1966 ἀπόγονοί
266 1911 374 1952 ἔστε·
416 1915 481 1963 qui
509 1927 594 1951 cum
622 1916 752 1951 statim
789 1914 980 1962 adnectit,
1015 1911 1206 1969 καθάπερ
1240 1914 1282 1954 ἐν
1316 1915 1479 1968 Tanaim

40 1967 224 2010 ,Πλάτων
244 1983 377 2023 φησι,
409 1970 452 2007 id
475 1969 633 2018 quidem
661 1970 864 2007 difficulter
901 1972 1155 2019 persuadebit.
1212 1959 1481 2022 Philosophus,

41 2028 101 2064 uti
124 2032 227 2077 recte
257 2039 305 2062 ex
332 2025 469 2063 Proclo
488 2024 544 2063 Cl.
565 2027 764 2074 Olearius,
801 2027 1093 2065 Atheniensium
1124 2028 1310 2066 duntaxat
1339 2032 1480 2067 amicos

39 2087 82 2120 'et
103 2087 285 2134 cognatos
305 2083 420 2130 facit3
449 2085 557 2120 cuius
577 2090 702 2120 tamen
722 2096 872 2121 omnem
891 2086 1077 2121 orationis
1097 2087 1325 2133 conplexum
1345 2089 1379 2124 si
1399 2093 1481 2124 stu-

40 2139 148 2176 diose
168 2141 378 2186 scruteris,
406 2140 518 2177 facile
549 2140 851 2188 animadvertes,
890 2154 975 2178 eum
1003 2142 1110 2178 litem
1144 2140 1243 2179 hane
1271 2143 1481 2181 secundum

40 2192 177 2233 Saitae
192 2195 355 2235 dedisse.
395 2196 474 2233 vid.
493 2198 573 2233 eius
594 2195 792 2234 Timaeum
821 2211 856 2246 p.
876 2199 951 2238 21.
974 2196 1017 2234 F.
1045 2197 1180 2235 Wnss.

152 2252 231 2291 ’33.
248 2252 328 2292 “89.
363 2250 453 2304 Τὴν
478 2248 596 2291 πόλιν
615 2250 742 2292 Ἄστυ
771 2254 1015 2304 καλεῖσθαι]
1049 2253 1187 2291 Debile
1216 2253 1288 2291 hoc
1307 2260 1346 2292 et
1367 2257 1479 2305 plane

41 2307 259 2357 plumbeum
286 2309 413 2345 visum
441 2314 500 2345 est
529 2308 625 2346 'lan.
653 2308 777 2346 Fabro
808 2312 848 2347 in
877 2309 1033 2347 Lucian.
1062 2309 1214 2350 Timon.
1236 2314 1358 2361 princ.
1378 2320 1416 2350 et
1436 2327 1480 2351 ea

40 2363 197 2414 'quidem
226 2364 272 2401 de
291 2376 446 2419 caussa,
479 2365 579 2414 quod
598 2368 853 2413 antiquissimi
873 2366 1105 2405 Graecorum
1131 2380 1394 2418 quamcunque
1413 2383 1482 2407 ur-

41 2419 130 2456 bem
160 2417 263 2458 δίο-τυ
301 2422 543 2470 appellitent:
583 2424 645 2458 cui
674 2428 713 2458 et
748 2435 818 2474 ego
851 2423 1085 2470 adsentirer,
1115 2426 1191 2462 nisi
1221 2427 1480 2473 ineptissimae

42 2474 387 2514 Grammaticorum
417 2480 692 2528 originationes
720 2479 948 2516 uocabulum
976 2476 1080 2518 ἄστυ
1109 2492 1267 2532 peregre
1295 2484 1338 2518 in
1361 2482 1482 2520 Grae-

46 2533 145 2570 ciam
162 2534 327 2580 venisse,
355 2541 394 2570 et
411 2547 434 2571 a
452 2536 585 2584 primis
606 2533 904 2573 Atheniensibus
922 2535 971 2572 ad
990 2538 1128 2573 unive1
1131 2550 1193 2573 sos
1214 2537 1429 2576 Graeciae·
1419 2553 1481 2577 m-

42 2589 174 2624 colas
181 2596 433 2640 propagatum
461 2591 580 2627 fuisse
617 2598 833 2642 arguerent.
890 2591 949 2629 De
976 2592 1070 2629 urbe
1099 2605 1165 2630 seu
1197 2606 1294 2645 pago
1314 2595 1482 2646 Aegypti

34 2637 164 2682 Λστυ
185 2641 315 2693 Steph.
333 2647 374 2682 in
392 2643 530 2685 Άστυ.
558 2644 608 2683 W
612 2657 692 2684 Ess.

160 2699 233 2739 33
255 2701 328 2740 92.
356 2701 428 2748 Εἰς
446 2701 539 2754 τρία
558 2717 662 2756 pupi]
685 2702 1007 2757 διανεμηθείσῃ]
1045 2703 1103 2742 De
1125 2704 1400 2757 Aegyptiorum
1418 2721 1481 2745 re·-

45 2754 197 2802 publica
223 2757 392 2804 locuples
420 2761 530 2795 testis
558 2759 713 2797 Isoclat.
741 2759 858 2798 lhaud
885 2759 1051 2798 Busirid.
1073 2775 1108 2810 p.
1132 2763 1157 2801 3
1163 2765 1236 2802 28.
1258 2769 1297 2798 et
1315 2763 1467 2801 Nost.c

50 2811 120 2849 73.
143 2812 214 2851 74.
239 2810 532 2851 Atheniensium
559 2828 651 2853 vexo
685 2817 883 2854 confusam
910 2823 997 2854 ante
1024 2818 1307 2856 multitudinem
1336 2821 1377 2857 in
1406 2823 1480 2859 tria
