1828 3253
287 44 380 85 608
746 39 1255 81 ANNOTATIONES

286 156 372 194 erit.
411 153 546 192 Wssss.
576 149 683 194 εΥπὸ
713 156 797 195 τῶν
828 151 1036 209 προξένων
1065 154 1243 208 Scaliger
1271 162 1310 193 et
1337 155 1387 193 Is.
1416 155 1589 195 Vossius.
1625 156 1733 196 Imm

285 215 331 250 in
357 212 452 249 Add.
677 259 698 265 ω

403 268 506 307 517.
531 266 604 307 31.
635 266 761 307 Οὗτοι
785 265 829 306 δὲ
855 264 1115 320 φοβηθέντες
1134 265 1210 319 τὴν
1230 265 1432 319 τιμωρίαν
1452 267 1542 319 etc.]
1562 268 1734 307 Nimiam

286 327 329 363 in
349 324 409 361 his
431 324 659 360 brevitatem
689 331 841 360 secutus
880 325 1034 360 foedum
1066 325 1266 361 seditionis
1285 327 1429 360 exitum
1451 338 1570 374 paene
1591 327 1735 362 transi-

288 384 370 418 liit:
410 379 524 416 habet
555 381 684 428 aliqua
711 380 753 416 L.
774 377 862 416 XV.
882 381 956 419 49.
997 387 1037 416 at
1066 387 1250 429 quantum
1269 394 1313 418 ea
1335 381 1474 417 absunt
1493 382 1539 418 ab
1559 381 1733 418 ubertate

288 436 544 486 Thucydidea
567 435 609 472 L.
631 435 699 474 111.
727 438 798 475 72.
828 434 927 476 etos}
969 436 1102 473 WVESS.

404 492 508 531 517.
541 492 615 531 34.
657 487 949 542 Εὐθυδήμου]
991 492 1037 529 In
1059 491 1280 530 Didascalia
1300 491 1567 541 Aristophanis
1587 491 1734 530 Achar-

285 549 464 587 nensium
494 546 557 586 ἒπὶ
587 545 859 598 Εὐθυμένους
890 544 1108 600 ἄρχοντος,
1147 561 1275 598 prave.
1310 548 1438 586 Sci-ibi
1461 550 1644 586 debuerat
1670 546 1729 587 ἐπ’

285 600 562 655 Εὐθυδήμου,
585 616 659 652 quo
683 603 875 640 Archonte
898 618 979 641 eam
1001 605 1169 642 fabulam
1190 609 1299 654 potita
1321 605 1464 653 docuit,
1487 608 1602 642 sicuti
1624 618 1733 656 egre-

286 665 350 714 gie
372 661 551 710 patefecit
576 659 616 696 S.
641 659 790 696 Petitus
812 659 976 699 Miscell.
998 660 1041 699 L.
1066 661 1094 697 l.
1116 662 1158 700 4.
1191 661 1326 698 ἎῙΕΒΒ.

401 718 504 756 517.
527 718 598 756 36.
632 712 814 767 ΖΠάρκον
840 716 1060 767 Φαλιίἰον]
1093 716 1227 754 Scribe
1252 713 1432 756 Φόσλιον
1459 716 1527 756 καὶ
1546 717 1609 756 Λ.
1631 714 1733 769 Σέρ-

284 788 386 827 γιον.
429 772 553 809 Foslii
585 779 880 823 cognomentum
909 774 983 809 fuit
1013 771 1288 810 Flaccinalor.
1328 773 1417 810 Ideo
1443 773 1691 812 (Βλακκίνιον
1710 786 1734 810 a.

285 830 460 869 Diodoro
479 829 579 865 forte
601 831 785 876 scriptum
802 829 887 865 fuit.
919 828 1057 868 RHOD.
1099 829 1277 867 Errorem
1297 830 1541 867 librariorum
1561 827 1734 866 animad—

284 889 405 925 vertit
436 884 549 935 Pigh.
580 887 622 922 in
651 883 754 921 Fast.
785 885 834 921 ad
865 897 952 922 ann.
983 895 1130 925 cccxx.
1178 886 1275 922 Vide
1306 885 1462 923 Livium
1490 886 1532 922 L.
1562 885 1627 922 1V.
1657 885 1732 925 25.

282 942 422 981 wass.

400 998 504 1037 518.
526 992 613 1046 [41.
650 990 802 1042 ‘Inuerg
839 995 1131 1049 τετρακοσίους
1162 994 1265 1050 etc.]
1309 997 1558 1049 Thucydides
1579 997 1733 1034 dissen-

283 1058 332 1094 tit
351 1054 394 1092 L.
414 1053 479 1090 111.
504 1055 599 1100 87.,
631 1065 741 1102 quem
774 1056 807 1090 si
837 1055 1099 1100 consulueris,
1128 1056 1230 1091 luem
1259 1055 1359 1092 haud
1388 1068 1544 1104 prorsus
1564 1066 1733 1090 cessasse

283 1110 545 1161 superioribus
575 1111 688 1145 annis
720 1112 939 1159 perspicies.
980 1109 1037 1146 De
1058 1113 1203 1148 caussis
1221 1112 1526 1148 recrudescentis
1549 1111 1733 1160 pestilen-

282 1170 361 1205 tiae
384 1180 462 1204 non
483 1167 581 1202 male
601 1164 817 1213 Diodorus,
855 1167 917 1203 cui
940 1165 1214 1216 Hippocratem
1237 1168 1405 1218 adiunge
1426 1170 1469 1205 de
1491 1168 1578 1204 Aer.
1598 1166 1669 1214 Aq.
1691 1171 1731 1202 et

284 1224 375 1262 Loc.
397 1236 433 1272 p.
459 1224 566 1262 287.
598 1221 732 1259 WVESS.

401 1282 504 1319 518.
535 1279 609 1318 64.
638 1274 860 1330 ’Έῤῥιπτον
891 1271 1064 1324 ἑαυτοὺς
1099 1278 1154 1327 εἷς
1183 1277 1235 1319 τὰ
1269 1276 1454 1333 φρέατα]
1484 1278 1663 1317 Sumtum
1681 1289 1732 1316 ex

286 1335 466 1386 Thucyd.
487 1334 533 1370 ll·
557 1335 631 1374 49.
653 1347 672 1370 e
692 1346 765 1382 quo
788 1341 824 1370 et
844 1334 1066 1372 Lucretius:
1688 1330 1691 1335 ¹

453 1391 503 1429 In
515 1391 666 1440 flavios
678 1393 834 1441 partim
857 1392 1011 1440 gelidos
1036 1393 1225 1429 ardentia
1247 1391 1379 1429 morbo

451 1446 631 1485 Membra
655 1447 817 1493 dabant,
841 1449 985 1484 nudum
1007 1450 1199 1485 iacientes
1219 1461 1362 1499 corpus
1385 1451 1424 1486 in
1443 1448 1594 1486 undas:

450 1503 573 1540 IlIzcltz’
585 1505 837 1554 praecipites
859 1504 1024 1555 lymphis
1034 1506 1268 1556 putealibus
1284 1507 1366 1543 alte

452 1559 692 1597 Inciderzmt
710 1566 781 1595 etc.

282 1628 380 1666 quae
400 1616 687 1666 elegantissima
708 1622 878 1652 extremo
894 1616 1034 1654 Poetae
1055 1616 1097 1653 L.
1120 1616 1186 1655 VI.
1210 1619 1287 1667 legi
1307 1623 1498 1666 poterunt.
1527 1614 1669 1654 VVESS.

398 1672 502 1712 518.
536 1673 608 1712 69.
651 1669 740 1722 Τὴν
769 1674 895 1722 ’νῆσον
926 1673 1097 1724 Δῆλον]
1135 1673 1311 1710 Arbitror
1330 1681 1558 1723 postremam
1580 1684 1727 1719 vocem,

283 1741 370 1766 cum
391 1729 436 1764 ab
457 1729 611 1778 optimis
632 1728 741 1764 libris
761 1730 1003 1779 negligatur,
1040 1729 1190 1766 librarii
1210 1733 1422 1766 auctarium
1444 1740 1545 1766 esse:
1587 1728 1728 1765 Delum

284 1786 468 1835 intelligi,
497 1785 694 1833 sequentia
717 1785 926 1821 ostendunt
944 1788 1196 1833 apertissime.
1233 1784 1312 1823 Nec
1335 1787 1423 1822 sede
1443 1793 1571 1822 tamen
1592 1786 1726 1832 deieci,

282 1841 383 1892 quod
405 1855 486 1877 eam
507 1843 605 1877 tueri
627 1840 902 1889 quodammodo
923 1855 1033 1890 posse
1056 1843 1243 1879 videatur.
1280 1843 1418 1879 VVESS.

401 1899 504 1937 518.
537 1898 608 1936 73.
645 1896 718 1941 Εἷς
748 1893 824 1947 τὴν
848 1890 1053 1948 ‘Pajwmq
1094 1898 1152 1935 lta
1172 1899 1392 1947 plerumque
1419 1900 1567 1935 insulae
1587 1908 1728 1933 nomen

283 1954 451 1991 scribere
473 1954 621 1999 solent,
650 1951 911 2002 Thucydides,
932 1952 1144 2003 Dionysius
1167 1953 1542 2000 Halicarnassensis‚
1573 1952 1727 1999 Strabo,

283 2011 488 2055 Aelianus,
515 2010 692 2046 advocati
711 2009 757 2044 ab
782 2008 960 2045 Holsten.
985 2010 1030 2046 ad
1053 2008 1236 2058 Stephan.
1258 2013 1297 2047 in
1320 2021 1357 2047 v,
1384 2010 1491 2046 Adde
1511 2012 1727 2059 elegantem

285 2066 441 2116 Sopatri
472 2067 597 2102 locum
630 2077 677 2101 ex
707 2064 905 2101 Conment.
941 2068 980 2101 in
1013 2065 1314 2116 Hermogenem,
1352 2068 1586 2114 exscriptum
1613 2068 1652 2101 in
1677 2065 1726 2101 Is.

283 2121 442 2159 Casaub.
463 2121 667 2159 Animadv.
692 2120 830 2158 Athen.
847 2120 901 2158 X.
927 2123 968 2161 6.
988 2121 1033 2158 In
1053 2121 1249 2159 Plutarchi
1271 2123 1355 2159 Nic.
1378 2135 1413 2171 p.
1437 2123 1540 2162 525.
1561 2122 1606 2158 A.
1626 2123 1727 2158 scri-

282 2179 386 2215 bitur
403 2173 556 2228 ίΡηνιά,
582 2178 647 2213 sed
670 2183 804 2214 contra
825 2191 940 2215 manu
960 2186 1202 2215 exaratorum
1226 2178 1344 2215 Codd.
1362 2179 1556 2215 iudicium.
1585 2178 1725 2216 XVESS.

397 2235 499 2273 518·
528 2236 598 2273 76-
634 2230 722 2284 Τὴν
749 2235 833 2272 τῶν
852 2233 1047 2285 Δηλίων]
1080 2235 1174 2271 Vide
1199 2234 1416 2285 Thucydid.
1440 2235 1501 2271 111.
1518 2236 1644 2282 104,
1666 2240 1726 2271 at·-

283 2302 355 2338 que
385 2292 574 2326 excitatos
605 2290 659 2326 ibi
689 2302 711 2326 a
739 2292 836 2326 viris
868 2291 1100 2327 doctissimis
1124 2294 1339 2340 scriptores,
1384 2291 1493 2335 Quod
1518 2304 1609 2328 vero
1631 2291 1726 2328 haec

280 2346 487 2396 praecedit,
518 2359 566 2382 ne
588 2347 653 2382 cui
673 2358 818 2393 parere,
839 2354 906 2383 aut
926 2349 1036 2393 mori,
1060 2354 1126 2383 aut
1146 2348 1298 2396 sepeliri
1319 2350 1421 2384 intra
1440 2347 1577 2383 Delum
1598 2349 1725 2394 liceat,

282 2404 420 2439 similis
443 2403 663 2450 superstitio
684 2404 725 2437 in
736 2401 953 2452 Aesculapii
970 2403 1068 2452 apud
1080 2403 1309 2450 Epidaurios
1328 2405 1414 2440 luco
1436 2404 1603 2450 vetabat,
1623 2403 1724 2441 Pau-

284 2461 392 2496 sania
414 2465 510 2494 teste
532 2457 574 2493 L.
595 2457 640 2494 11.
664 2459 737 2497 27.
767 2458 902 2497 Wssss.

397 2516 499 2553 519.
522 2516 592 2553 88.
618 2515 802 2565 Ποιῆσαι
823 2514 868 2553 δὲ
890 2516 1016 2566 νῆσον
1041 2533 1088 2541 -—
1104 2510 1385 2567 Ἀταλάντην]
1417 2514 1496 2552 Imo
1519 2528 1611 2554 vero
1632 2522 1721 2553 ante

280 2570 350 2607 hos
373 2577 495 2606 terrae
517 2576 703 2606 tremores
727 2569 906 2607 Atalante
930 2572 1057 2607 insula
1075 2572 1171 2617 fuit,
1214 2579 1257 2608 ut
1284 2564 1399 2621 supra
1423 2586 1455 2609 c.
1477 2572 1551 2611 44.
1571 2572 1722 2623 signifi-

281 2629 396 2663 cavit.
426 2625 520 2662 Cum
540 2629 704 2663 maxime
724 2638 906 2674 aquarum
926 2628 993 2663 illa
1012 2628 1263 2663 inundatione
1283 2629 1361 2664 fuit
1384 2630 1597 2676 superfusa,
1619 2628 1720 2677 quod

280 2681 503 2732 Thucydidi
522 2681 587 2718 111.
612 2684 683 2723 89.
710 2682 876 2729 docenti,
900 2684 1017 2719 sicuti
1035 2690 1074 2719 ct
1094 2680 1328 2721 Philostrato
1347 2683 1500 2722 Heroic.
1521 2683 1632 2721 XIX.
1648 2685 1719 2725 15.
