1828 3253
283 171 383 214 714
618 183 622 185 ⁴
732 166 1252 211 -ANNOTATIONES

396 283 503 325 633·
530 283 576 322 2.
612 276 918 334 ‘Osscoavpcadbv
942 278 1248 351 ἀφίππευσαν]
1286 282 1332 320 In
1361 288 1442 320 not.
1475 296 1630 322 suarum
1650 284 1728 322 Ad-

283 339 397 378 dend.
419 341 582 391 corrigit
601 337 902 376 Rhodomannus
931 335 1256 392 ἀφιππευουσιν,
1283 341 1414 376 nescio
1441 341 1530 388 quid
1553 348 1726 378 secutus:

284 398 404 435 verbo
432 399 536 453 enim
561 395 659 434 nihil
681 399 807 442 inest,
835 408 903 432 cur
928 395 1131 443 displicere
1159 396 1306 433 debeat.
1343 395 1510 434 Habebis
1540 396 1655 442 τέλος
1685 395 1730 436 δὲ

284 450 450 493 Σκύθαι
475 474 524 483 *-
546 450 812 506 ἀφίππευσαν
839 448 944 505 πρὸς
976 449 1074 499 τοὺς
1099 452 1189 506 περὶ
1219 449 1292 491 τὸν
1309 452 1508 501 Μαζαῖον
1538 452 1730 493 L.XV11‚

290 513 364 552 59.
394 510 444 548 W
449 521 535 548 Ess.

398 579 506 619 633.
533 579 575 617 7
606 572 729 616 Ουτω
749 572 943 615 διέθεσαν
970 576 1127 622 κακῶς]
1161 575 1267 612 Adeo
1292 576 1451 613 barbare
1472 583 1510 614 et
1529 577 1735 614 crudeliter

286 637 438 674 mulieri
459 636 718 679 insultarunt,
746 639 789 669 ut
806 633 1025 670 voluntaria
1045 632 1133 668 dein
1153 640 1274 669 morte
1297 635 1465 683 perierit.
1495 631 1646 678 Δεινὰς
1665 631 1734 671 καὶ

285 705 560 757 παρανομους
576 687 713 739 ύρρεις
735 688 790 735 εἷς
812 686 858 727 τὸ
882 691 1004 739 σῶμα
1033 684 1319 741 καθυβρισαν,
1350 687 1412 742 ἐφ’
1438 685 1503 736 αἶς
1522 685 1734 742 ποοήκατο

285 746 360 788 τὸν
387 747 481 799 βιον
512 743 708 792 ἑκουσίως
745 744 976 782 Plutarchus
1005 747 1130 796 inquit
1156 747 1197 781 in
1227 744 1343 783 Dion.
1368 758 1405 794 p.
1428 747 1535 786 959.
1559 746 1602 783 A.
1641 744 1735 782 Mox

286 805 438 842 dubites
473 811 600 841 utrum
634 801 750 852 ν’ῗομι,
754 817 799 840 οι
804 816 854 841 τα
892 815 942 838 an
976 800 1209 851 νομίζοντες
1247 803 1543 852 praeoptandam
1580 803 1651 840 sit·
1701 803 1737 839 si

286 863 497 911 posterius,
528 867 570 896 ut
602 861 735 908 scripti
761 859 852 896 libri
886 858 1068 895 videntur
1096 858 1250 904 iubere,
1287 861 1477 895 sententia
1505 860 1603 905 erit,
1644 871 1736 895 cen-

287 921 410 956 suisse
440 918 611 965 equites,
645 917 780 953 uxoris
813 916 970 965 tyranni
999 914 1286 952 divexationem
1319 921 1357 951 et
1388 916 1618 964 supplicium
1649 915 1738 952 fidei

280 975 525 1012 artissimum
555 976 657 1012 inter
695 984 735 1010 se
763 972 936 1010 futurum
964 971 1014 1008 ad
1047 972 1211 1008 consilia
1237 971 1493 1021 perpetranda
1524 972 1736 1009 vinculum.

285 1031 422 1071 wass.

399 1086 505 1128 634.
540 1086 611 1126 16.
655 1082 706 1123 Et
731 1100 789 1137 μη
814 1084 979 1135 πειθοῖ]
1026 1083 1248 1134 Legendum
1274 1084 1444 1121 arbitror
1463 1079 1631 1132 κεύθοι,
1661 1084 1741 1122 nisi

283 1145 400 1181 alicui
426 1141 592 1195 σπέοχοι
615 1139 939 1190 placeat.Ru01›.
974 1136 1133 1180 Κευθοι
1154 1139 1455 1178 Rhodomannus
1476 1143 1653 1178 versione
1672 1153 1741 1177 sua

286 1203 488 1249 expressit.
525 1198 609 1249 Ego
630 1211 798 1237 σπευσοι
825 1199 946 1236 fuisse
966 1201 1124 1246 opinor,
1155 1197 1255 1246 quod
1283 1205 1321 1234 et
1353 1211 1376 1234 a
1406 1210 1525 1247 pravo
1551 1197 1739 1234 vocabulo

285 1259 445 1311 propius
466 1256 596 1301 abest,
627 1263 665 1292 et
683 1256 739 1292 rei
761 1262 891 1305 gestae
915 1254 1139 1303 respondet.
1167 1256 1210 1292 in
1233 1257 1315 1292 eius
1336 1255 1441 1292 enim
1465 1253 1655 1305 gerendae
1677 1266 1741 1290 ce·-

286 1317 441 1354 leritate
461 1325 550 1363 spes
569 1315 693 1349 omnis
719 1318 803 1348 erat
824 1317 1007 1361 tyranno.
1037 1311 1178 1348 WVEss.

401 1381 508 1422 634.
536 1381 613 1420 29.
638 1371 703 1418 ἷΩι
719 1381 909 1432 χρῆσθαι
931 1375 1193 1431 νομίζουσιν]
1226 1376 1272 1417 In
1288 1391 1361 1415 usu
1387 1378 1465 1414 illis
1485 1383 1524 1414 et
1543 1390 1648 1414 more
1669 1383 1739 1414 est.

286 1438 490 1489 Euripides
522 1436 675 1475 Hellen.
710 1449 748 1473 v-
781 1438 915 1476 1031.
961 1433 1081 1474 'Am’
1116 1432 1163 1473 οὗ
1195 1433 1371 1485 νομίζειν
1408 1448 1596 1487 ᾳνσομεν
1630 1431 1738 1472 καθ’

281 1492 461 1536 Ἑλλάδα
485 1492 637 1547 Χέρσω
667 1487 886 1531 καλύπτειν
909 1489 1006 1537 τοὺς
1029 1486 1240 1537 θαιοντας
1269 1489 1479 1538 ἐναλίους,
1512 1492 1537 1528 i.
1562 1503 1594 1526 e.
1618 1502 1744 1539 nega-

287 1553 411 1590 bimus
431 1564 517 1589 eam
537 1563 624 1588 esse
648 1551 689 1586 in
710 1550 889 1587 Gmeoia
910 1549 1229 1586 consuetudinem
1245 1554 1317 1583 etc.
1347 1546 1473 1595 Atque
1493 1548 1547 1583 ita
1566 1547 1636 1583 alii
1659 1559 1743 1583 sae-

287 1611 386 1660 pius,
428 1608 519 1645 Mox
543 1605 682 1652 κονίας
711 1601 908 1644 σύιθεσιι
939 1603 1272 1641 Rhodomannus·
1263 1617 1303 1641 ιη
1332 1611 1411 1640 not.
1433 1603 1616 1641 Auctario
1635 1603 1744 1653 legit,

286 1668 394 1705 nulla
414 1666 519 1702 iusta
539 1676 666 1700 eausa.
703 1662 793 1699 Non
814 1662 967 1699 videtur
982 1663 1044 1698 vir
1065 1661 1200 1698 doctus
1223 1673 1353 1697 eorum
1369 1659 1615 1706 recordatus,
1645 1671 1743 1708 quae

286 1722 494 1762 Vitruvius
525 1719 671 1757 L.V11.
694 1720 737 1758 3.
772 1724 1040 1755 conmentntus
1061 1724 1121 1753 est
1144 1717 1189 1755 de
1212 1716 1362 1753 Graeca
1382 1723 1421 1752 et
1445 1717 1607 1764 palustri
1626 1729 1745 1753 arun-

286 1780 400 1825 dine,
439 1778 596 1826 eiusque
635 1778 676 1813 in
706 1777 879 1812 tectoriis
909 1774 1095 1811 ducendis
1128 1781 1165 1810 et
1194 1772 1423 1824 colligandis
1454 1786 1525 1809 usu
1555 1773 1744 1809 sollemni.

285 1836 402 1874 Verte
421 1848 533 1885 ervo,
558 1832 697 1883 quibus
714 1833 769 1871 ad
796 1833 958 1870 teocam
980 1833 1114 1883 operis
1138 1831 1398 1880 alligationes
1415 1828 1668 1879 Syracusani
1686 1826 1749 1866 uti

288 1897 591 1932 consuevetant.
620 1889 669 1926 Vl
674 1900 755 1927 uss.

401 1960 506 2001 634.
534 1958 608 1998 40.
644 1956 728 1997 Kal
748 1957 832 1995 τῶν
853 1952 903 1994 ἀλ
906 1953 1080 2007 λοτρίως
1106 1955 1156 2007 τῆ
1178 1948 1256 1993 πό)
1262 1969 1292 1993 ει
1314 1949 1607 2004 διακειμένων]
1639 1954 1746 1990 Inter

287 2014 515 2069 ἆλλοτρίως
536 2021 574 2051 et
600 2015 650 2066 τῆ
672 2009 787 2052 πόλει
808 2013 948 2050 infarci
968 2013 1290 2062 praepositionem
1310 2009 1362 2048 ἕν.
1392 2009 1531 2046 ΒΗοι).
1588 2008 1746 2046 Rhodo„

286 2087 429 2113 manno
448 2073 659 2117 assentior,
686 2071 841 2107 tametsi
860 2081 938 2107 non
960 2070 1148 2120 ignorem,
1171 2079 1266 2116 quae
1289 2067 1363 2104 Iac.
1384 2065 1557 2103 Gronov.
1577 2066 1626 2103 ad
1654 2065 1745 2103 Ste-

288 2130 457 2183 phanum
484 2129 526 2165 in
554 2141 649 2165 voce
672 2123 795 2177 ’Άβαι
828 2133 942 2174 atque
978 2128 1020 2162 in
1048 2122 1362 2161 Herodot.L.1.
1392 2124 1465 2162 96.
1496 2123 1541 2158 de
1570 2123 1746 2160 absentia

289 2187 404 2225 huius
425 2186 587 2224 voculae
608 2183 852 2221 observavit:
881 2182 1054 2231 exempla
1085 2180 1172 2218 huic
1199 2182 1284 2217 loco
1312 2181 1469 2216 minime
1497 2186 1588 2216 sunt
1606 2191 1746 2228 oppor-

288 2252 408 2290 tuna,
437 2249 480 2279 ut
500 2243 602 2278 enim
625 2253 728 2276 nunc
747 2238 880 2286 habet,
907 2251 971 2275 eos
995 2239 1155 2284 innuet,
1179 2239 1244 2286 qui
1264 2237 1388 2273 male
1380 2249 1420 2272 ιιι
1441 2238 1640 2273 civitatem
1660 2237 1747 2273 ani·

288 2302 384 2339 mati
401 2306 530 2335 erant:
561 2308 657 2345 quae
680 2298 874 2334 sententia
893 2309 915 2332 a
934 2301 1061 2332 mente
1078 2295 1278 2343 scriptoris
1297 2292 1454 2331 recedit
1489 2292 1629 2332 XVESS.

405 2366 511 2406 634.
540 2366 616 2406 44.
656 2361 746 2416 Την
774 2366 848 2402 νῦν
877 2360 1133 2414 καλουμένην
1160 2357 1449 2412 'A19a‹512¹r]1']
1489 2359 1746 2408 Deliquerunt

287 2427 330 2463 in
353 2425 490 2461 ultima
519 2435 614 2460 voce
639 2423 812 2473 graviter
840 2432 1104 2457 amanuenses.
1155 2417 1373 2468 Scripserat
1404 2424 1539 2454 auctor
1570 2414 1745 2467 Αἴτνην

290 2480 422 2519 Testis
449 2481 528 2530 ipse
556 2489 635 2526 seq.
660 2478 752 2514 libri
783 2491 818 2516 c.
843 2479 883 2517 7.
910 2474 1241 2527 μετεπέμποντο,
1268 2475 1466 2522 inquiens,
1489 2470 1588 2519 τοὺς
1606 2471 1649 2511 ἐκ
1671 2474 1744 2524 τῆς

288 2538 407 2578 ΑΙΤ
404 2532 563 2576 NH...‘
552 2538 699 2580 ιππεΐς.
727 2524 840 2574 οὗτοι
869 2531 947 2599 2120
969 2531 1010 2571 ἓν
1032 2530 1137 2584 ἀρχῆ
1166 2534 1241 2581 τῆς
1260 2529 1503 2579 τυραννίὸος
1536 2528 1746 2568 ἐκπεπτω-

290 2590 407 2640 κότες
433 2589 566 2647 ᾤκουν
585 2593 709 2630 τοῦτο
735 2587 783 2629 τὸ
815 2604 1030 2642 φρουοιον.
1074 2588 1178 2626 Adde
1196 2601 1228 2624 c.
1255 2588 1344 2635 58..
1365 2600 1385 2624 e
1404 2598 1479 2635 quo
1501 2599 1593 2625 vero
1615 2586 1746 2623 verius

291 2665 376 2691 esse
393 2650 456 2696 id,
482 2647 583 2698 quod
608 2648 762 2693 censui,
787 2647 950 2684 videbis.
980 2645 1114 2682 VVEss.

406 2717 513 2758 634
548 2716 624 2756 48
678 2715 752 2760 Εἷς
782 2712 1041 2760 Λεοντίνοις
1076 2706 1406 2764 ἀπηλλαγησαν]
1455 2710 1532 2760 Ipsi
1561 2707 1745 2745 Leontini

292 2776 403 2813 brevi
426 2781 533 2824 post,
562 2773 778 2809 secessione
809 2784 832 2808 a
852 2770 1110 2820 Syracusanis
1137 2770 1261 2815 facta,
1289 2768 1429 2805 iisdem
1457 2779 1539 2803 sese
1569 2768 1743 2810 iunxere,

295 2831 462 2869 foederis
479 2829 595 2868 credo
615 2830 837 2874 occasione,
865 2827 967 2875 quod
983 2826 1216 2876 Dionysium
1233 2827 1337 2862 inter
1355 2830 1393 2861 et
1408 2822 1743 2873 Carthaginienses
