1828 3253
406 175 470 226 IN
501 173 612 214 LIB.
640 173 726 214 111.
760 172 885 214 CAP.
915 175 990 215 44.
1011 176 1087 216 45.
1394 181 1487 222 275

45 289 117 326 etsi
135 289 242 326 nullo
262 301 331 326 suo
350 289 500 335 merito,
527 285 665 324 mendo
690 287 813 324 obsita
832 285 881 324 H.
901 286 1055 324 Valesio
1074 287 1116 324 L.
1136 288 1184 326 ΙΙ.
1206 289 1366 329 Emend.
1384 294 1484 341 26.;

45 345 146 392 quod
166 352 339 394 portuum
366 345 440 382 (luo
471 345 617 381 fuerint
635 356 798 395 genera,
826 356 986 392 quorum
1011 345 1079 380 alii
1099 346 1294 394 κλειστοὶ,
1326 349 1391 397 qui
1415 363 1482 387 ca-

43 407 132 438 tena
152 402 276 438 ferrea
306 400 431 438 claudi
451 407 648 449 poterant,
679 401 746 437 alii
773 397 998 446 ἄκλειστοι,
1027 403 1172 451 aperti.
1218 401 1303 440 Hoc
1333 405 1483 444 liberali

42 470 158 493 manu
193 457 324 494 damus
356 460 442 494 viro
471 458 646 507 egregio:
687 469 758 492 nec
786 456 1021 493 admittimus
1057 463 1205 504 tamen,
1243 465 1286 494 ut
1314 457 1482 508 λιμένας

43 510 280 559 ἀκλὲίστονς
301 520 498 562 propterea
518 514 714 561 scripserit
736 511 833 559 Dio,
860 524 954 560 quos
976 518 1109 561 portus
1129 514 1212 550 eius
1233 517 1355 552 oratio
1379 517 1480 554 ferre

41 570 149 606 nullo
174 575 298 618 potest
318 566 441 606 modo.
474 564 696 608 ΪΆκλειστοι
727 570 808 605 sive
839 570 975 620 aperti
1001 567 1181 605 fluctibus
1212 576 1250 606 et
1275 577 1480 611 ventorum

41 625 235 663 furoribus
271 627 438 674 expositi
470 631 508 662 et
544 637 626 661 esse
659 630 838 673 poterant
877 631 915 661 et
943 636 1214 673 saepenumero
1247 633 1378 664 erant:
1420 628 1479 666 his

39 680 205 730 prudens
227 682 480 731 gubernator,
508 683 617 719 venti
637 681 941 719 vehementiores
970 683 1003 718 si
1023 689 1320 731 consurgerent,
1348 687 1479 723 navim

38 749 115 773 non
135 736 316 774 crederet.
356 745 489 774 contra
518 732 710 776 ἄκλυστοι
740 739 935 774 inmunem
966 739 1256 785 tempestatibus
1288 746 1325 776 et
1354 746 1479 779 tutam

38 795 261 839 stationem,
291 792 391 843 quod
423 800 553 830 orator
581 795 688 841 vult,
727 794 996 844 praestabant,
1030 795 1202 843 marique
1232 796 1383 833 iactatis
1412 810 1479 846 per

37 855 146 893 erant
169 850 360 886 conmodi.
400 848 535 889 wass.

148 905 254 944 212-
286 907 357 946 86.
385 901 794 960 Προσαγορεῑόμὲνῳ
819 902 862 944 δὲ
885 898 1099 957 Κώθωνι]
1152 905 1300 944 Cothon
1324 907 1476 959 origine

38 973 108 997 sua
127 968 277 1008 portum
296 975 411 999 manu
431 969 469 999 et
488 970 569 999 arte
589 963 734 998 sactum
755 969 884 1008 notat3
910 968 1023 1010 atque
1043 963 1231 999 eiusmodi
1251 962 1478 1016 Carthagini

37 1023 144 1063 erat,
173 1019 325 1068 egregie
349 1019 560 1066 descriptus
581 1018 627 1055 ab
645 1018 818 1067 Appiano
839 1019 973 1055 Punic.
994 1031 1029 1066 p.
1045 1019 1146 1057 129.
1168 1025 1206 1054 et
1226 1018 1267 1055 S.
1287 1017 1475 1059 Bocharto

37 1071 66 1108 Ι.
98 1070 264 1113 Canaan.
295 1075 370 1114 24.
409 1075 570 1111 Videtur
602 1081 728 1111 autem
762 1072 955 1111 Diodorus
989 1073 1236 1125 Carthaginis
1266 1073 1476 1116 Cothoncm

35 1129 189 1167 uberius
210 1129 423 1168 declarasse
443 1130 485 1168 L.
508 1129 698 1180 XXXII„
730 1131 846 1168 sicuti
874 1131 1057 1179 reliquiae
1075 1132 1157 1167 eius
1178 1133 1345 1168 innuunt
1373 1134 1475 1171 libri.

35 1184 170 1222 Wssss.

145 1243 250 1282 212.
281 1240 355 1281 93.
392 1239 466 1287 Εἷς
488 1236 677 1294 πετρώδη
695 1237 883 1292 μαστὸν]
925 1242 1054 1279 Simili
1071 1243 1323 1280 translatione
1344 1240 1473 1297 πέτρα

33 1295 282 1350 μαστοειδὴς
317 1298 358 1335 L.
389 1298 516 1336 XVII.
549 1299 620 1338 75.
672 1295 855 1344 ΖΙῙαοτός
893 1311 1003 1346 saepe
1033 1298 1143 1335 collis
1176 1306 1234 1335 est
1267 1301 1472 1339 clementer

33 1367 239 1405 assurgens
268 1360 307 1391 ex
325 1368 525 1392 mammam
557 1353 721 1404 quodam
745 1355 857 1391 modo
880 1356 1064 1391 referens.
1104 1353 1238 1404 Polyb.
1260 1355 1287 1392 I.
1323 1357 1393 1397 56.
1424 1358 1470 1394 de

31 1411 117 1447 loco
145 1409 308 1461 quodam
337 1417 541 1460 praerupto
571 1411 803 1448 Panormum
831 1410 932 1447 inter
961 1417 999 1447 et
1021 1410 1208 1461 Erycem,
1255 1408 1332 1461 ἴχέι
1362 1410 1395 1451 δ’
1428 1412 1470 1452 ἓν

32 1463 145 1521 αὐτῷ
170 1465 235 1505 καὶ
255 1463 429 1517 μαστόν.
465 1467 567 1504 Hinc
595 1466 731 1504 Battus
752 1466 961 1517 Cyrenem,
990 1469 1145 1515 quaein
1174 1475 1302 1504 monte
1331 1471 1470 1507 acclivi

31 1530 113 1559 erat
144 1525 289 1572 posita,
322 1521 385 1561 ἐπὶ
415 1517 548 1591 λόφου
580 1522 876 1574 μαστοειὸοὗς,
911 1530 955 1560 ut
982 1527 1037 1560 ait
1063 1523 1286 1572 Hierocles,
1327 1524 1470 1563 dicitur

31 1576 248 1616 condidisse
277 1576 319 1616 ἐν
346 1576 569 1631 ἇργινοεντι
596 1581 744 1634 μαστῷ
774 1580 943 1617 Pindaro
963 1579 1075 1630 Pyth.
1106 1577 1178 1618 Od.
1211 1580 1275 1616 IV.
1313 1581 1398 1629 14„
1431 1588 1470 1618 et

31 1634 197 1682 Eresos,
243 1634 333 1672 colli
370 1636 418 1672 ad
454 1649 556 1673 mare
587 1636 765 1686 vergenti
804 1638 970 1683 inposita
1006 1636 1105 1685 apud
1144 1635 1324 1674 Strabon.
1358 1637 1466 1674 XIII.

31 1702 68 1740 p.
93 1693 197 1732 918.
231 1689 294 1739 C.‚
335 1689 582 1728 Archestrato
610 1689 774 1743 Ἐρέσου
807 1687 1039 1744 ’περικῦμων
1069 1689 1230 1742 μαστὸς
1258 1692 1298 1729 in
1328 1693 1466 1730 Athen.

28 1748 73 1787 L.
106 1747 171 1784 Ill.
202 1748 275 1787 28-
303 1760 339 1796 p.
363 1749 465 1787 lll.
517 1748 742 1797 Opportune
772 1761 865 1785 vero
898 1746 1085 1797 Synesius
1116 1748 1161 1784 de
1190 1749 1310 1795 colle,
1350 1752 1416 1797 qui
1447 1761 1468 1787 e

28 1809 204 1853 porrecto
223 1810 353 1840 monte
375 1806 497 1840 instar
515 1806 612 1841 alius
635 1806 774 1841 montis
793 1805 840 1840 ad
860 1817 1041 1840 mammae
1061 1804 1222 1840 formam
1243 1806 1467 1853 excellebat,

26 1860 116 1914 περὶ
146 1856 218 1898 τὸν
244 1855 399 1910 ὄχθον,
435 1862 581 1909 inquit,
619 1857 665 1906 ὃς
693 1859 755 1898 ἐπὶ
783 1862 856 1899 τοῦ
889 1859 1161 1905 ὁιᾳτείνοντος
1192 1857 1336 1912 ὄρους,
1371 1859 1468 1914 ὄρος

26 1915 136 1955 ἐστὶν
158 1912 279 1964 ἄλλο,
302 1911 494 1970 καθάπερ
513 1913 676 1967 μαστὸς
706 1912 999 1967 ἀνιστάμενος,
1037 1915 1079 1953 L.
1100 1915 1129 1952 1.
1150 1914 1307 1956 Provid.
1333 1931 1368 1968 p.
1390 1919 1464 1958 94.

23 1970 74 2012 D.
101 1972 234 2010 Wnss.
1155 2016 1161 2022 ,

137 2030 242 2069 212.
268 2028 306 2067 l·
339 2024 677 2079 Κατειλημμὲνος
705 2042 836 2065 omnes
855 2026 955 2065 haud
978 2028 1057 2065 scio
1077 2039 1124 2064 an
1147 2030 1257 2066 male.
1288 2028 1466 2081 διειλημ-

23 2081 145 2136 μένος
166 2084 337 2120 Diodoro
358 2091 470 2132 atque
489 2087 576 2122 aliis
595 2085 665 2122 hac
686 2087 725 2122 in
745 2099 786 2121 re
807 2087 934 2122 tritius
955 2092 1024 2121 est.
1052 2084 1184 2121 VVEss.

136 2142 244 2182 212.
289 2141 330 2179 4.
380 2138 433 2179 Οἳ
461 2136 704 2191 καλούμενοι
734 2139 895 2191 Δέβαι]
944 2140 1221 2191 Agatharchidi
1260 2138 1464 2191 Δεὸεβαίζ

24 2194 167 2234 Nostro
198 2195 451 2244 adstipulatur
481 2196 618 2234 Strabo
648 2197 756 2234 XVI.
777 2209 811 2245 p.
836 2197 969 2237 1123.
1000 2196 1061 2243 D.,
1088 2203 1127 2234 et
1155 2198 1263 2235 bene.
1315 2197 1465 2234 Nomen

25 2251 161 2289 Debae
180 2252 225 2290 ab
250 2265 343 2290 auro
364 2251 526 2300 habent,
555 2254 654 2302 quod
678 2254 868 2290 Arabibus
895 2264 970 2292 εμπ-ι
1000 2254 1148 2300 Debes),
1178 2256 1399 2301 monuitque
1421 2254 1462 2291 S.

23 2307 201 2347 Bochart.
234 2307 282 2346 ll.
314 2306 420 2346 Phal.
451 2312 527 2349 27.
579 2309 749 2347 Montem
783 2309 1010 2357 Claabinum,
1048 2308 1168 2346 Debis
1197 2309 1255 2346 his
1284 2310 1462 2357 adfinem,

25 2366 119 2402 alibi
141 2365 314 2401 invenire
337 2377 415 2401 non
443 2367 610 2403 memini.
640 2366 775 2404 Wssss.

136 2420 242 2459 213.
276 2422 293 2460 1
313 2421 345 2460 l.
387 2418 624 2473 Λρομάδων
644 2419 868 2472 καμήλων]
898 2420 994 2459 Vide
1018 2421 1061 2460 L.
1084 2419 1196 2459 XIX.
1220 2422 1292 2461 36.
1325 2420 1460 2459 IVESS.

137 2476 241 2515 213.
274 2477 343 2515 13.
373 2474 702 2531 Ἀποᾳέρεσθαι]
733 2476 1060 2529 Ἀποᾳαίνεσῧαι
1085 2480 1267 2526 scriptum
1294 2479 1460 2515 videtur.

24 2528 158 2568 Rnon.
190 2531 273 2582 Ego
293 2534 489 2583 vulg-atum
511 2532 797 2587 ἀποφέρεσθαι
819 2546 896 2570 non
918 2540 1057 2570 temere
1077 2534 1321 2571 damnavero.
1356 2533 1461 2580 vult,

24 2589 161 2633 credo,
190 2595 335 2629 tantam
359 2590 444 2625 auri
476 2598 734 2627 ramentorum
758 2593 905 2637 copiam
937 2593 1038 2626 cirea
1069 2593 1166 2626 ostia
1199 2592 1390 2638 conspici,
1419 2597 1461 2625 nt.

23 2643 136 2681 limus
155 2645 318 2681 rutilans
331 2646 474 2681 auferri
494 2646 624 2693 possit.
650 2645 771 2683 Favet
790 2653 914 2682 tamen
927 2644 1195 2682 Rhodomanni
1218 2649 1460 2682 coniecturae

23 2701 187 2748 quodam
214 2699 327 2737 modo
357 2698 680 2750 Agatharchides,
722 2699 826 2740 ‹Uo-n
858 2699 932 2753 τὴν
971 2700 1083 2741 ἷλ’ἰ·ι’.
1124 2698 1198 2752 τὴν
1231 2699 1333 2751 πρὸς
1370 2705 1457 2746 ταῖς

21 2753 210 2804 ἐκβολαῖς
250 2755 527 2809 συνηγμένην,
566 2752 786 2812 πόρῥωῦεν
817 2755 1079 2808 ἀποστίλρέιν
1109 2770 1144 2806 p.
1168 2759 1239 2798 523.
1269 2758 1459 2806 inquiens.

20 2810 155 2849 Wssss.

1082 2871 1137 2910 18
1164 2866 1182 2886 '“
