1828 3253
393 202 454 242 1N
488 201 597 241 LlB.
626 167 754 241 xli'.
791 202 921 242 CAP.
963 204 1034 245 58.
1062 206 1203 246 -61.
1457 206 1546 246 767

106 317 263 365 liquatis
274 315 468 366 lapidibus
489 316 597 366 plura
618 321 905 353 commentatus.
936 314 1042 353 Adde
1057 312 1226 353 Tollium
1247 313 1294 352 nd
1317 314 1548 368 Longinum,

105 374 233 410 verbis
256 372 427 409 Platonis
447 378 580 409 contra
600 371 765 408 Fabrum
784 372 916 408 dextre
939 384 1063 418 usum,
1089 378 1179 408 sect.
1201 371 1375 409 XXXV.
1390 386 1424 422 p.
1444 374 1544 414 196.

106 429 200 466 Post
217 440 309 465 vero
329 440 451 476 pauca
470 428 568 464 forte
588 429 723 465 melius
749 428 824 463 erit
845 424 942 478 ὅπερ
964 426 1030 465 καὶ
1052 426 1329 467 συνετέλεσαν.
1355 428 1487 466 W'Ess.

221 485 326 524 689.
357 484 430 523 69.
473 484 569 521 Τῶν
600 486 700 522 νεῶν
730 479 896 535 πλήρη]
926 482 987 520 Ex
1018 483 1331 521 antecedentibus
1352 493 1389 522 et
1409 497 1544 522 conse-

106 541 308 589 quentibus
330 552 464 576 sensus
483 542 625 589 exigit,
655 546 696 576 ut
724 541 893 589 legamus
914 541 996 578 τῶν
1020 538 1149 587 πεζῶν
1179 535 1338 591 πλήρη,
1362 542 1544 592 peditum

105 597 271 647 repleta.
298 594 426 632 PALM.
472 595 558 631 Nisi
587 593 688 633 νέιυν
715 595 882 641 dederit,
915 607 1031 644 eaque
1062 608 1154 632 voce
1178 597 1320 633 milites
1350 596 1542 645 indicarit,

105 651 204 700 quod
236 659 363 688 tamen
392 650 486 687 mihi
511 651 678 688 nondum
699 653 809 699 plene
839 651 1067 700 persuadeo,
1094 652 1369 689 transeundum
1399 655 1472 689 crit
1501 655 1541 691 in

103 707 182 745 viri
199 707 409 744 doctissimi
430 709 671 744 sententiam.
702 706 857 744 Habent
877 714 1072 755 praeterea
1091 709 1217 744 minus
1237 709 1395 745 conmori
1402 721 1460 745 ἰιιι
1481 723 1542 746 se-

105 763 191 800 dem
212 775 326 800 voces
346 763 601 814 παραχρῆμα
622 762 711 813 μὲι,
739 775 835 810 quae
860 765 892 800 si
913 764 989 799 alio
1010 765 1304 814 eonmiwrarent,
1331 766 1393 813 leg
1380 767 1542 802 reretur-

103 830 175 868 que
194 820 447 870 παραχρῆιια
466 817 542 868 μὲν
573 815 621 857 οὗ
641 819 816 869 μετρίως
836 816 1090 870 m‘f'cmtacmv,
1119 822 1331 857 orationem
1353 833 1429 857 non
1447 834 1543 858 con-

101 874 314 911 turbarent.
353 872 512 910 Porro
494 888 587 928 ιπιᾳ
594 889 736 926 spousi
740 889 787 920 ας
808 873 901 926 Reg.
929 877 966 914 1.
994 875 1103 923 libri,
1135 875 1209 912 etsi
1237 874 1324 913 huic
1344 878 1427 913 loco
1449 890 1542 914 con-

101 931 324 969 venientius
343 929 541 977 videatur,
569 933 658 979 quia
679 932 761 967 sola
791 932 872 968 eius
893 932 1121 968 auctoritate
1140 931 1357 980 stabilitur,
1387 934 1428 969 in
1449 945 1542 970 con-

101 992 272 1033 textum,
298 997 410 1035 quem
431 992 595 1035 vocant,
625 997 702 1022 non
731 986 878 1023 admisi.
906 986 1044 1024 WEss.

213 1054 318 1094 689.
351 1054 422 1092 78
462 1054 566 1099 Ταῖς
587 1048 766 1103 πρώταις
796 1055 878 1092 τῶν
909 1051 1230 1106 Καρχηδονίων,
1258 1051 1305 1094 τὸ
1335 1054 1411 1106 μὲν
1431 1056 1543 1108 πρῶ-

100 1125 172 1149 τον
194 1105 296 1161 etc.]
344 1107 547 1145 claudicat
578 1112 722 1156 oratio,
751 1121 846 1158 quae
869 1117 947 1147 tum
979 1111 1128 1147 demum
1158 1117 1263 1147 recto
1293 1113 1370 1148 talo
1395 1119 1543 1163 perget,

100 1166 166 1203 ubi
187 1169 277 1212 ταῖς
296 1178 363 1217 πρ.
385 1166 467 1203 τῶν
488 1164 597 1218 Καρ
618 1166 849 1233 προσμίξας
869 1166 1104 1204 adiunxeris.
1139 1164 1206 1203 Sic
1225 1179 1255 1202 c.
1267 1166 1339 1207 55.
1363 1168 1430 1207 καὶ
1452 1173 1544 1215 ταῖς

104 1217 287 1275 πρώταις
306 1218 549 1274 προσμιξας,
576 1216 731 1268 εὐθέως
750 1217 864 1268 τινὰς
883 1218 1140 1275 αὐτάνδρους
1161 1221 1393 1263 κατέδκυσει
1409 1223 1543 1262 Wrss.

218 1289 324 1329 689
357 1289 428 1328 81
472 1288 576 1333 Ταῖς
601 1287 677 1338 μὲν
703 1285 868 1340 ἀρεταῖς
878 1282 1099 1354 υπερεῖχον
1120 1296 1191 1326 ete
1202 1287 1221 1343 ]
1261 1290 1450 1341 Interpres
1471 1305 1542 1330 vo-

103 1345 248 1382 cabulis
268 1345 514 1391 transpositis
537 1345 676 1394 legisse
697 1358 721 1382 ι
727 1338 890 1382 idetur
871 1351 1081 1398 υπερεῖχον
1111 1343 1149 1385 οἱ
1175 1346 1263 1398 περὶ
1287 1344 1360 1386 τὸν
1381 1347 1543 1387 Λεπτί-

101 1416 198 1453 νην,
227 1404 313 1445 τοῖς
342 1397 388 1437 δὲ
414 1398 481 1437 πλ.
500 1396 539 1439 οἱ
567 1396 860 1452 Καρηχὸόνιοι.
904 1401 1028 1450 Atque
1056 1415 1102 1439 ea
1123 1404 1206 1439 sine
1241 1402 1358 1440 dubio
1391 1405 1544 1442 auctori

103 1458 294 1495 sententia
324 1454 444 1502 sedit,
474 1468 569 1505 quae
599 1463 726 1493 tamen
752 1459 900 1494 minore
931 1459 1126 1495 molimine
1155 1458 1283 1495 eadem
1309 1460 1404 1504 erit,
1429 1459 1544 1497 modo

101 1517 194 1559 ταῖς
210 1510 286 1562 μὲν
308 1507 472 1562 ἀρεταῖς
493 1506 752 1563 υπερείχοντο
778 1509 1070 1565 Καρχηδόνιοι,
1096 1515 1246 1551 virtute
1267 1517 1418 1565 quidem
1444 1513 1546 1553 Car·-

102 1569 372 1618 thaginiensee
389 1566 684 1618 superabantur
695 1575 767 1605 etc.
784 1569 987 1606 refiiixeris
1007 1583 1094 1607 cum
1111 1569 1185 1607 lac.
1198 1571 1400 1609 Palmerio.
1412 1572 1546 1610 Wsss.

213 1635 321 1676 689.
352 1633 425 1675 84.
454 1630 530 1673 ’En
549 1636 795 1686 παραβολῆς
815 1632 887 1675 τὸν
907 1633 1047 1688 ἀγῶνα
1069 1635 1402 1688 συνισταμένων]
1430 1638 1547 1675 Dice·

101 1704 164 1730 res
183 1688 226 1730 ἔκ
244 1691 488 1742 παραβολῆς
506 1690 606 1727 idem
625 1705 721 1738 esse,
748 1704 792 1728 ac
814 1688 1078 1742 παραβόλοις,
1098 1695 1294 1731 audacter
1312 1700 1351 1730 et
1373 1697 1546 1732 niaximo

103 1761 190 1787 cum
208 1747 415 1799 periculo,
448 1748 525 1783 nisi
545 1750 742 1796 sequentia
764 1751 974 1785 conmissus
997 1756 1077 1786 arte
1099 1750 1199 1786 inter
1228 1762 1268 1786 se
1289 1762 1407 1787 naves
1428 1762 1548 1801 expo-

102 1805 303 1842 stularent.
346 1801 531 1852 Polybius
550 1804 598 1840 ad
619 1803 779 1840 eundem
800 1804 955 1843 modum
974 1805 1016 1841 L.
1036 1803 1126 1841 XV
1144 1806 1186 1844 2-
1211 1818 1246 1855 p
1266 1806 1372 1846 963.
1402 1804 1446 1845 ἐκ
1466 1822 1546 1846 πα-

100 1860 284 1926 ραβολῆς
306 1857 350 1898 δὲ
379 1873 446 1896 και
479 1856 593 1912 πέριξ
614 1855 972 1913 προσμαχόμενοι,
996 1859 1321 1915 κατετίτρωσκον
1341 1859 1440 1909 τοὶς
1465 1860 1550 1902 ἐπι-

100 1911 236 1968 βάτας
257 1921 329 1952 etc.
357 1913 493 1953 WEss.

216 1971 321 2012 690.
353 1971 426 2011 9.5
464 1969 549 2009 Και
570 1965 647 2023 γὰρ
677 1985 723 2010 το
749 1966 862 2023 παρὰ
882 1967 955 2010 τὸν
976 1966 1184 2024 ναύαρχον
1204 1968 1273 2011 ἕλ’
1237 1987 1423 2024 αττιιιμα
1442 1979 1514 2011 etc.
1527 1973 1546 2024 ]

102 2027 204 2078 Lege
224 2025 314 2080 περὶ
345 2024 418 2066 τὸν
447 2022 667 2078 ναύαρχον.
701 2027 846 2064 Vitium
865 2030 1012 2077 peperit
1037 2029 1166 2065 fatalis
1195 2029 1378 2077 quaedam
1408 2041 1549 2069 vocum.

103 2083 237 2121 harum
261 2084 448 2120 confusio.
482 2082 639 2121 Vid.1s.
664 2082 826 2122 Casaub
848 2083 895 2120 ad
917 2083 1053 2121 Athen.
1072 2083 1114 2121 L.
1135 2084 1163 2121 1
1186 2087 1225 2125 7.
1256 2093 1293 2122 et
1313 2084 1412 2125 Mos.
1432 2085 1549 2125 Sola-

105 2152 197 2178 num
217 2153 261 2177 ae
284 2138 332 2176 Τ
356 2137 618 2176 Hemsterhus.
637 2141 677 2176 in
697 2138 852 2176 Lucian.
874 2138 1064 2190 Halcyon.
1084 2153 1117 2180 c
1140 2142 1181 2180 2.
1210 2141 1347 2180 WEss.

217 2207 425 2247 690-17.
463 2202 902 2271 Συγκλεισθήσεσθαι]
945 2203 1020 2243 Pro
1053 2221 1127 2259 συ)
1130 2204 1456 2259 κλεισθησεσθαι
1486 2222 1549 2246 re-

103 2262 340 2300 stituendum
370 2263 536 2300 arbitror
567 2256 997 2314 συντελεσθήσεσθαι,
1038 2270 1151 2311 atque
1179 2265 1237 2301 sie
1262 2263 1547 2306 verti.R1{oo

104 2317 207 2356 Huic
237 2318 356 2356 verbo
385 2319 522 2356 vitium
548 2318 756 2355 inolevisse
786 2330 863 2355 non
893 2321 1048 2366 opinor.
1086 2321 1247 2367 ipsemet
1274 2327 1409 2357 auctor
1437 2333 1549 2359 suum

107 2376 304 2426 agnoscit3
333 2386 421 2411 nam
453 2382 491 2412 et
522 2374 564 2411 L.
589 2373 680 2413 ΧΗ.
715 2375 786 2413 55.
826 2389 864 2414 οι
893 2373 969 2424 μὲν
999 2374 1277 2427 Μιτυληναῖοι
1307 2374 1548 2429 λειφθέντες

108 2428 461 2481 συνεκλείσθησαν
489 2429 545 2476 εἷς
568 2428 819 2481 πολιορκιᾝαν
868 2428 1177 2468 succurrendum
1206 2445 1297 2483 ergo
1324 2432 1447 2469 hianti
1466 2446 1548 2470 ser-

107 2488 214 2523 moni
230 2487 306 2523 alia
325 2486 413 2532 via,
433 2487 501 2535 qui
522 2487 656 2534 plenus
675 2488 770 2532 erit,
800 2488 832 2523 si
861 2483 902 2525 οἱ
923 2484 967 2525 δὲ
988 2485 1225 2526 Σικελιῶται
1245 2483 1351 2526 κατὰ
1381 2502 1457 2539 την
1475 2504 1548 2528 πο-

108 2540 222 2594 ρείαν
243 2548 314 2578 etc.
342 2543 576 2590 probaveris.
627 2540 715 2578 Rati
744 2544 846 2578 enim
873 2541 1019 2589 Siculi,
1048 2542 1136 2580 dum
1169 2543 1383 2594 Syracusas
1412 2556 1550 2592 prope-

107 2604 219 2646 rant,
248 2610 329 2634 sese
349 2610 394 2634 ea
413 2600 453 2635 in
481 2598 574 2635 urbe
595 2597 741 2634 difficili
761 2597 960 2635 obsidione
987 2610 1157 2648 pressum
1178 2601 1249 2646 iri,
1281 2606 1323 2636 ut
1344 2613 1429 2637 cum
1449 2599 1549 2638 Poe-

108 2655 170 2691 nis
187 2656 229 2691 in
249 2660 442 2691 certamen
464 2653 733 2700 descenderet,
759 2651 950 2704 Dionysio
969 2660 1143 2692 auctores
1163 2661 1285 2692 erant.
1312 2655 1448 2693 Wzss.

221 2721 326 2760 690.
357 2722 427 2761 18.
459 2717 545 2760 Διά
562 2717 638 2772 τὴν
660 2718 926 2772 γεγενημένην
944 2718 1087 2772 νίκην]
1124 2722 1327 2760 Praeteriit
1346 2722 1549 2773 Interpres.

109 2774 232 2813 Credo
262 2776 448 2814 vocabulo
477 2775 639 2825 quodam
672 2775 820 2813 defecta
849 2789 943 2813 esse.
1002 2776 1207 2815 Addideris
1247 2774 1552 2833 ραθυμοτίροις

109 2840 175 2871 aut
190 2833 522 2889 μετεωρισθεῖσι,
549 2833 742 2870 sententia
760 2835 854 2880 erit,
882 2832 1139 2872 Himilconem
1161 2840 1271 2885 parta
1299 2837 1463 2874 victoria
1489 2848 1552 2873 so-
