1828 3253
267 92 361 133 622
728 82 1251 124 ANNOTATIONES

262 202 384 243 funda
402 213 519 252 pace,
545 198 683 236 ceteris
713 197 981 236 Graecorum
970 211 1011 234 m
1038 199 1140 237 bella
1161 201 1295 238 civilia
1314 199 1511 238 coniectis.
1556 199 1707 238 Foedus

263 272 452 310 quoque,
467 256 567 306 quod
588 263 714 292 tamen
732 257 772 291 in
796 257 900 291 exitu
925 261 1030 301 erat,
1061 269 1146 293 cum
1171 256 1372 306 Spartanis
1395 256 1606 303 habebant,
1633 269 1706 304 quo

263 319 371 364 quies
390 315 481 351 haec
503 313 766 349 stabiliebatur
791 311 890 358 apud
911 309 1128 361 Thucydid.
1149 312 1193 349 V.
1218 316 1291 353 28.
1326 320 1363 349 et
1383 311 1570 349 Andocid.
1598 312 1707 349 Orat.

262 373 310 409 de
325 373 412 409 Pac.
425 384 458 420 p.
472 371 563 415 26„
582 368 648 405 uhi
668 366 845 418 πατρίαν
866 362 1028 418 ειρήιην
1046 381 1130 405 eam
1147 370 1358 416 adpellasse
1381 368 1548 404 docetur.
1568 368 1706 405 WESS.

379 428 481 466 531·
513 395 584 464 74.
611 421 834 468 Ἒιτέλεξαν
853 425 936 460 τῶν
958 424 1135 463 πολιτῶν
1150 423 1337 476 χιλίους]
1368 423 1624 461 Conmeminit
1644 437 1709 462 eo-

262 497 348 522 rum
365 484 576 520 Pausanias
598 479 641 517 L.
663 479 711 516 ll.
729 480 802 518 20.
832 478 939 514 Adde
957 480 1119 517 inferius
1141 495 1173 518 c.
1197 483 1268 521 80.
1295 481 1344 517 W
1349 492 1429 518 Ess'.

379 540 482 578 531.
516 538 587 577 80.
629 537 726 574 Τῶν
758 535 989 586 πολεμικῶν
1018 533 1145 590 ἔργων
1166 534 1379 590 ἀθληταὶ]
1410 535 1536 582 „Confi
1561 542 1641 574 not.
1667 538 1710 574 in

257 595 303 633 L.
325 595 354 634 I.
381 596 452 634 53.
490 594 624 631 WESS.
1659 625 1661 627 .

378 653 482 691 531.
513 651 601 689 90..
631 642 874 686 ’,Απέλυσαν
905 648 979 698 τῆς
998 644 1187 698 ἀτιμίας]
1231 648 1362 686 Genus
1383 650 1617 700 ignominiae
1642 661 1711 685 ex-

261 710 428 757 plicatur
446 721 468 744 a
489 704 706 755 Thucydid.
729 703 775 741 V.
804 703 898 749 34„
926 704 1089 769 addente
1116 712 1284 754 tempore
1308 706 1457 742 demum
1475 706 1625 742 labente
1646 718 1709 741 so-

261 823 337 872 τῆς
358 815 552 871 Σπαρτης
573 816 640 855 καὶ
662 815 808 869 φίλους
831 830 898 853 και
923 828 1064 868 συγίμι
1069 831 1123 862 εις
1141 815 1238 862 τοὺς
1258 796 1605 863 ὁυνατιυτάτουςί
1593 831 1709 866 ἕχον-

261 891 327 922 τες
355 874 547 913 Plutarch.
568 873 655 911 Nic.
680 885 716 921 p.
746 872 848 910 530.
868 871 937 908 Α.·
927 900 937 918 ,
964 879 1006 909 ut
1027 875 1166 909 mirum
1186 885 1263 909 non
1284 875 1357 920 sit,
1385 874 1571 920 pristinos
1591 875 1632 909 in
1653 875 1708 909 ci-

261 936 383 971 vitate
407 932 570 969 honores
588 931 833 975 reciperasse.
861 927 981 964 Porro
1002 929 1103 978 quod
1122 929 1234 965 modo
1256 930 1419 979 legitur,
1445 926 1587 983 ἀτιμία
1607 943 1708 980 7190·-

258 983 485 1040 βεβληκότε
490 1002 534 1033 ς,
560 986 600 1023 id
630 987 773 1022 iustum
801 997 879 1020 11011
910 991 978 1020 est·
1022 981 1385 1054 Περιβεβλῖῑκότες
1414 985 1540 1022 dicere
1572 986 1709 1020 solent.

260 1045 406 1081 Auctor
426 1047 505 1092 ipse
526 1042 567 1079 L.
591 1041 679 1078 XV.
707 1043 776 1080 ll.
818 1039 883 1078 καὶ
905 1045 996 1086 ταῖς
1016 1038 1206 1090 ἐσχάταις
1235 1039 1415 1092 ἀτιμίαις
1442 1038 1537 1093 (τᾶν
1565 1036 1707 1092 Ὀρόν-

260 1099 358 1153 την)
382 1116 428 1139 ne
434 1098 607 1166 ριέβαλε.
654 1097 706 1134 Et
735 1093 1354 1147 Β.Χν11.14.ἀπαριιιτι]τοις
1381 1095 1595 1148 τιμωρίαις
1624 1096 1706 1135 δεῖν

260 1158 435 1221 περιβα)
440 1161 495 1195 εἴν
516 1149 678 1200 αυτούς.
716 1152 884 1189 Proinde
908 1155 1048 1201 optime
1070 1153 1119 1192 H.
1144 1153 1381 1201 Stephanus:
1416 1153 1521 1202 Lego
1542 1155 1706 1205 περιβε-

259 1209 472 1265 βληκότις.
529 1211 641 1248 Num·
662 1207 803 1263 ἀτιμία
848 1205 1103 1259 περιβάλλειν
1131 1222 1249 1260 saepe
1281 1223 1338 1246 me
1368 1211 1500 1259 legere
1538 1210 1722 1255 meminis

260 1269 403 1324 ἀτιμία
434 1264 682 1319 προβάλλειν
712 1278 922 1316 nunquam.
973 1265 1056 1304 ›Se-d
1080 1280 1152 1303 nec
1180 1266 1253 1303 Ιιοο
1272 1268 1373 1318 pati
1389 1271 1529 1318 potest
1554 1272 1706 1303 natm-a

256 1327 374 1364 leuius
393 1325 513 1362 vet-bi.
540 1323 676 1362 WVEss
1170 1365 1173 1369 sp

375 1383 478 1421 532.
509 1381 581 1419 95.
618 1376 728 1424 Ίους
751 1374 1070 1431 ἀλλοτριοῦν-[ας
1092 1374 1228 1418 αὐτῶν
1248 1374 1522 1430 ἐθεράπευον]
1547 1374 1706 1417 'Ano-

259 1436 517 1490 τριιοθὲντας
540 1439 582 1473 in
602 1435 775 1472 Addend.
796 1437 876 1472 suis
895 1434 1215 1482 Rhodumannus,
1246 1436 1346 1484 quod
1373 1436 1497 1483 accipi
1514 1440 1705 1483 potuerat,

262 1498 297 1532 si
315 1496 479 1533 vetustis
500 1505 519 1528 e
540 1494 649 1529 libris
668 1493 779 1528 foret.
818 1492 932 1529 Nunc
955 1494 1048 1528 satis
1069 1494 1166 1539 erit
1193 1494 1224 1529 si
1248 1504 1458 1539 pronomen
1490 1491 1707 1527 subintelli-

260 1565 350 1602 gas,
374 1557 487 1598 atque
512 1559 561 1585 ex
583 1546 809 1598 Thucydide
831 1547 897 1585 111.
919 1549 1005 1594 65..
1034 1551 1107 1585 etsi
1127 1548 1214 1585 huic
1236 1550 1369 1598 generi
1388 1560 1465 1584 non
1494 1548 1605 1595 plane
1625 1559 1707 1594 par,

258 1607 326 1647 καὶ
347 1609 429 1646 τῶι
451 1601 660 1671 σιομάτιιι
674 1601 749 1655 τὴν
768 1600 887 1642 πολιν
908 1601 982 1642 οὐκ
1003 1601 1068 1642 ἀλ
1056 1615 1244 1671 Λοτριοῑι
1252 1619 1321 1650 τας
1341 1603 1560 1640 contendas.
1572 1602 1706 1639 Wssss.

374 1664 547 1702 532-1.
589 1656 763 1706 Πάιτας
787 1655 946 1711 ιῑβηὸόν
977 1657 1293 1713 κατασᾳιιξαιπ
1279 1661 1342 1709 -ς]
1382 1661 1575 1697 lninanem
1606 1658 1705 1695 hanc

257 1719 551 1757 Atheniensium
573 1717 838 1754 crudelitatem
865 1716 965 1753 haud
989 1719 1167 1753 inmelito
1188 1724 1295 1754 notat
1316 1716 1505 1766 Gylippus
1528 1715 1635 1752 Orat.
1656 1714 1705 1751 ad

259 1777 526 1827 Syracusanos
548 1774 589 1810 L.
613 1772 725 1810 Xlll.
748 1774 821 1812 30.
836 1800 846 1819 ,
879 1786 1062 1810 excusare
1083 1781 1258 1820 conatur,
1285 1773 1350 1809 sed
1373 1773 1535 1823 frigide,
1563 1772 1706 1808 Aristi-

259 1835 326 1870 des
353 1831 564 1869 Panathen.
595 1844 632 1879 p.
656 1829 760 1868 304.
770 1854 782 1875 ,
820 1837 972 1866 secutus
1001 1843 1045 1865 ea
1073 1832 1114 1866 in
1146 1843 1188 1866 re
1219 1829 1375 1866 isocrat.
1407 1830 1549 1879 Paneg.
1571 1841 1607 1877 p.
1631 1829 1703 1867 89.

256 1890 378 1928 Porro
401 1887 501 1936 quod
525 1889 710 1935 sequitur.
737 1882 811 1937 τὴν
836 1884 879 1923 δὲ
898 1900 1023 1937 νησον
1043 1885 1165 1924 οῗκεῖι
1186 1883 1437 1937 παρέδοσαι,
1465 1884 1504 1921 id
1525 1896 1572 1921 ex
1595 1883 1704 1920 Thu-

257 1945 410 1996 cydidis
430 1945 682 1980 aemulatione
702 1949 855 1986 natum,
884 1944 950 1990 qui
970 1940 1138 1978 Scionen
1160 1944 1286 1991 νῆσον
1316 1948 1353 1977 et
1373 1942 1519 1977 incolas
1552 1935 1702 1991 νησιώ-

258 2016 334 2043 τας
354 2001 520 2050 adpellat
539 1998 580 2035 L.
607 1998 669 2034 lv.
698 1999 799 2037 100.
828 2000 928 2037 121.
951 2011 1037 2034 cum
1058 2004 1148 2034 nota
1170 1997 1225 2034 Cl.
1248 1996 1411 2034 Dukeri.
1433 1997 1590 2044 Alioqui
1610 1997 1702 2032 urbs

256 2061 382 2108 posita
400 2064 482 2093 erat
503 2058 544 2092 in
564 2055 766 2103 peninsula
785 2053 953 2100 Pallene,
981 2067 1092 2103 quam
1115 2060 1242 2090 tamen
1264 2060 1302 2089 et
1323 2055 1390 2090 alii
1408 2054 1574 2089 insulam
1593 2052 1703 2089 dixe·
1721 2047 1725 2049 ’

254 2121 358 2152 runt.
386 2113 483 2149 Vide
512 2123 606 2159 quae
625 2111 814 2158 adscripsi
832 2110 1019 2147 Antonini
1041 2110 1172 2147 ltiner.
1203 2122 1239 2158 p.
1264 2111 1367 2148 525.
1396 2109 1532 2146 wass.

372 2170 475 2208 532.
491 2169 532 2207 4.
557 2166 661 2219 Περὶ
684 2165 727 2204 δὲ
746 2163 843 2212 τοὺς
864 2163 1016 2212 αὐτοὺς
1030 2162 1208 2218 χρόνους
1220 2163 1324 2204 κατὰ
1344 2162 1419 2216 τὴν
1429 2163 1606 2203 Ἰταλίαν
1617 2163 1705 2215 etc.]

256 2225 413 2271 Livius,
445 2226 557 2261 sicuti
579 2226 618 2260 in
642 2224 770 2273 gentis
791 2221 1004 2271 Campanae
1032 2224 1155 2259 initiis
1179 2236 1201 2258 a
1222 2221 1392 2258 Diodoro
1413 2222 1516 2268 abit,
1546 2222 1600 2258 ita
1627 2221 1703 2258 Cu·-

255 2296 342 2320 mas
361 2294 509 2330 quoque
529 2286 731 2327 occupatas
751 2280 897 2327 aliquot
921 2279 1071 2315 demum
1092 2285 1177 2328 post
1195 2289 1316 2314 annos
1339 2278 1458 2314 refert
1476 2277 1517 2314 L.
1543 2277 1606 2314 IV.
1626 2278 1702 2317 44.

258 2341 380 2383 Quam
412 2337 569 2373 barbare
601 2348 694 2373 vero
725 2342 762 2371 et
791 2338 966 2384 nequiter
994 2334 1183 2372 Cumanos
1227 2335 1487 2383 oppresserint
1517 2332 1702 2384 Campani

257 2396 416 2432 docetur
438 2407 459 2430 a
480 2392 672 2429 Strabone
691 2391 733 2428 L.
753 2391 796 2428 V.
832 2404 867 2439 p.
891 2392 995 2430 373.
1016 2391 1062 2430 Α.
1093 2391 1228 2427 Wnss.
1452 2418 1453 2421 ,

372 2451 476 2490 532.
502 2451 572 2489 12.
604 2444 944 2500 Ἀριστοφύλου]
975 2447 1276 2484 Arundelianum
1297 2444 1468 2483 Marmor
1487 2440 1702 2498 Ἀστῦφι-

255 2509 328 2547 λον
349 2514 386 2544 et
405 2505 545 2542 Athen.
566 2504 609 2543 L.
632 2504 675 2540 V.
707 2506 778 2544 18.
813 2510 977 2550 vocant,
1006 2518 1028 2540 e
1055 2504 1190 2553 quibus
1210 2501 1423 2539 Diodorum
1443 2501 1702 2539 adiuvandum

255 2576 394 2601 censeo
415 2574 500 2598 cum
520 2561 722 2606 Palmum,
752 2562 829 2608 qui,
859 2560 963 2609 Lege
996 2557 1274 2611 Ἀστι·φι’λου,
1296 2566 1342 2595 ut
1357 2560 1506 2607 legitur
1527 2560 1565 2595 in
1587 2559 1701 2595 Mar·-

254 2633 364 2657 more
384 2619 443 2655 -Ar
447 2617 679 2663 undenam,
719 2624 760 2653 et
777 2618 885 2666 apud
907 2616 1146 2653 Athenaeum
1167 2622 1208 2651 et
1223 2616 1338 2653 ιιίιοει.
1369 2614 1504 2653 TVESS.
1539 2611 1698 2653 Ἀστυ-

255 2677 379 2731 φιλου
401 2680 621 2711 οοτιΗεΧοιιιι
642 2680 680 2709 et
699 2672 747 2709 Is.
770 2672 943 2718 Vossius,
963 2679 1113 2709 secutus
1133 2670 1195 2707 Se
1188 2673 1384 2721 iligerum.
1415 2670 1556 2706 IDEM·
1544 2684 1585 2707 ιη
1602 2669 1699 2706 Add.

309 2748 329 2758 ‘v
371 2733 460 2772 53..
435 2734 475 2769 ⁶.)
506 2731 577 2772 13.
617 2724 802 2771 Λεύκιον
820 2729 1014 2771 Κοΐντιον
1035 2727 1103 2769 καὶ
1125 2727 1220 2768 Αυλ
1225 2742 1270 2768 ον
1293 2720 1584 2782 Σεμπρώνιον]
1617 2725 1699 2763 Hos
