1828 3253
416 186 476 226 IN
512 184 624 226 LIB.
661 185 692 224 1.
729 183 856 223 CAP.
891 185 965 226 69.
995 186 1066 226 70.
1364 186 1454 228 113

130 303 202 344 80
225 302 297 342 36.
332 298 418 341 Καὶ
446 294 582 338 πάντα
610 293 837 352 πράττουσι
868 304 940 335 etc.
952 296 970 347 ]
1012 296 1080 334 Sic
1108 297 1261 348 quidem
1289 296 1452 338 Diodori

17 364 139 397 aetate
167 360 357 408 plerisque
390 358 432 394 in
458 356 612 406 regnis,
650 362 688 392 et
708 356 798 392 olim
823 354 922 402 apud
949 353 1111 400 Persas,
1149 367 1309 404 quorum
1328 352 1449 395 αὐτο-

17 412 374 467 κρατῆςβασιλειά
402 410 469 450 καὶ
500 407 784 457 ἀνυπεύθυνος
810 413 852 448 in
869 409 1066 448 Plutarchi
1086 409 1132 448 'l.
1154 410 1200 447 II.
1220 425 1254 461 p.
1279 412 1381 452 826.
1404 411 1446 449 F.

18 471 139 508 secus
171 471 262 508 olim
289 468 397 506 inter
419 467 609 516 Graecos3
646 467 711 504 ubi
746 479 856 518 reges
887 465 950 505 ἐπὶ
979 463 1117 520 ῥητοῖς
1144 464 1283 518 φέρασι
1327 470 1449 506 certis

17 527 228 565 honoribus
254 532 296 563 et
314 525 601 562 conditionibus
627 524 980 570 constituebantur,
1017 529 1060 560 ut
1082 530 1139 560 est
1158 525 1198 560 in
1220 522 1446 573 'lhucydide

17 582 48 622 l.
80 585 170 629 13.,
210 594 281 619 nec
299 582 425 618 omnia
444 593 492 618 ex
507 581 659 618 arbitrii
678 581 876 618 voluntate
896 585 1083 628 poterant.
1139 578 1391 623 Quamobrem
1411 587 1448 617 et

17 637 241 688 Demophon
265 640 307 675 in
333 637 507 686 Euripid.
533 636 726 674 Heraclid.
745 637 852 676 424.
898 633 960 675 Οὐ
988 632 1067 688 γὰρ
1096 632 1309 686 τι·ραι’νι’ὁ“’
1342 632 1446 675 ὥστε

15 692 242 747 βαρβάρων
273 691 373 744 ἔχω,
409 690 514 733 Ἀλλ’
543 690 593 745 ἢν
622 692 759 733 δίκαια
783 692 892 745 δρῶ,
929 691 1067 731 δίκαια
1093 691 1298 741 πείσομαι.
1359 691 1446 730 Non

14 754 141 798 enim,
170 752 316 798 inquit',
355 751 601 800 tyrannidem
620 756 666 787 ut
694 747 954 786 barbarorum
975 748 1152 794 obtine03
1194 749 1266 785 sed
1285 747 1391 785 iusta
1413 750 1450 785 si

5 807 177 854 fecem,
204 809 310 847 iusta
319 809 492 858 patiar3
537 806 638 855 quod
660 812 698 842 et
715 819 846 854 reapse
866 811 1046 853 expertus
1065 810 1142 851 est,
1171 817 1342 842 caussam
1363 817 1449 843 cae-

16 864 76 900 dis
103 864 228 901 dicere
261 870 414 901 coactus
443 863 483 900 in
513 863 620 909 foro,
645 862 747 911 quod
765 861 1001 908 Palladium,
1030 859 1094 898 ἐπὶ
1112 859 1348 915 παλλαδίῳ,
1379 873 1450 898 vo·-

16 924 106 956 ca'nt
125 919 227 969 apud'
242 918 405 959 Pausan.
428 918 456 959 I.
474 920 549 959 28.
571 930 608 967 p.
634 920 708 958 69.
770 917 904 967 'Neque
925 917 1085 954 Athenis
1109 917 1148 953 id
1170 923 1318 954 tantum
1343 918 1450 954 vale·-

10 976 95 1022 liat,
113 975 186 1017 sed.
202 981 241 1012 et
259 975 503 1026 Argivorum,
521 988 682 1025 quorum
703 976 745 1012 in
767 973 929 1011 Graecia
949 973 1255 1023 antiquissimum
1274 985 1451 1023 regnum,

17 1033 205 1069 moribus:
239 1044 313 1081 quo
336 1038 508 1081 spectant
542 1043 636 1079 quae
658 1043 727 1067 rex
759 1033 840 1067 eius
860 1031 991 1079 populi
1011 1032 1053 1066 in
1077 1028 1258 1079 Aeschyli
1278 1028 1449 1078 Supplic.

20 1089 127 1136 383.
151 1095 188 1125 et
204 1087 309 1127 404.
331 1090 409 1134 ait,
435 1095 473 1124 et
497 1099 591 1136 quae
613 1086 845 1124 Pausan.II.
874 1088 944 1126 19.
988 1085 1106 1122 Immo
1128 1081 1451 1135 βασιὶειςριαε-

18 1147 130 1197 cipuo
156 1143 319 1194 quodam
346 1156 418 1181 usu
438 1156 507 1180 rex
531 1150 589 1180 est
611 1144 805 1194 legitimus
824 1141 1039 1190 liberaeque
1061 1141 1252 1186 civitatis,
1288 1154 1353 1178 seu
1386 1142 1452 1189 qui

18 1200 230 1239 secundum
258 1202 403 1248 patriae
432 1201 536 1250 leges
575 1206 613 1236 et
648 1201 894 1236 constituitur
923 1204 962 1234 et
991 1199 1171 1245 imperat,
1230 1203 1273 1234 ut
1303 1197 1450 1235 erudite

19 1250 149 1293 docuit
176 1255 508 1293 1ac.Perizon.iu
529 1255 678 1292 Aelian.
698 1253 748 1292 II.
767 1254 814 1293 V.
836 1253 888 1293 H.
912 1255 986 1294 )Ο.
1014 1254 1064 1290 w
1069 1264 1150 1289 Ess.

131 1313 203 1353 80-
224 1312 298 1351 37.
333 1308 440 1350 Ἀλλ’
470 1325 521 1363 7712
549 1307 713 1350 ἅπαντα
740 1324 782 1350 τε
767 1308 966 1362 ε’ταμιεία
998 1306 1086 1361 etc.]
1123 1308 1358 1359 Pei-stringit
1381 1307 1451 1346 has

16 1368 123 1420 leges
161 1374 200 1405 et
238 1368 284 1405 ab
312 1343 574 1415 inpostoribus
606 1367 807 1419 Aegyptiis
838 1365 1008 1403 Diodoro
1042 1366 1216 1410 obtrusas
1243 1366 1451 1402 arbitratur

17 1423 95 1462 Iac.
131 1422 305 1473 Capellus
335 1418 438 1462 Hist.
465 1423 582 1462 Exot.
615 1423 660 1460 A.
691 1422 745 1460 M.
779 1423 938 1469 19311,
972 1434 1093 1471 neque
1114 1422 1216 1458 enim
1236 1419 1452 1467 Chembem,

18 1479 192 1532 Cephren
223 1488 262 1517 et
278 1487 422 1517 ceteros
452 1467 601 1531 ingenii
618 1481 861 1517 violentioris
888 1492 998 1529 reges
1018 1480 1095 1515 illis
1113 1479 1285 1527 paruisse
1305 1477 1452 1524 vider13

19 1550 102 1574 esse
122 1543 317 1586 praeterea
334 1550 427 1575 vero
442 1549 575 1585 partun
592 1537 748 1574 similes.
771 1533 913 1572 Contra
937 1547 1049 1585 quem
1066 1536 1217 1571 tametsi
1235 1540 1365 1583 aperte
1384 1546 1453 1570 ve-

18 1596 104 1630 nire
123 1594 265 1639 nolim,
292 1606 336 1630 ea
354 1598 504 1642 tamen,
533 1605 628 1642 quae
647 1593 737 1629 olim
757 1594 801 1628 in
818 1590 1006 1640 Hispania
1025 1604 1046 1627 a
1062 1591 1216 1641 regibus
1237 1596 1274 1627 et
1292 1589 1332 1626 in
1355 1588 1453 1626 Ger-

18 1651 148 1690 mania
164 1649 210 1685 ab
230 1647 523 1697 [inperatoribus
542 1655 674 1698 sponte
692 1647 829 1685 observ
820 1654 894 1684 ata
913 1649 1113 1694 novimus,
1147 1648 1241 1683 talia
1259 1645 1454 1692 videntur,

19 1712 64 1746 ut
98 1705 288 1756 plerisque
320 1704 454 1742 harum
481 1706 610 1756 legum
636 1704 891 1752 patrocinium
921 1709 1069 1754 parent.
1130 1700 1191 1739 Tu
1218 1702 1306 1740 vide
1327 1700 1452 1739 Ioach.

19 1759 125 1799 Frid.
143 1759 174 1796 F
177 1761 286 1798 cllen
303 1759 473 1798 Monum.
496 1736 641 1797 inedita
657 1773 693 1810 p.
713 1761 821 1810 227.
873 1758 974 1796 Sunt
991 1766 1188 1809 praeterea
1206 1760 1249 1795 in
1276 1757 1336 1794 his
1357 1759 1454 1808 legi·-

19 1817 114 1864 bus,
140 1828 235 1866 quae
253 1819 380 1867 gentis
400 1819 661 1873 superstitioni
681 1817 869 1867 originem
888 1816 1048 1862 debent3
1077 1828 1122 1852 eo
1144 1821 1245 1852 certe
1263 1817 1454 1863 pertinere

18 1873 222 1928 videntur,
267 1884 362 1922 quae
394 1873 440 1909 de
468 1875 572 1924 regis
600 1885 686 1909 cum
707 1884 828 1909 uxore
849 1843 1122 1909 consuetudine
1141 1870 1250 1907 brevi
1270 1875 1357 1919 post
1375 1882 1455 1905 me-

17 1925 235 1976 morantur,
277 1935 316 1966 et
344 1941 367 1967 a
397 1927 526 1967 Schol.
560 1928 770 1966 Ptolemaei
800 1930 843 1966 in
871 1926 1083 1965 Tetrabibl.
1112 1940 1148 1977 p.
1177 1929 1248 1967 88.
1273 1927 1456 1975 explicita

17 1992 120 2037 sunt.
143 1984 278 2023 Wssss.

58 2043 62 2048 ⁴
132 2043 205 2083 80.
227 2042 302 2081 41.
326 2037 451 2080 Ἀλλὰ
471 2056 554 2081 ‘can
575 2034 910 2095 ἓπιφαιεστάτων
931 2037 1006 2092 {soe
1001 2035 1067 2078 ’ων
1084 2035 1192 2089 υῗοι]
1232 2037 1321 2076 Mos
1339 2038 1453 2075 etiam

20 2097 375 2150 eratprincipibus
391 2098 649 2136 Macedonum
669 2097 826 2135 adultos
847 2097 989 2134 liberos
1009 2096 1164 2144 reqibus
1185 2096 1325 2132 trader
1329 2108 1370 2142 e„
1399 2095 1456 2132 ad

17 2156 151 2192 munia
179 2154 288 2193 haud
313 2155 473 2192 multum
504 2154 711 2191 servilibus
741 2155 973 2190 menisteriis
1002 2152 1281 2197 abhorrentia,
1321 2121 1453 2188 Curtio

17 2209 125 2249 VIII.
151 2211 193 2250 6.
215 2218 333 2259 teste3
362 2213 427 2259 qui
443 2218 568 2247 tamen
587 2223 670 2247 mos
690 2223 712 2247 a
733 2209 847 2247 Phili
839 2222 910 2258 ppo
929 2210 1077 2245 demum
1099 2209 1297 2245 institutus
1316 2213 1386 2254 est,
1420 2207 1454 2243 si

20 2266 170 2304 Aelian.
193 2265 300 2305 XIV.
322 2266 369 2306 V.
397 2266 448 2306 H.
470 2268 544 2306 49.
564 2267 749 2304 audimus.
788 2266 831 2302 Id
852 2267 996 2316 negligi
1015 2265 1116 2302 haud
1137 2270 1298 2313 oportet,
1323 2262 1453 2313 Aegy-

20 2324 122 2372 ptios
149 2322 223 2359 sibi
249 2335 360 2374 reges
389 2324 634 2360 constituisse
663 2329 729 2359 aut
759 2335 806 2359 ex
836 2322 1051 2368 bellicosis,
1079 2320 1122 2359 ἐκ
1143 2322 1226 2359 τῶν
1245 2319 1453 2370 μαχίμων,

22 2384 90 2415 aut
107 2378 387 2426 sacerdotibus3
426 2386 464 2416 et
484 2380 573 2416 illos
595 2379 746 2427 quidem
765 2381 892 2415 statim
912 2378 1136 2427 disciplinae
1155 2375 1392 2413 sacerdotum
1413 2388 1453 2411 se

22 2433 247 2482 tradidisse,
271 2441 316 2471 ut
332 2446 525 2472 sacrorum
545 2441 583 2472 et
600 2437 723 2472 omnis
742 2433 1001 2484 philosophiae
1023 2435 1163 2471 notitia
1189 2432 1454 2478 inbuerentur,

22 2489 228 2527 Plutarcho
255 2489 343 2528 Isid.
376 2497 414 2527 et
443 2491 545 2530 Osir.
577 2490 624 2527 T.
643 2491 691 2527 II.
722 2503 758 2539 p.
787 2491 890 2530 354.
918 2489 960 2526 B.
992 2496 1168 2526 auctore:
1213 2489 1321 2525 nefas
1352 2490 1455 2524 enim

24 2548 188 2595 principi
220 2553 302 2583 crat
326 2549 408 2584 sine
437 2560 632 2585 sacrorum
651 2549 812 2584 scientia
827 2549 939 2596 regni
958 2546 1258 2596 gubernaculum
1275 2550 1454 2590 tractare,

24 2601 114 2653 πὲρὶ
139 2599 214 2652 μὲν
231 2599 443 2654 Αἴγυπτον
471 2601 555 2642 οὐδ’
578 2601 704 2649 ἔξεστι
733 2602 906 2653 βασιλέα
919 2601 1048 2655 χωρὶς
1076 2599 1280 2654 ἱερατικῆς
1303 2597 1453 2653 ἄρχειν,

25 2657 135 2695 Plato
159 2656 307 2694 Politic.
325 2672 361 2707 p.
386 2660 490 2698 290.
515 2656 564 2697 D.
606 2658 738 2696 wass.

141 2715 212 2754 81.
239 2714 310 2753 50.
333 2713 409 2752 Ἐκ
436 2717 518 2753 τῶν
541 2711 708 2765 νόμων]
751 2713 908 2750 Rectius
931 2711 971 2751 ἓν
990 2715 1077 2759 τοῖς
1094 2707 1259 2762 νόμοις,
1291 2708 1390 2760 quod
1416 2709 1457 2745 in

25 2771 197 2819 margine
217 2776 416 2806 extensum
442 2770 528 2806 fuit.
564 2769 698 2807 Ruon.
755 2770 842 2806 Non
866 2770 1063 2805 subscribo
1086 2770 1160 2806 viri
1179 2767 1282 2803 docti
1303 2772 1458 2803 senten-

26 2826 130 2871 tiae3
160 2827 286 2875 paullo
305 2825 457 2875 quidem
474 2828 624 2873 planius
639 2829 801 2863 alterum
821 2825 914 2862 illud
933 2832 1004 2870 est,
1026 2837 1097 2861 nec
1106 2824 1242 2860 melius
1252 2829 1461 2872 propterea.

83 2880 178 2919 Vol..
210 2880 236 2916 I.
1160 2883 1184 2918 8
