1828 3253
229 64 322 104 392
690 62 1200 103 ANNOTATIONES

343 171 853 229 320.12.Ἐιιεθυιιῆθη
875 191 951 228 την
975 173 1258 228 κατασκευην]
1289 176 1444 215 Mallem
1463 179 1673 218 addidisset

231 225 252 269 ὃ
280 226 437 275 Τάλι.()ς
469 231 566 279 quod
588 232 636 269 ad
655 235 885 270 sententiam
910 234 1022 284 plane
1049 236 1307 270 necessarium
1325 235 1490 271 videtur.
1526 236 1665 273 YVEss.

346 287 451 326 320.
493 289 561 327 16.
608 285 709 327 An'
753 287 902 327 ἕκειίου
948 288 1210 335 Aacdawdag
1252 305 1413 342 προσαγ
1417 294 1597 343 ορευθνμ
1601 292 1671 342 αι]

233 340 375 378 Tribus
395 350 477 379 erat
497 343 719 393 Cecropidis
739 359 870 395 pagus,
892 351 987 381 teste
1009 344 1216 393 Stephano.
1241 345 1369 383 Scliol.
1390 346 1553 395 Sophoc.
1576 347 1671 385 Oed.

232 395 365 435 Colon.
385 413 422 436 v.
442 400 550 440 468.
579 413 627 437 ex
648 400 881 451 Pherecyde,
904 400 1085 470 ,Μητινιιει
1105 400 1339 467 (ΠΙητιίιινι)
1369 418 1425 441 τω
1447 401 1674 456 Ἐρεχθέως

232 452 299 492 καὶ
317 451 451 507 Ispa
431 471 481 523 οη
505 470 657 508 γινεται
677 457 914 504 dummoc,
941 454 1010 509 αφ’
1037 457 1084 495 οὗ
1108 473 1128 495 0
1154 458 1284 509 δῆμος
1306 460 1486 497 καλεῖται
1508 459 1677 499 Δαιδα-

231 497 1056 565 7f1'dc11243212v35mv.Addelo.Meursium
1078 513 1123 551 de
1152 514 1245 563 Pop.
1274 513 1392 554 Attio.
1426 527 1537 564 quem
1563 515 1677 553 scho-

231 566 368 604 liastae
389 567 483 604 haec
503 570 620 606 verba
637 583 715 607 non
737 571 929 620 fugerunt.
959 569 1008 606 W
1013 580 1092 607 Ess.

345 624 450 665 320
478 626 552 665 26.
595 624 752 675 Γενομέ
753 641 821 664 ιου
846 624 889 663 δὲ
915 621 1006 664 τότε
1027 621 1183 678 ταύρου
1214 622 1349 665 κάλὶει
1373 626 1487 680 διαφ.
1499 626 1518 680 ]
1559 627 1677 666 Ordi-

229 689 318 715 nem
339 680 490 718 fabulae
514 683 627 718 aliter
647 681 828 733 digerunt
849 661 1220 729 Apollodor.lll.1.
1244 684 1285 722 3.
1307 690 1344 720 et
1365 683 1512 735 Hygin.
1533 684 1575 721 F.
1589 684 1676 722 XL.

230 734 378 775 WEss·

345 793 449 831 320.
479 793 552 832 32.
594 791 678 831 Καὶ
710 790 760 831 τὰ
792 791 867 843 μὲν
907 788 1091 845 ἀνω-τερα
1119 791 1224 845 με’ρη
1254 796 1329 833 τοῦ
1361 790 1555 845 σώματος
1574 793 1677 849 etc.]

229 845 500 885 Minotaurum
530 852 663 900 capite
690 849 850 896 bubulo,
874 856 996 900 parte
1029 850 1227 896 infer-iore
1266 851 1461 898 Ῐιιιηιαηα,
1493 852 1677 889 describit

228 902 422 953 Hyginus.
462 904 579 942 Numi
600 918 692 942 vero
716 905 937 942 Gelensium
961 913 999 942 et
1027 905 1440 944 Tauromenitanorum
1465 910 1506 944 in
1527 906 1677 956 Sicilia,

227 957 581 1008 Neapolitanorum,
609 968 648 997 et
672 963 837 1009 plurium
859 963 1020 999 alioruin
1041 975 1107 1011 per
1128 976 1305 1013 magnam
1330 963 1551 1010 Graeciam,
1578 977 1677 1001 eun-

230 1014 315 1051 dem
345 1028 504 1064 corpore
534 1020 710 1065 taurino,
744 1021 865 1067 capite
897 1017 1062 1056 humano
1096 1020 1288 1070 insignem
1320 1019 1524 1056 exhibent:
1565 1033 1678 1069 quem.

226 1072 331 1108 inter
354 1085 488 1109 numos
521 1080 633 1123 atque
656 1073 723 1111 bos
753 1082 925 1111 auctores
945 1075 1160 1112 dissensum
1193 1077 1324 1126 tetigit
1352 1076 1399 1112 ad
1420 1074 1610 1112 Catullum
1643 1089 1678 1125 p.

227 1129 335 1168 205.
366 1128 412 1165 Is.
443 1129 615 1177 Vossius,
646 1131 873 1181 uberiusque
893 1138 1095 1167 exsecutus
1115 1137 1173 1167 est
1198 1131 1336 1168 Ezech.
1360 1131 1565 1181 Spanbeni.
1585 1131 1679 1169 Dis-

230 1190 318 1221 sert.
343 1183 387 1221 V.
411 1184 457 1221 de
480 1184 547 1222 Us.
568 1193 606 1222 et
631 1185 784 1223 Praest..
805 1187 917 1224 Num.
939 1201 975 1238 p.
995 1188 1102 1228 284.
1128 1187 1262 1225 ἨῙΕΒΒ.
1303 1188 1346 1226 V.
1373 1188 1532 1239 Ignarra
1551 1191 1678 1239 palae-

229 1246 309 1277 stra
329 1239 449 1290 Neap.
482 1253 517 1289 p.
532 1243 638 1283 234.

343 1298 447 1336 320.
462 1298 533 1338 38.
557 1294 685 1337 Επτὰ
704 1294 878 1351 κούρους
897 1314 963 1337 και
978 1295 1105 1351 κόρας
1123 1294 1242 1349 ἔπτὰ]
1259 1299 1343 1338 Καὶ
1358 1315 1484 1352 νοοσς
1497 1299 1562 1338 Co
1575 1299 1620 1337 R.
1631 1300 1677 1338 V.

228 1350 338 1401 Mut,
364 1354 463 1401 quod
483 1355 577 1391 ferri
598 1362 757 1408 poterat,
788 1357 821 1391 si
841 1353 959 1401 ἴσας
950 1336 1203 1402 addidissent,
1224 1363 1266 1392 ut
1288 1369 1388 1405 supr.
1405 1370 1438 1394 c
1454 1359 1525 1395 62.
1544 1357 1678 1394 VVESS.

346 1409 450 1447 Ibid
483 1411 547 1449 Πε
553 1410 589 1464 ρὶ
613 1427 669 1450 ων
689 1407 1012 1464 προειρήκαιιεν]
1049 1410 1234 1460 Superius
1260 1425 1290 1448 c.
1315 1414 1387 1452 62.
1416 1413 1465 1449 W
1470 1423 1549 1449 Ess.

340 1465 365 1504 3
371 1468 444 1504 20.
467 1467 540 1505 41.
553 1446 691 1519 Πρός
711 1482 800 1506 τινα
825 1470 948 1518 νῆσον
969 1469 1040 1506 πε)
1046 1466 1195 1521 αγίαν]
1224 1468 1288 1505 Ad
1308 1469 1473 1505 insulam
1486 1470 1680 1520 procula

230 1523 454 1559 continente
475 1524 589 1571 inque
609 1525 686 1560 alto
708 1526 814 1560 mari.
843 1522 955 1572 Supr.
977 1523 1021 1560 II.
1038 1525 1110 1563 39.
1143 1524 1458 1577 παρακοιιισθέν
1450 1540 1497 1563 ’τι
1519 1525 1562 1564 ὁέ
1582 1539 1680 1572 τους

228 1572 383 1624 τόποῑς
403 1574 575 1624 τούτοις
595 1585 719 1618 κεῖται
743 1595 765 1618 ‘1¹
771 1583 868 1631 ἧσος
896 1595 943 1618 πε
936 1581 1024 1632 7.a;¹
1019 1580 1066 1618 ία
1087 1579 1159 1631 μὲν
1193 1583 1250 1619 τῶ
1274 1576 1532 1633 ὁιασῑηιιατι.
1563 1580 1680 1618 Cleo-

230 1633 344 1670 bulus
364 1633 486 1688 Epist.
511 1636 558 1672 ad
583 1635 766 1673 Solonem
790 1638 830 1672 in
853 1635 1016 1686 Diogen.
1048 1636 1172 1673 Laert.
1195 1636 1223 1672 I.
1246 1638 1319 1676 93.
1353 1638 1398 1673 de
1419 1636 1581 1685 Rhodo,
1610 1636 1682 1676 καὶ

231 1684 258 1727 ἃ
280 1692 406 1736 νᾶσος
425 1691 610 1743 7127ayca,
635 1695 659 1730 i.
682 1706 712 1728 e.
734 1693 815 1729 alto
829 1694 980 1744 pelago
1001 1692 1261 1739 citcumfusa.
1292 1692 1432 1731 Strabo
1454 1696 1681 1741 insularum,

232 1757 328 1793 quae
359 1746 491 1784 Italiae
518 1749 718 1795 adiaceiffit
755 1751 851 1785 alias
881 1749 974 1785 dicit
1005 1762 1088 1785 esse
1116 1764 1378 1817 71900yetovg,
1421 1751 1504 1787 sive
1537 1752 1680 1800 exiguo

230 1803 330 1839 freto
353 1816 375 1840 a
397 1806 618 1841 continente
641 1805 875 1852 disiunctus,
904 1807 1001 1842 alias
1022 1804 1236 1857 πελαγίας,
1265 1805 1308 1845 L.
1339 1805 1387 1843 II.
1416 1819 1451 1855 p.
1474 1808 1575 1847 184.
1602 1780 1682 1843 DAd

232 1871 342 1907 quem
373 1860 527 1897 modum
555 1863 683 1899 insula
705 1860 891 1898 Osteodes
924 1869 961 1898 et
990 1860 1121 1898 Melite
1152 1857 1337 1913 πελάγιαι
1370 1863 1459 1900 infr.
1479 1863 1524 1900 V.
1551 1864 1619 1903 11.
1643 1869 1682 1899 et

236 1916 307 1955 12.
339 1922 379 1951 et
409 1918 525 1967 νῆσοι
554 1913 759 1969 πελάγιαι,
794 1930 952 1967 quarum
982 1919 1185 1966 praecipua
1214 1917 1437 1965 Panchaea,
1477 1920 1517 1956 in
1547 1919 1682 1956 Nostri

231 1971 447 2021 fragmento
479 1974 577 2022 apud
608 1973 747 2010 Euseb.
779 1973 820 2010 L.
851 1973 899 2013 11.
935 1973 1070 2022 Praep.
1100 1973 1250 2024 Evang.
1281 1987 1316 2023 p.
1339 1976 1433 2021 60.,
1463 1977 1535 2011 etsi
1565 1987 1681 2024 prave

232 2038 337 2063 nuuc
367 2028 493 2065 editur
523 2025 630 2081 717127
608 2044 701 2068 ’.ιω
737 2028 864 2066 Habet
895 2030 940 2066 de
966 2030 1144 2067 vocabuli
1173 2028 1242 2067 hac
1270 2036 1459 2080 potestate
1492 2032 1601 2080 plura
1632 2030 1682 2068 Is.

233 2081 480 2121 casaubonus
511 2087 549 2121 in
576 2084 754 2122 Strabon.
778 2085 804 2122 I.
834 2098 869 2134 p
894 2087 966 2125 53.
984 2085 1026 2122 Β.
1058 2085 1107 2122 W
1113 2096 1197 2122 ESS.

348 2141 452 2180 320.
481 2142 555 2181 46.
602 2139 707 2194 Ἀφ’
742 2140 788 2180 οἱ)
820 2141 886 2180 καὶ
916 2140 962 2181 τὸ
996 2140 1068 2180 πέ)
1060 2156 1170 2192 ayog
1195 2137 1369 2192 Ῑκάριον
1393 2141 1490 2192 etc]
1541 2141 1685 2180 Confer

232 2193 397 2233 Pausan.
424 2195 492 2234 IX.
519 2199 587 2237 11.
622 2204 660 2233 et
679 2196 860 2235 Servium
883 2198 1041 2235 Aeneid.
1073 2197 1138 2235 VI.
1166 2199 1235 2238 14.
1268 2198 1317 2235 W
1322 2209 1403 2237 Ess.

347 2253 451 2292 321.
486 2255 558 2292 60.
594 2253 679 2293 Και
713 2251 780 2292 διὰ
805 2258 932 2305 κηροῦ
962 2257 1224 2305 θαυμαστῶς
1253 2252 1514 2306 ἠσκημένας]
1552 2253 1683 2293 Fabu-

231 2308 309 2343 lam
329 2309 553 2346 cultissimis
574 2310 751 2347 versibus
779 2313 958 2359 proponit
988 2310 1152 2350 Ovidius
1175 2310 1222 2349 11.
1252 2311 1335 2348 Art.
1364 2325 1402 2349 v.
1425 2311 1500 2352 43.
1520 2318 1558 2349 et
1578 2310 1681 2350 VIII.

232 2361 388 2403 Metam.
421 2379 457 2401 v
486 2367 587 2406 198.
625 2366 760 2403 Wssss.

346 2421 452 2460 321-
485 2424 557 2461 66.
599 2420 728 2474 Παρὰ
757 2420 831 2474 τὴν
851 2419 1075 2462 3d7cxo‘oav
1105 2437 1152 2461 πε
1157 2417 1368 2475 τωιιειον]
1404 2421 1536 2473 Longe
1558 2424 1683 2459 usita-

233 2477 311 2511 tius
324 2483 382 2512 est
401 2491 548 2516 πετοιιε
553 2493 634 2524 νος,
653 2491 766 2528 quam
785 2495 830 2517 π
820 2494 968 2530 τωιιεν
972 2494 1029 2526 ος,
1046 2486 1090 2516 ut
1110 2480 1205 2515 bene
1229 2478 1284 2516 Cl.
1299 2479 1345 2516 T.
1361 2478 1619 2516 Hemsterhus.
1641 2479 1684 2514 in

232 2528 281 2568 D.
303 2530 398 2571 Mar.
420 2532 507 2570 XV.
532 2535 572 2572 3.
603 2533 778 2581 Luciani,
807 2534 906 2572 ubi
895 2535 1040 2587 ἔρωτες
1060 2550 1222 2589 παραπε
1228 2532 1410 2587 τώιιειοι.
1439 2535 1521 2572 Nec
1538 2536 1684 2585 refugit

233 2594 362 2625 tamen
384 2587 673 2638 Theophrastus
694 2590 778 2628 Lib.
801 2591 846 2628 de
858 2590 970 2642 Sign
989 2592 1101 2630 Vent.
1124 2605 1159 2641 p.
1174 2592 1280 2632 420.
1307 2588 1477 2644 ἒρώὸιον
1498 2588 1577 2629 ἀπὸ
1601 2564 1684 2629 θυα-

234 2640 396 2695 ὶάσσης
415 2642 670 2696 πετώμενον,
701 2659 824 2696 neque
848 2647 1106 2698 πετιιιμένους
1135 2651 1218 2697 ipsa
1240 2650 1281 2685 in
1301 2647 1372 2684 hac
1390 2648 1520 2684 fabula
1544 2647 1683 2683 Palae-

236 2698 722 2747 phatusHist.1ncred.c.
753 2705 824 2744 13.
857 2704 1048 2742 adhibere.
1081 2700 1559 2758 Περιπετωμενονόρνιν
1581 2702 1686 2739 dabit
