<?xml version="1.0" encoding="UTF-8"?>
<!DOCTYPE html PUBLIC "-//W3C//DTD XHTML 1.0 Transitional//EN"
    "http://www.w3.org/TR/xhtml1/DTD/xhtml1-transitional.dtd">
<html xmlns="http://www.w3.org/1999/xhtml" xml:lang="en" lang="en">
 <head>
  <title>
</title>
<meta http-equiv="Content-Type" content="text/html;charset=utf-8" />
  <meta name='ocr-system' content='tesseract 3.04.00' />
  <meta name='ocr-capabilities' content='ocr_page ocr_carea ocr_par ocr_line ocrx_word'/>
</head>
<body>
  <div class='ocr_page' id='page_1' title='image "./bibliothecahisto04dioduoft_0075.png"; bbox 0 0 1828 3253; ppageno 0'>
   <div class='ocr_carea' id='block_1_1' title="bbox 474 159 1523 202">
    <p class='ocr_par' dir='ltr' id='par_1_1' title="bbox 474 159 1523 202">
     <span class='ocr_line' id='line_1_1' title="bbox 474 159 1523 202; baseline 0 -1"><span class='ocrx_word' id='word_1_1' title='bbox 474 161 537 201; x_wconf 87' lang='lat' dir='ltr'><strong>IN</strong></span> <span class='ocrx_word' id='word_1_2' title='bbox 569 159 682 200; x_wconf 87' lang='lat' dir='ltr'><strong>LIB.</strong></span> <span class='ocrx_word' id='word_1_3' title='bbox 711 159 739 198; x_wconf 88' lang='lat'><strong>1.</strong></span> <span class='ocrx_word' id='word_1_4' title='bbox 770 159 904 201; x_wconf 69' lang='lat' dir='ltr'><strong>CAP.</strong></span> <span class='ocrx_word' id='word_1_5' title='bbox 940 161 1013 201; x_wconf 80' lang='lat'><strong>36.</strong></span> <span class='ocrx_word' id='word_1_6' title='bbox 1037 160 1110 200; x_wconf 87' lang='grc'><strong>37.</strong></span> <span class='ocrx_word' id='word_1_7' title='bbox 1464 162 1523 202; x_wconf 83' lang='grc'><strong>63</strong></span> 
     </span>
    </p>
   </div>
   <div class='ocr_carea' id='block_1_2' title="bbox 85 272 1529 2867">
    <p class='ocr_par' dir='ltr' id='par_1_2' title="bbox 85 272 1529 1005">
     <span class='ocr_line' id='line_1_2' title="bbox 90 272 1525 325; baseline -0.005 -8"><span class='ocrx_word' id='word_1_8' title='bbox 90 280 119 317; x_wconf 90' lang='lat'><strong>1.</strong></span> <span class='ocrx_word' id='word_1_9' title='bbox 148 279 346 317; x_wconf 84' lang='lat' dir='ltr'><strong>Gronovio</strong></span> <span class='ocrx_word' id='word_1_10' title='bbox 373 273 588 321; x_wconf 63' lang='lat' dir='ltr'><strong>correctus,</strong></span> <span class='ocrx_word' id='word_1_11' title='bbox 626 273 675 312; x_wconf 88' lang='lat'><strong>11.</strong></span> <span class='ocrx_word' id='word_1_12' title='bbox 709 275 779 316; x_wconf 86' lang='lat'><strong>19.</strong></span> <span class='ocrx_word' id='word_1_13' title='bbox 808 281 846 312; x_wconf 85' lang='lat' dir='ltr'><strong>et</strong></span> <span class='ocrx_word' id='word_1_14' title='bbox 873 280 961 325; x_wconf 85' lang='lat' dir='ltr'><strong>post</strong></span> <span class='ocrx_word' id='word_1_15' title='bbox 988 287 1073 313; x_wconf 87' lang='lat' dir='ltr'><strong>eum</strong></span> <span class='ocrx_word' id='word_1_16' title='bbox 1100 272 1250 313; x_wconf 82' lang='lat' dir='ltr'><strong>Plinius</strong></span> <span class='ocrx_word' id='word_1_17' title='bbox 1280 274 1324 312; x_wconf 85' lang='lat' dir='ltr'><strong>V.</strong></span> <span class='ocrx_word' id='word_1_18' title='bbox 1345 272 1394 312; x_wconf 91' lang='lat' dir='ltr'><strong>N.</strong></span> <span class='ocrx_word' id='word_1_19' title='bbox 1415 272 1465 311; x_wconf 81' lang='lat'><strong>11.</strong></span> <span class='ocrx_word' id='word_1_20' title='bbox 1483 275 1525 314; x_wconf 84' lang='lat'><strong>9.</strong></span> 
     </span>
     <span class='ocr_line' id='line_1_3' title="bbox 88 335 774 374; baseline -0.004 0"><span class='ocrx_word' id='word_1_21' title='bbox 88 335 222 374; x_wconf 74' lang='lat' dir='ltr'><strong>WEss.</strong></span> <span class='ocrx_word' id='word_1_22' title='bbox 324 361 326 363; x_wconf 61' lang='grc'><em>»</em></span> <span class='ocrx_word' id='word_1_23' title='bbox 771 359 774 362; x_wconf 62' lang='grc'><strong><em>«</em></strong></span> 
     </span>
     <span class='ocr_line' id='line_1_4' title="bbox 199 383 1523 439; baseline -0.004 -11"><span class='ocrx_word' id='word_1_24' title='bbox 199 392 274 431; x_wconf 84' lang='grc'><strong>43.</strong></span> <span class='ocrx_word' id='word_1_25' title='bbox 297 391 370 430; x_wconf 88' lang='grc'><strong>90.</strong></span> <span class='ocrx_word' id='word_1_26' title='bbox 401 390 505 436; x_wconf 71' lang='grc' dir='ltr'><strong>Ταῖς</strong></span> <span class='ocrx_word' id='word_1_27' title='bbox 524 384 709 428; x_wconf 76' lang='grc' dir='ltr'><em>Κυκλάσι</em></span> <span class='ocrx_word' id='word_1_28' title='bbox 730 383 896 439; x_wconf 72' lang='grc' dir='ltr'>νήσοις]</span> <span class='ocrx_word' id='word_1_29' title='bbox 929 387 1071 424; x_wconf 88' lang='lat' dir='ltr'><strong>Iterum</strong></span> <span class='ocrx_word' id='word_1_30' title='bbox 1098 398 1146 423; x_wconf 86' lang='lat' dir='ltr'><strong>ex</strong></span> <span class='ocrx_word' id='word_1_31' title='bbox 1165 385 1362 423; x_wconf 79' lang='lat' dir='ltr'><strong>Herodoto</strong></span> <span class='ocrx_word' id='word_1_32' title='bbox 1381 385 1430 424; x_wconf 78' lang='grc' dir='ltr'><strong>ΙΙ.</strong></span> <span class='ocrx_word' id='word_1_33' title='bbox 1450 388 1523 427; x_wconf 87' lang='grc'><strong>97.</strong></span> 
     </span>
     <span class='ocr_line' id='line_1_5' title="bbox 87 443 1525 494; baseline -0.004 -9"><span class='ocrx_word' id='word_1_34' title='bbox 87 447 252 485; x_wconf 81' lang='lat' dir='ltr'><strong>Pulchre</strong></span> <span class='ocrx_word' id='word_1_35' title='bbox 282 444 429 482; x_wconf 82' lang='lat' dir='ltr'>Seneca</span> <span class='ocrx_word' id='word_1_36' title='bbox 449 444 512 482; x_wconf 81' lang='lat' dir='ltr'><strong>lv.</strong></span> <span class='ocrx_word' id='word_1_37' title='bbox 534 447 578 490; x_wconf 82' lang='lat' dir='ltr'><strong>Q.</strong></span> <span class='ocrx_word' id='word_1_38' title='bbox 599 445 648 482; x_wconf 92' lang='lat' dir='ltr'><strong>N.</strong></span> <span class='ocrx_word' id='word_1_39' title='bbox 668 447 709 484; x_wconf 81' lang='lat'><strong>2.</strong></span> <span class='ocrx_word' id='word_1_40' title='bbox 753 445 834 483; x_wconf 74' lang='lat' dir='ltr'><em>Illa</em></span> <span class='ocrx_word' id='word_1_41' title='bbox 861 444 1004 490; x_wconf 81' lang='lat' dir='ltr'><strong>facies</strong></span> <span class='ocrx_word' id='word_1_42' title='bbox 1027 443 1299 494; x_wconf 64' lang='lat' dir='ltr'><strong>pulcherrima</strong></span> <span class='ocrx_word' id='word_1_43' title='bbox 1331 450 1409 491; x_wconf 73' lang='lat' dir='ltr'><strong>est,</strong></span> <span class='ocrx_word' id='word_1_44' title='bbox 1440 457 1525 481; x_wconf 82' lang='lat' dir='ltr'><strong>cum</strong></span> 
     </span>
     <span class='ocr_line' id='line_1_6' title="bbox 89 500 1529 551; baseline -0.003 -10"><span class='ocrx_word' id='word_1_45' title='bbox 89 507 169 541; x_wconf 79' lang='lat' dir='ltr'><strong>inm</strong></span> <span class='ocrx_word' id='word_1_46' title='bbox 187 517 228 541; x_wconf 81' lang='lat' dir='ltr'><strong>se</strong></span> <span class='ocrx_word' id='word_1_47' title='bbox 249 505 288 540; x_wconf 82' lang='lat' dir='ltr'><strong>in</strong></span> <span class='ocrx_word' id='word_1_48' title='bbox 307 514 430 551; x_wconf 79' lang='lat' dir='ltr'><strong>agros</strong></span> <span class='ocrx_word' id='word_1_49' title='bbox 451 502 565 540; x_wconf 70' lang='lat' dir='ltr'><strong>Nilus</strong></span> <span class='ocrx_word' id='word_1_50' title='bbox 583 503 757 551; x_wconf 79' lang='lat' dir='ltr'><strong><em>ingessit.</em></strong></span> <span class='ocrx_word' id='word_1_51' title='bbox 812 500 961 538; x_wconf 74' lang='lat' dir='ltr'><strong>Latent</strong></span> <span class='ocrx_word' id='word_1_52' title='bbox 986 501 1118 551; x_wconf 78' lang='lat' dir='ltr'><strong>campi</strong></span> <span class='ocrx_word' id='word_1_53' title='bbox 1127 527 1138 545; x_wconf 81' lang='lat'><strong>.,</strong></span> <span class='ocrx_word' id='word_1_54' title='bbox 1168 507 1407 551; x_wconf 76' lang='lat' dir='ltr'><strong>opertaeque</strong></span> <span class='ocrx_word' id='word_1_55' title='bbox 1436 505 1529 537; x_wconf 76' lang='lat' dir='ltr'><strong>sunt</strong></span> 
     </span>
     <span class='ocr_line' id='line_1_7' title="bbox 87 556 1527 610; baseline -0.005 -11"><span class='ocrx_word' id='word_1_56' title='bbox 87 561 212 598; x_wconf 80' lang='lat' dir='ltr'><strong>valles</strong></span> <span class='ocrx_word' id='word_1_57' title='bbox 222 570 236 606; x_wconf 89' lang='lat'><strong>,·</strong></span> <span class='ocrx_word' id='word_1_58' title='bbox 265 559 407 610; x_wconf 77' lang='lat' dir='ltr'><strong>oppida</strong></span> <span class='ocrx_word' id='word_1_59' title='bbox 427 560 642 596; x_wconf 79' lang='lat' dir='ltr'><strong>insularum</strong></span> <span class='ocrx_word' id='word_1_60' title='bbox 661 559 772 596; x_wconf 75' lang='lat' dir='ltr'><strong>modo</strong></span> <span class='ocrx_word' id='word_1_61' title='bbox 804 563 975 596; x_wconf 56' lang='lat' dir='ltr'><strong>etstan&amp;</strong></span> <span class='ocrx_word' id='word_1_62' title='bbox 1035 556 1193 594; x_wconf 74' lang='lat' dir='ltr'><strong>Nullum</strong></span> <span class='ocrx_word' id='word_1_63' title='bbox 1223 558 1262 593; x_wconf 78' lang='lat' dir='ltr'><strong>in</strong></span> <span class='ocrx_word' id='word_1_64' title='bbox 1289 558 1527 593; x_wconf 73' lang='lat' dir='ltr'><strong>mediterra-</strong></span> 
     </span>
     <span class='ocr_line' id='line_1_8' title="bbox 86 613 1524 667; baseline -0.003 -13"><span class='ocrx_word' id='word_1_65' title='bbox 86 618 172 654; x_wconf 77' lang='lat' dir='ltr'><strong>neis</strong></span> <span class='ocrx_word' id='word_1_66' title='bbox 196 616 277 653; x_wconf 82' lang='lat' dir='ltr'><strong>nisi</strong></span> <span class='ocrx_word' id='word_1_67' title='bbox 293 627 375 667; x_wconf 73' lang='lat' dir='ltr'><strong>pet·</strong></span> <span class='ocrx_word' id='word_1_68' title='bbox 401 617 565 665; x_wconf 77' lang='lat' dir='ltr'><strong>navigia</strong></span> <span class='ocrx_word' id='word_1_69' title='bbox 596 616 866 653; x_wconf 71' lang='lat' dir='ltr'><em>commercium</em></span> <span class='ocrx_word' id='word_1_70' title='bbox 895 620 965 651; x_wconf 80' lang='lat' dir='ltr'><strong>est.</strong></span> <span class='ocrx_word' id='word_1_71' title='bbox 1020 613 1231 664; x_wconf 81' lang='lat' dir='ltr'><strong>Maiorque</strong></span> <span class='ocrx_word' id='word_1_72' title='bbox 1270 619 1331 650; x_wconf 83' lang='lat' dir='ltr'><strong>est</strong></span> <span class='ocrx_word' id='word_1_73' title='bbox 1365 613 1524 649; x_wconf 63' lang='lat' dir='ltr'><strong>laetitia</strong></span> 
     </span>
     <span class='ocr_line' id='line_1_9' title="bbox 86 668 1526 722; baseline -0.002 -13"><span class='ocrx_word' id='word_1_74' title='bbox 86 672 287 722; x_wconf 73' lang='lat' dir='ltr'><em>gentibue,</em></span> <span class='ocrx_word' id='word_1_75' title='bbox 316 684 391 722; x_wconf 81' lang='lat' dir='ltr'><strong>quo</strong></span> <span class='ocrx_word' id='word_1_76' title='bbox 414 674 540 709; x_wconf 83' lang='lat' dir='ltr'><strong>minus</strong></span> <span class='ocrx_word' id='word_1_77' title='bbox 571 678 772 709; x_wconf 78' lang='lat' dir='ltr'><strong>terrarum</strong></span> <span class='ocrx_word' id='word_1_78' title='bbox 801 683 962 708; x_wconf 79' lang='lat' dir='ltr'><strong>suarum</strong></span> <span class='ocrx_word' id='word_1_79' title='bbox 988 672 1133 708; x_wconf 84' lang='lat' dir='ltr'><strong>vident.</strong></span> <span class='ocrx_word' id='word_1_80' title='bbox 1188 669 1241 706; x_wconf 85' lang='lat' dir='ltr'><strong>Et</strong></span> <span class='ocrx_word' id='word_1_81' title='bbox 1271 668 1409 706; x_wconf 83' lang='lat' dir='ltr'><strong>Strabo</strong></span> <span class='ocrx_word' id='word_1_82' title='bbox 1438 668 1526 706; x_wconf 89' lang='lat' dir='ltr'><strong>XV.</strong></span> 
     </span>
     <span class='ocr_line' id='line_1_10' title="bbox 86 725 1525 778; baseline -0.003 -13"><span class='ocrx_word' id='word_1_83' title='bbox 86 742 122 778; x_wconf 91' lang='lat' dir='ltr'><strong>p.</strong></span> <span class='ocrx_word' id='word_1_84' title='bbox 149 729 282 769; x_wconf 84' lang='grc'><strong>1014.</strong></span> <span class='ocrx_word' id='word_1_85' title='bbox 301 726 344 764; x_wconf 91' lang='grc' dir='ltr'><strong>Β.</strong></span> <span class='ocrx_word' id='word_1_86' title='bbox 364 734 401 765; x_wconf 90' lang='lat' dir='ltr'><strong>et</strong></span> <span class='ocrx_word' id='word_1_87' title='bbox 418 727 544 766; x_wconf 81' lang='lat' dir='ltr'><strong>XVH.</strong></span> <span class='ocrx_word' id='word_1_88' title='bbox 562 740 598 777; x_wconf 89' lang='lat' dir='ltr'><strong>p.</strong></span> <span class='ocrx_word' id='word_1_89' title='bbox 625 731 645 768; x_wconf 92' lang='lat'>1</span> <span class='ocrx_word' id='word_1_90' title='bbox 658 730 759 768; x_wconf 81' lang='lat'><strong>137.</strong></span> <span class='ocrx_word' id='word_1_91' title='bbox 779 726 821 764; x_wconf 90' lang='grc' dir='ltr'><strong>Β.</strong></span> <span class='ocrx_word' id='word_1_92' title='bbox 857 726 901 764; x_wconf 91' lang='lat' dir='ltr'><strong>Id</strong></span> <span class='ocrx_word' id='word_1_93' title='bbox 925 739 1073 776; x_wconf 85' lang='lat' dir='ltr'><strong>quoque</strong></span> <span class='ocrx_word' id='word_1_94' title='bbox 1094 727 1213 772; x_wconf 84' lang='lat' dir='ltr'><strong>bene,</strong></span> <span class='ocrx_word' id='word_1_95' title='bbox 1243 725 1344 773; x_wconf 84' lang='lat' dir='ltr'><strong>quod</strong></span> <span class='ocrx_word' id='word_1_96' title='bbox 1362 726 1525 762; x_wconf 75' lang='lat' dir='ltr'><strong>collibus</strong></span> 
     </span>
     <span class='ocr_line' id='line_1_11' title="bbox 87 782 1524 835; baseline -0.003 -13"><span class='ocrx_word' id='word_1_97' title='bbox 87 786 226 833; x_wconf 88' lang='lat' dir='ltr'><strong>partim</strong></span> <span class='ocrx_word' id='word_1_98' title='bbox 253 787 419 832; x_wconf 74' lang='lat' dir='ltr'><strong>nativis,</strong></span> <span class='ocrx_word' id='word_1_99' title='bbox 441 787 579 835; x_wconf 87' lang='lat' dir='ltr'><strong>partim</strong></span> <span class='ocrx_word' id='word_1_100' title='bbox 608 798 723 822; x_wconf 85' lang='lat' dir='ltr'><strong>manu</strong></span> <span class='ocrx_word' id='word_1_101' title='bbox 753 784 886 831; x_wconf 84' lang='lat' dir='ltr'><strong>factis,</strong></span> <span class='ocrx_word' id='word_1_102' title='bbox 914 785 1028 822; x_wconf 79' lang='lat' dir='ltr'><strong>villas</strong></span> <span class='ocrx_word' id='word_1_103' title='bbox 1055 790 1166 831; x_wconf 82' lang='lat' dir='ltr'><strong>atque</strong></span> <span class='ocrx_word' id='word_1_104' title='bbox 1188 782 1325 831; x_wconf 90' lang='lat' dir='ltr'><strong>oppida</strong></span> <span class='ocrx_word' id='word_1_105' title='bbox 1352 783 1524 830; x_wconf 81' lang='lat' dir='ltr'><strong>inponat.</strong></span> 
     </span>
     <span class='ocr_line' id='line_1_12' title="bbox 87 840 1526 892; baseline -0.003 -14"><span class='ocrx_word' id='word_1_106' title='bbox 87 840 276 878; x_wconf 85' lang='lat' dir='ltr'><strong>Sesostris</strong></span> <span class='ocrx_word' id='word_1_107' title='bbox 301 843 404 877; x_wconf 86' lang='lat' dir='ltr'><strong>enim</strong></span> <span class='ocrx_word' id='word_1_108' title='bbox 433 845 474 879; x_wconf 90' lang='lat' dir='ltr'><strong>in</strong></span> <span class='ocrx_word' id='word_1_109' title='bbox 503 843 673 878; x_wconf 88' lang='lat' dir='ltr'><strong>excelsas</strong></span> <span class='ocrx_word' id='word_1_110' title='bbox 701 854 884 892; x_wconf 82' lang='lat' dir='ltr'><strong>aggerum</strong></span> <span class='ocrx_word' id='word_1_111' title='bbox 899 841 1040 886; x_wconf 85' lang='lat' dir='ltr'><strong>moles,</strong></span> <span class='ocrx_word' id='word_1_112' title='bbox 1070 852 1163 888; x_wconf 87' lang='lat' dir='ltr'><strong>quas</strong></span> <span class='ocrx_word' id='word_1_113' title='bbox 1189 840 1428 886; x_wconf 79' lang='lat' dir='ltr'><strong>captivorum</strong></span> <span class='ocrx_word' id='word_1_114' title='bbox 1445 851 1526 874; x_wconf 85' lang='lat' dir='ltr'><strong>ma-</strong></span> 
     </span>
     <span class='ocr_line' id='line_1_13' title="bbox 85 894 1524 947; baseline -0.003 -12"><span class='ocrx_word' id='word_1_115' title='bbox 85 897 201 935; x_wconf 87' lang='lat' dir='ltr'><strong>nibus</strong></span> <span class='ocrx_word' id='word_1_116' title='bbox 220 904 533 946; x_wconf 75' lang='lat' dir='ltr'>coacervaverat,</span> <span class='ocrx_word' id='word_1_117' title='bbox 562 911 623 936; x_wconf 86' lang='lat' dir='ltr'><strong>eas</strong></span> <span class='ocrx_word' id='word_1_118' title='bbox 642 900 816 935; x_wconf 79' lang='lat' dir='ltr'><strong>civitates</strong></span> <span class='ocrx_word' id='word_1_119' title='bbox 829 925 840 945; x_wconf 85' lang='lat'><strong>.,</strong></span> <span class='ocrx_word' id='word_1_120' title='bbox 871 910 967 947; x_wconf 86' lang='lat' dir='ltr'><strong>quae</strong></span> <span class='ocrx_word' id='word_1_121' title='bbox 987 896 1229 934; x_wconf 88' lang='lat' dir='ltr'><strong>humiliorem</strong></span> <span class='ocrx_word' id='word_1_122' title='bbox 1262 894 1392 933; x_wconf 87' lang='lat' dir='ltr'><strong>sedem</strong></span> <span class='ocrx_word' id='word_1_123' title='bbox 1411 907 1524 931; x_wconf 88' lang='lat' dir='ltr'><strong>occu-</strong></span> 
     </span>
     <span class='ocr_line' id='line_1_14' title="bbox 87 952 1085 1005; baseline -0.003 -13"><span class='ocrx_word' id='word_1_124' title='bbox 87 960 294 1003; x_wconf 82' lang='lat' dir='ltr'><strong>paverant,</strong></span> <span class='ocrx_word' id='word_1_125' title='bbox 319 957 591 1005; x_wconf 81' lang='lat' dir='ltr'>transmigrare</span> <span class='ocrx_word' id='word_1_126' title='bbox 616 957 780 992; x_wconf 87' lang='lat' dir='ltr'><strong>iusserat</strong></span> <span class='ocrx_word' id='word_1_127' title='bbox 798 954 827 991; x_wconf 91' lang='lat' dir='ltr'><strong>I.</strong></span> <span class='ocrx_word' id='word_1_128' title='bbox 852 956 922 994; x_wconf 84' lang='lat'><strong>57.</strong></span> <span class='ocrx_word' id='word_1_129' title='bbox 950 952 1085 990; x_wconf 51' lang='lat' dir='ltr'><strong>YVESS.</strong></span> 
     </span>
    </p>

    <p class='ocr_par' dir='ltr' id='par_1_3' title="bbox 87 1007 1526 1174">
     <span class='ocr_line' id='line_1_15' title="bbox 197 1007 1526 1063; baseline -0.004 -13"><span class='ocrx_word' id='word_1_130' title='bbox 197 1010 374 1053; x_wconf 60' lang='lat'>4419&amp;</span> <span class='ocrx_word' id='word_1_131' title='bbox 411 1011 484 1057; x_wconf 79' lang='grc' dir='ltr'><strong>Εἷς</strong></span> <span class='ocrx_word' id='word_1_132' title='bbox 512 1008 647 1050; x_wconf 78' lang='grc' dir='ltr'>ἄνεσιν</span> <span class='ocrx_word' id='word_1_133' title='bbox 677 1009 923 1063; x_wconf 70' lang='grc' dir='ltr'>τρέπονται]</span> <span class='ocrx_word' id='word_1_134' title='bbox 961 1009 1096 1047; x_wconf 85' lang='lat' dir='ltr'>Festos</span> <span class='ocrx_word' id='word_1_135' title='bbox 1135 1021 1200 1046; x_wconf 84' lang='lat' dir='ltr'><strong>eos</strong></span> <span class='ocrx_word' id='word_1_136' title='bbox 1238 1008 1342 1056; x_wconf 76' lang='lat' dir='ltr'><strong>dies,</strong></span> <span class='ocrx_word' id='word_1_137' title='bbox 1382 1021 1406 1046; x_wconf 90' lang='lat' dir='ltr'><strong>a</strong></span> <span class='ocrx_word' id='word_1_138' title='bbox 1433 1007 1526 1046; x_wconf 91' lang='lat' dir='ltr'><strong>Nilo</strong></span> 
     </span>
     <span class='ocr_line' id='line_1_16' title="bbox 87 1065 1526 1116; baseline -0.001 -11"><span class='ocrx_word' id='word_1_139' title='bbox 87 1066 254 1106; x_wconf 75' lang='grc' dir='ltr'>Νειλῶα</span> <span class='ocrx_word' id='word_1_140' title='bbox 279 1065 489 1104; x_wconf 82' lang='lat' dir='ltr'><strong>Heliodoro</strong></span> <span class='ocrx_word' id='word_1_141' title='bbox 520 1067 590 1104; x_wconf 81' lang='lat' dir='ltr'><strong>lx,</strong></span> <span class='ocrx_word' id='word_1_142' title='bbox 619 1080 654 1116; x_wconf 90' lang='lat' dir='ltr'><strong>p.</strong></span> <span class='ocrx_word' id='word_1_143' title='bbox 682 1068 789 1106; x_wconf 82' lang='lat'><strong>423.</strong></span> <span class='ocrx_word' id='word_1_144' title='bbox 828 1067 975 1113; x_wconf 75' lang='lat' dir='ltr'><strong>dictos,</strong></span> <span class='ocrx_word' id='word_1_145' title='bbox 1017 1066 1279 1114; x_wconf 82' lang='lat' dir='ltr'><strong>comissando,</strong></span> <span class='ocrx_word' id='word_1_146' title='bbox 1328 1066 1526 1115; x_wconf 88' lang='lat' dir='ltr'><strong>piscando,</strong></span> 
     </span>
     <span class='ocr_line' id='line_1_17' title="bbox 87 1121 1414 1174; baseline -0.002 -14"><span class='ocrx_word' id='word_1_147' title='bbox 87 1122 308 1174; x_wconf 79' lang='lat' dir='ltr'><strong>navigando</strong></span> <span class='ocrx_word' id='word_1_148' title='bbox 327 1122 467 1161; x_wconf 82' lang='lat' dir='ltr'><strong>hilares</strong></span> <span class='ocrx_word' id='word_1_149' title='bbox 487 1124 773 1169; x_wconf 69' lang='lat' dir='ltr'><strong>consumebant,</strong></span> <span class='ocrx_word' id='word_1_150' title='bbox 793 1123 941 1160; x_wconf 86' lang='lat' dir='ltr'><strong>Aelian.</strong></span> <span class='ocrx_word' id='word_1_151' title='bbox 962 1121 1015 1160; x_wconf 89' lang='lat' dir='ltr'><strong>X.</strong></span> <span class='ocrx_word' id='word_1_152' title='bbox 1035 1122 1086 1161; x_wconf 87' lang='lat' dir='ltr'><strong>H.</strong></span> <span class='ocrx_word' id='word_1_153' title='bbox 1109 1121 1154 1159; x_wconf 89' lang='lat' dir='ltr'><strong>A.</strong></span> <span class='ocrx_word' id='word_1_154' title='bbox 1173 1122 1247 1161; x_wconf 90' lang='grc'><strong>43.</strong></span> <span class='ocrx_word' id='word_1_155' title='bbox 1279 1122 1414 1158; x_wconf 48' lang='lat' dir='ltr'><strong>XVI-ms.</strong></span> 
     </span>
    </p>

    <p class='ocr_par' dir='ltr' id='par_1_4' title="bbox 86 1177 1525 1514">
     <span class='ocr_line' id='line_1_18' title="bbox 200 1177 1525 1231; baseline -0.004 -12"><span class='ocrx_word' id='word_1_156' title='bbox 200 1179 275 1219; x_wconf 87' lang='grc'><strong>44.</strong></span> <span class='ocrx_word' id='word_1_157' title='bbox 292 1181 335 1218; x_wconf 83' lang='grc'><strong>2.</strong></span> <span class='ocrx_word' id='word_1_158' title='bbox 367 1178 716 1231; x_wconf 64' lang='grc' dir='ltr'><strong>Νειλοσκοπεῖον]</strong></span> <span class='ocrx_word' id='word_1_159' title='bbox 748 1179 931 1217; x_wconf 80' lang='lat' dir='ltr'><strong>Straboni</strong></span> <span class='ocrx_word' id='word_1_160' title='bbox 958 1178 1083 1218; x_wconf 77' lang='lat' dir='ltr'><strong>XVII.</strong></span> <span class='ocrx_word' id='word_1_161' title='bbox 1105 1191 1142 1227; x_wconf 92' lang='lat' dir='ltr'><strong>p.</strong></span> <span class='ocrx_word' id='word_1_162' title='bbox 1166 1180 1301 1219; x_wconf 88' lang='grc'><strong>1171.</strong></span> <span class='ocrx_word' id='word_1_163' title='bbox 1322 1177 1370 1215; x_wconf 92' lang='lat' dir='ltr'><strong>D.</strong></span> <span class='ocrx_word' id='word_1_164' title='bbox 1392 1184 1430 1215; x_wconf 82' lang='lat' dir='ltr'><strong>et</strong></span> <span class='ocrx_word' id='word_1_165' title='bbox 1458 1181 1525 1225; x_wconf 86' lang='lat' dir='ltr'><strong>qui</strong></span> 
     </span>
     <span class='ocr_line' id='line_1_19' title="bbox 86 1233 1525 1286; baseline 0.001 -15"><span class='ocrx_word' id='word_1_166' title='bbox 86 1247 174 1271; x_wconf 91' lang='lat' dir='ltr'><strong>eum</strong></span> <span class='ocrx_word' id='word_1_167' title='bbox 200 1238 392 1283; x_wconf 77' lang='lat' dir='ltr'><strong>sequitur,</strong></span> <span class='ocrx_word' id='word_1_168' title='bbox 421 1235 631 1273; x_wconf 86' lang='lat' dir='ltr'><strong>Heliodoro</strong></span> <span class='ocrx_word' id='word_1_169' title='bbox 662 1235 732 1273; x_wconf 87' lang='lat' dir='ltr'><strong>IX.</strong></span> <span class='ocrx_word' id='word_1_170' title='bbox 765 1248 801 1284; x_wconf 86' lang='lat' dir='ltr'><strong>p.</strong></span> <span class='ocrx_word' id='word_1_171' title='bbox 832 1237 940 1276; x_wconf 75' lang='grc'><strong>443.</strong></span> <span class='ocrx_word' id='word_1_172' title='bbox 969 1233 1274 1286; x_wconf 70' lang='grc' dir='ltr'><strong>Νειλομέτριον.</strong></span> <span class='ocrx_word' id='word_1_173' title='bbox 1333 1234 1394 1271; x_wconf 89' lang='lat' dir='ltr'><strong>Ad</strong></span> <span class='ocrx_word' id='word_1_174' title='bbox 1423 1236 1525 1283; x_wconf 86' lang='lat' dir='ltr'><strong>quod</strong></span> 
     </span>
     <span class='ocr_line' id='line_1_20' title="bbox 86 1291 1525 1344; baseline 0 -17"><span class='ocrx_word' id='word_1_175' title='bbox 86 1304 158 1342; x_wconf 85' lang='lat' dir='ltr'><strong>ego</strong></span> <span class='ocrx_word' id='word_1_176' title='bbox 189 1293 402 1340; x_wconf 86' lang='lat' dir='ltr'><strong>exemplum</strong></span> <span class='ocrx_word' id='word_1_177' title='bbox 435 1292 700 1344; x_wconf 73' lang='lat' dir='ltr'><strong>Nilo-scopiam</strong></span> <span class='ocrx_word' id='word_1_178' title='bbox 727 1294 882 1339; x_wconf 72' lang='lat' dir='ltr'><strong>malim,</strong></span> <span class='ocrx_word' id='word_1_179' title='bbox 907 1303 1018 1340; x_wconf 87' lang='lat' dir='ltr'><strong>quam</strong></span> <span class='ocrx_word' id='word_1_180' title='bbox 1049 1291 1134 1328; x_wconf 73' lang='lat' dir='ltr'><strong>Nili</strong></span> <span class='ocrx_word' id='word_1_181' title='bbox 1151 1291 1375 1342; x_wconf 79' lang='lat' dir='ltr'><strong>speculam:</strong></span> <span class='ocrx_word' id='word_1_182' title='bbox 1401 1303 1525 1339; x_wconf 89' lang='lat' dir='ltr'><strong>neque</strong></span> 
     </span>
     <span class='ocr_line' id='line_1_21' title="bbox 86 1349 1525 1400; baseline 0 -17"><span class='ocrx_word' id='word_1_183' title='bbox 86 1350 189 1384; x_wconf 86' lang='lat' dir='ltr'><strong>enim</strong></span> <span class='ocrx_word' id='word_1_184' title='bbox 214 1350 412 1400; x_wconf 77' lang='lat' dir='ltr'><strong>speculam</strong></span> <span class='ocrx_word' id='word_1_185' title='bbox 441 1357 545 1386; x_wconf 86' lang='lat' dir='ltr'><strong>recte</strong></span> <span class='ocrx_word' id='word_1_186' title='bbox 579 1350 723 1386; x_wconf 86' lang='lat' dir='ltr'><strong>dixeris</strong></span> <span class='ocrx_word' id='word_1_187' title='bbox 750 1363 836 1386; x_wconf 88' lang='lat' dir='ltr'><strong>eum</strong></span> <span class='ocrx_word' id='word_1_188' title='bbox 867 1355 1044 1397; x_wconf 78' lang='lat' dir='ltr'><strong>puteum,</strong></span> <span class='ocrx_word' id='word_1_189' title='bbox 1073 1349 1180 1384; x_wconf 85' lang='lat' dir='ltr'><strong>cuius</strong></span> <span class='ocrx_word' id='word_1_190' title='bbox 1200 1360 1400 1384; x_wconf 81' lang='lat' dir='ltr'><strong>mensurae</strong></span> <span class='ocrx_word' id='word_1_191' title='bbox 1421 1350 1525 1384; x_wconf 85' lang='lat' dir='ltr'><strong>notis</strong></span> 
     </span>
     <span class='ocr_line' id='line_1_22' title="bbox 86 1403 1525 1455; baseline 0 -14"><span class='ocrx_word' id='word_1_192' title='bbox 86 1403 197 1442; x_wconf 83' lang='lat' dir='ltr'><strong>fluvii</strong></span> <span class='ocrx_word' id='word_1_193' title='bbox 229 1411 361 1442; x_wconf 87' lang='lat' dir='ltr'><strong>auctus</strong></span> <span class='ocrx_word' id='word_1_194' title='bbox 386 1405 780 1455; x_wconf 80' lang='lat' dir='ltr'><strong>deprehendebantur.</strong></span> <span class='ocrx_word' id='word_1_195' title='bbox 835 1405 936 1450; x_wconf 70' lang='lat' dir='ltr'><strong>Quid</strong></span> <span class='ocrx_word' id='word_1_196' title='bbox 963 1411 1090 1442; x_wconf 88' lang='lat' dir='ltr'><strong>autem</strong></span> <span class='ocrx_word' id='word_1_197' title='bbox 1115 1404 1221 1441; x_wconf 88' lang='lat' dir='ltr'><strong>aliud</strong></span> <span class='ocrx_word' id='word_1_198' title='bbox 1250 1403 1525 1442; x_wconf 82' lang='lat' dir='ltr'><strong>Nilometrium</strong></span> 
     </span>
     <span class='ocr_line' id='line_1_23' title="bbox 87 1460 655 1514; baseline 0.002 -17"><span class='ocrx_word' id='word_1_199' title='bbox 87 1462 169 1498; x_wconf 80' lang='lat' dir='ltr'><strong>sive</strong></span> <span class='ocrx_word' id='word_1_200' title='bbox 190 1460 483 1514; x_wconf 80' lang='lat' dir='ltr'><strong>Niloscopium?</strong></span> <span class='ocrx_word' id='word_1_201' title='bbox 520 1462 655 1500; x_wconf 69' lang='lat' dir='ltr'><strong>Wnss.</strong></span> 
     </span>
    </p>

    <p class='ocr_par' dir='ltr' id='par_1_5' title="bbox 86 1513 1525 2019">
     <span class='ocr_line' id='line_1_24' title="bbox 195 1513 1525 1571; baseline -0.002 -14"><span class='ocrx_word' id='word_1_202' title='bbox 195 1517 271 1557; x_wconf 85' lang='grc'><strong>44.</strong></span> <span class='ocrx_word' id='word_1_203' title='bbox 295 1519 335 1557; x_wconf 87' lang='lat'><strong>5.</strong></span> <span class='ocrx_word' id='word_1_204' title='bbox 364 1515 537 1565; x_wconf 72' lang='grc' dir='ltr'>Πόσους</span> <span class='ocrx_word' id='word_1_205' title='bbox 555 1515 695 1571; x_wconf 73' lang='grc' dir='ltr'><em>πήχεις</em></span> <span class='ocrx_word' id='word_1_206' title='bbox 711 1516 737 1571; x_wconf 76' lang='grc' dir='ltr'><em>ἢ</em></span> <span class='ocrx_word' id='word_1_207' title='bbox 761 1513 1014 1569; x_wconf 72' lang='grc' dir='ltr'>δακτύλους]</span> <span class='ocrx_word' id='word_1_208' title='bbox 1042 1517 1127 1556; x_wconf 90' lang='lat' dir='ltr'><strong>Hoc</strong></span> <span class='ocrx_word' id='word_1_209' title='bbox 1145 1517 1277 1568; x_wconf 86' lang='lat' dir='ltr'><strong>probo.</strong></span> <span class='ocrx_word' id='word_1_210' title='bbox 1317 1516 1351 1554; x_wconf 91' lang='lat' dir='ltr'><strong>A</strong></span> <span class='ocrx_word' id='word_1_211' title='bbox 1372 1517 1525 1564; x_wconf 80' lang='lat' dir='ltr'><strong>cubitis,</strong></span> 
     </span>
     <span class='ocr_line' id='line_1_25' title="bbox 87 1573 1525 1623; baseline 0 -13"><span class='ocrx_word' id='word_1_212' title='bbox 87 1573 224 1620; x_wconf 88' lang='lat' dir='ltr'><strong>quibus</strong></span> <span class='ocrx_word' id='word_1_213' title='bbox 253 1573 364 1612; x_wconf 84' lang='lat' dir='ltr'><strong>fluvii</strong></span> <span class='ocrx_word' id='word_1_214' title='bbox 390 1577 626 1613; x_wconf 86' lang='lat' dir='ltr'><strong>incrementa</strong></span> <span class='ocrx_word' id='word_1_215' title='bbox 653 1577 929 1623; x_wconf 82' lang='lat' dir='ltr'><strong>metiebantur,</strong></span> <span class='ocrx_word' id='word_1_216' title='bbox 969 1583 1006 1612; x_wconf 88' lang='lat' dir='ltr'><strong>et</strong></span> <span class='ocrx_word' id='word_1_217' title='bbox 1036 1575 1119 1613; x_wconf 86' lang='lat' dir='ltr'><strong>Nili</strong></span> <span class='ocrx_word' id='word_1_218' title='bbox 1144 1582 1278 1612; x_wconf 84' lang='lat' dir='ltr'><strong>auctus</strong></span> <span class='ocrx_word' id='word_1_219' title='bbox 1311 1581 1349 1610; x_wconf 88' lang='lat' dir='ltr'><strong>et</strong></span> <span class='ocrx_word' id='word_1_220' title='bbox 1378 1575 1525 1610; x_wconf 83' lang='lat' dir='ltr'><strong>instru-</strong></span> 
     </span>
     <span class='ocr_line' id='line_1_26' title="bbox 87 1631 1524 1682; baseline 0 -16"><span class='ocrx_word' id='word_1_221' title='bbox 87 1636 278 1677; x_wconf 85' lang='lat' dir='ltr'><strong>mentum,</strong></span> <span class='ocrx_word' id='word_1_222' title='bbox 319 1642 394 1679; x_wconf 90' lang='lat' dir='ltr'><strong>quo</strong></span> <span class='ocrx_word' id='word_1_223' title='bbox 429 1632 697 1669; x_wconf 83' lang='lat' dir='ltr'><strong>adscendentis</strong></span> <span class='ocrx_word' id='word_1_224' title='bbox 726 1643 843 1681; x_wconf 87' lang='lat' dir='ltr'><strong>aquas</strong></span> <span class='ocrx_word' id='word_1_225' title='bbox 878 1633 1130 1682; x_wconf 84' lang='lat' dir='ltr'><strong>explorabant</strong></span> <span class='ocrx_word' id='word_1_226' title='bbox 1161 1636 1200 1667; x_wconf 89' lang='lat' dir='ltr'><strong>et</strong></span> <span class='ocrx_word' id='word_1_227' title='bbox 1238 1631 1524 1676; x_wconf 85' lang='lat' dir='ltr'><strong>mensurabant,</strong></span> 
     </span>
     <span class='ocr_line' id='line_1_27' title="bbox 88 1683 1524 1738; baseline 0.001 -16"><span class='ocrx_word' id='word_1_228' title='bbox 88 1688 209 1723; x_wconf 87' lang='lat' dir='ltr'><strong>serior</strong></span> <span class='ocrx_word' id='word_1_229' title='bbox 239 1693 344 1723; x_wconf 87' lang='lat' dir='ltr'><strong>aetas</strong></span> <span class='ocrx_word' id='word_1_230' title='bbox 373 1683 512 1738; x_wconf 71' lang='grc' dir='ltr'><em>πήχεις</em></span> <span class='ocrx_word' id='word_1_231' title='bbox 539 1690 767 1738; x_wconf 84' lang='lat' dir='ltr'><strong>appellavit:</strong></span> <span class='ocrx_word' id='word_1_232' title='bbox 799 1690 939 1736; x_wconf 85' lang='lat' dir='ltr'><strong>prioris</strong></span> <span class='ocrx_word' id='word_1_233' title='bbox 966 1701 1057 1726; x_wconf 92' lang='lat' dir='ltr'><strong>usus</strong></span> <span class='ocrx_word' id='word_1_234' title='bbox 1082 1688 1200 1725; x_wconf 85' lang='lat' dir='ltr'><strong>index</strong></span> <span class='ocrx_word' id='word_1_235' title='bbox 1220 1689 1374 1724; x_wconf 87' lang='lat' dir='ltr'><strong>exsistit</strong></span> <span class='ocrx_word' id='word_1_236' title='bbox 1390 1686 1524 1723; x_wconf 90' lang='lat' dir='ltr'><strong>Hime-</strong></span> 
     </span>
     <span class='ocr_line' id='line_1_28' title="bbox 86 1741 1524 1793; baseline 0.001 -15"><span class='ocrx_word' id='word_1_237' title='bbox 86 1744 169 1778; x_wconf 87' lang='lat' dir='ltr'><strong>rius</strong></span> <span class='ocrx_word' id='word_1_238' title='bbox 186 1744 227 1779; x_wconf 92' lang='lat' dir='ltr'><strong>in</strong></span> <span class='ocrx_word' id='word_1_239' title='bbox 247 1741 430 1780; x_wconf 85' lang='lat' dir='ltr'><strong>Biblioth.</strong></span> <span class='ocrx_word' id='word_1_240' title='bbox 448 1743 577 1781; x_wconf 87' lang='lat' dir='ltr'><strong>Photii</strong></span> <span class='ocrx_word' id='word_1_241' title='bbox 594 1743 685 1782; x_wconf 88' lang='lat' dir='ltr'><strong>Cod.</strong></span> <span class='ocrx_word' id='word_1_242' title='bbox 706 1744 892 1782; x_wconf 89' lang='lat' dir='ltr'><strong>CCXLll.</strong></span> <span class='ocrx_word' id='word_1_243' title='bbox 907 1758 945 1793; x_wconf 91' lang='lat' dir='ltr'><strong>p.</strong></span> <span class='ocrx_word' id='word_1_244' title='bbox 969 1746 1104 1785; x_wconf 84' lang='lat'><strong>1127.</strong></span> <span class='ocrx_word' id='word_1_245' title='bbox 1135 1745 1356 1792; x_wconf 84' lang='lat' dir='ltr'><strong>posterioris</strong></span> <span class='ocrx_word' id='word_1_246' title='bbox 1385 1742 1524 1780; x_wconf 87' lang='lat' dir='ltr'><strong>Socra-</strong></span> 
     </span>
     <span class='ocr_line' id='line_1_29' title="bbox 86 1797 1524 1847; baseline 0.001 -13"><span class='ocrx_word' id='word_1_247' title='bbox 86 1804 145 1834; x_wconf 81' lang='lat' dir='ltr'><strong>tes</strong></span> <span class='ocrx_word' id='word_1_248' title='bbox 164 1797 193 1835; x_wconf 91' lang='lat' dir='ltr'><strong>I.</strong></span> <span class='ocrx_word' id='word_1_249' title='bbox 212 1797 263 1835; x_wconf 87' lang='lat' dir='ltr'><strong>H.</strong></span> <span class='ocrx_word' id='word_1_250' title='bbox 279 1798 325 1836; x_wconf 90' lang='lat' dir='ltr'><strong>E.</strong></span> <span class='ocrx_word' id='word_1_251' title='bbox 349 1801 419 1840; x_wconf 90' lang='lat'><strong>18.</strong></span> <span class='ocrx_word' id='word_1_252' title='bbox 439 1806 478 1837; x_wconf 89' lang='lat' dir='ltr'><strong>et</strong></span> <span class='ocrx_word' id='word_1_253' title='bbox 498 1799 700 1837; x_wconf 87' lang='lat' dir='ltr'><strong>Sozomen.</strong></span> <span class='ocrx_word' id='word_1_254' title='bbox 720 1801 749 1838; x_wconf 94' lang='lat' dir='ltr'><strong>I.</strong></span> <span class='ocrx_word' id='word_1_255' title='bbox 769 1800 874 1838; x_wconf 88' lang='lat' dir='ltr'><strong>H.E.</strong></span> <span class='ocrx_word' id='word_1_256' title='bbox 889 1804 952 1847; x_wconf 86' lang='lat'><strong>8.‚</strong></span> <span class='ocrx_word' id='word_1_257' title='bbox 981 1801 1027 1837; x_wconf 91' lang='lat' dir='ltr'><strong>de</strong></span> <span class='ocrx_word' id='word_1_258' title='bbox 1048 1803 1157 1838; x_wconf 89' lang='lat' dir='ltr'><strong>cuius</strong></span> <span class='ocrx_word' id='word_1_259' title='bbox 1175 1803 1375 1847; x_wconf 88' lang='lat' dir='ltr'><strong>utriusque</strong></span> <span class='ocrx_word' id='word_1_260' title='bbox 1394 1800 1524 1837; x_wconf 86' lang='lat' dir='ltr'><strong>verbis</strong></span> 
     </span>
     <span class='ocr_line' id='line_1_30' title="bbox 87 1853 1523 1907; baseline 0 -16"><span class='ocrx_word' id='word_1_261' title='bbox 87 1855 197 1902; x_wconf 87' lang='lat' dir='ltr'><strong>plura</strong></span> <span class='ocrx_word' id='word_1_262' title='bbox 227 1853 359 1905; x_wconf 83' lang='lat' dir='ltr'><strong>Steph.</strong></span> <span class='ocrx_word' id='word_1_263' title='bbox 386 1855 439 1893; x_wconf 87' lang='lat' dir='ltr'><strong>Le</strong></span> <span class='ocrx_word' id='word_1_264' title='bbox 471 1856 613 1907; x_wconf 81' lang='lat' dir='ltr'><strong>Moyne</strong></span> <span class='ocrx_word' id='word_1_265' title='bbox 644 1856 691 1894; x_wconf 86' lang='lat' dir='ltr'><strong>T.</strong></span> <span class='ocrx_word' id='word_1_266' title='bbox 720 1857 766 1894; x_wconf 92' lang='lat'><strong>11.</strong></span> <span class='ocrx_word' id='word_1_267' title='bbox 798 1858 886 1894; x_wconf 76' lang='lat' dir='ltr'><strong>Var.</strong></span> <span class='ocrx_word' id='word_1_268' title='bbox 916 1855 1003 1894; x_wconf 87' lang='lat' dir='ltr'><strong>Sac.</strong></span> <span class='ocrx_word' id='word_1_269' title='bbox 1031 1870 1067 1907; x_wconf 92' lang='lat' dir='ltr'><strong>p.</strong></span> <span class='ocrx_word' id='word_1_270' title='bbox 1097 1857 1201 1896; x_wconf 72' lang='lat'><strong>324.</strong></span> <span class='ocrx_word' id='word_1_271' title='bbox 1234 1856 1379 1892; x_wconf 88' lang='lat' dir='ltr'><strong>Solitos</strong></span> <span class='ocrx_word' id='word_1_272' title='bbox 1397 1862 1523 1892; x_wconf 84' lang='lat' dir='ltr'><strong>autem</strong></span> 
     </span>
     <span class='ocr_line' id='line_1_31' title="bbox 87 1910 1525 1963; baseline 0.001 -17"><span class='ocrx_word' id='word_1_273' title='bbox 87 1910 256 1961; x_wconf 84' lang='lat' dir='ltr'><strong>Aegypti</strong></span> <span class='ocrx_word' id='word_1_274' title='bbox 281 1913 492 1960; x_wconf 87' lang='lat' dir='ltr'><strong>praefectos</strong></span> <span class='ocrx_word' id='word_1_275' title='bbox 521 1914 645 1950; x_wconf 88' lang='lat' dir='ltr'><strong>literis</strong></span> <span class='ocrx_word' id='word_1_276' title='bbox 672 1925 822 1963; x_wconf 78' lang='lat' dir='ltr'><strong>quaqua</strong></span> <span class='ocrx_word' id='word_1_277' title='bbox 849 1927 1004 1951; x_wconf 82' lang='lat' dir='ltr'><strong>versum</strong></span> <span class='ocrx_word' id='word_1_278' title='bbox 1029 1916 1157 1951; x_wconf 88' lang='lat' dir='ltr'><strong>missis</strong></span> <span class='ocrx_word' id='word_1_279' title='bbox 1176 1913 1258 1949; x_wconf 76' lang='lat' dir='ltr'><strong>Nili</strong></span> <span class='ocrx_word' id='word_1_280' title='bbox 1274 1914 1525 1949; x_wconf 84' lang='lat' dir='ltr'><strong>increscentis</strong></span> 
     </span>
     <span class='ocr_line' id='line_1_32' title="bbox 88 1968 1522 2019; baseline -0.001 -15"><span class='ocrx_word' id='word_1_281' title='bbox 88 1969 237 2018; x_wconf 88' lang='lat' dir='ltr'><strong>copiam</strong></span> <span class='ocrx_word' id='word_1_282' title='bbox 265 1969 504 2019; x_wconf 83' lang='lat' dir='ltr'><strong>significare,</strong></span> <span class='ocrx_word' id='word_1_283' title='bbox 530 1971 676 2019; x_wconf 83' lang='lat' dir='ltr'><strong>liquido</strong></span> <span class='ocrx_word' id='word_1_284' title='bbox 705 1973 834 2007; x_wconf 79' lang='lat' dir='ltr'><strong>innuit</strong></span> <span class='ocrx_word' id='word_1_285' title='bbox 862 1969 955 2018; x_wconf 91' lang='lat' dir='ltr'><strong>Imp.</strong></span> <span class='ocrx_word' id='word_1_286' title='bbox 975 1969 1112 2007; x_wconf 87' lang='lat' dir='ltr'><strong>Iulian.</strong></span> <span class='ocrx_word' id='word_1_287' title='bbox 1136 1969 1260 2017; x_wconf 85' lang='lat' dir='ltr'><strong>Epist.</strong></span> <span class='ocrx_word' id='word_1_288' title='bbox 1285 1969 1355 2008; x_wconf 85' lang='lat'><strong>50.</strong></span> <span class='ocrx_word' id='word_1_289' title='bbox 1388 1968 1522 2005; x_wconf 58' lang='lat' dir='ltr'><strong>wass.</strong></span> 
     </span>
    </p>

    <p class='ocr_par' dir='ltr' id='par_1_6' title="bbox 87 2023 1524 2404">
     <span class='ocr_line' id='line_1_33' title="bbox 198 2023 1524 2078; baseline -0.004 -13"><span class='ocrx_word' id='word_1_290' title='bbox 198 2024 273 2065; x_wconf 87' lang='grc'><strong>44.</strong></span> <span class='ocrx_word' id='word_1_291' title='bbox 296 2026 337 2065; x_wconf 88' lang='grc'><strong>9.</strong></span> <span class='ocrx_word' id='word_1_292' title='bbox 371 2023 431 2065; x_wconf 84' lang='grc' dir='ltr'><strong>Τὸ</strong></span> <span class='ocrx_word' id='word_1_293' title='bbox 460 2027 625 2077; x_wconf 69' lang='grc' dir='ltr'>πλῆθος</span> <span class='ocrx_word' id='word_1_294' title='bbox 650 2028 734 2065; x_wconf 80' lang='grc' dir='ltr'><strong>τῶν</strong></span> <span class='ocrx_word' id='word_1_295' title='bbox 763 2024 967 2077; x_wconf 69' lang='grc' dir='ltr'>ἐσομένων</span> <span class='ocrx_word' id='word_1_296' title='bbox 1005 2024 1203 2078; x_wconf 74' lang='grc' dir='ltr'>καρπῶν]</span> <span class='ocrx_word' id='word_1_297' title='bbox 1246 2025 1296 2063; x_wconf 83' lang='lat' dir='ltr'><strong>In</strong></span> <span class='ocrx_word' id='word_1_298' title='bbox 1322 2026 1524 2062; x_wconf 79' lang='lat' dir='ltr'><strong>duodecim</strong></span> 
     </span>
     <span class='ocr_line' id='line_1_34' title="bbox 89 2080 1524 2134; baseline 0 -16"><span class='ocrx_word' id='word_1_299' title='bbox 89 2082 190 2119; x_wconf 87' lang='lat' dir='ltr'><strong>enim</strong></span> <span class='ocrx_word' id='word_1_300' title='bbox 215 2080 326 2119; x_wconf 85' lang='lat' dir='ltr'><strong>fluvii</strong></span> <span class='ocrx_word' id='word_1_301' title='bbox 342 2085 584 2132; x_wconf 84' lang='lat' dir='ltr'><strong>augescentis</strong></span> <span class='ocrx_word' id='word_1_302' title='bbox 602 2082 744 2122; x_wconf 73' lang='lat' dir='ltr'><strong>cubitis</strong></span> <span class='ocrx_word' id='word_1_303' title='bbox 763 2083 961 2134; x_wconf 83' lang='lat' dir='ltr'><strong>Aegyptus</strong></span> <span class='ocrx_word' id='word_1_304' title='bbox 979 2082 1137 2129; x_wconf 79' lang='lat' dir='ltr'><strong>famem</strong></span> <span class='ocrx_word' id='word_1_305' title='bbox 1166 2083 1304 2128; x_wconf 78' lang='lat' dir='ltr'><strong>sentit,</strong></span> <span class='ocrx_word' id='word_1_306' title='bbox 1330 2083 1369 2118; x_wconf 80' lang='lat' dir='ltr'><strong>in</strong></span> <span class='ocrx_word' id='word_1_307' title='bbox 1392 2082 1524 2118; x_wconf 75' lang='lat' dir='ltr'><strong>trede-</strong></span> 
     </span>
     <span class='ocr_line' id='line_1_35' title="bbox 89 2137 1524 2190; baseline -0.001 -14"><span class='ocrx_word' id='word_1_308' title='bbox 89 2141 164 2176; x_wconf 84' lang='lat' dir='ltr'><strong>cim</strong></span> <span class='ocrx_word' id='word_1_309' title='bbox 193 2139 402 2175; x_wconf 79' lang='lat' dir='ltr'><strong>etiamnum</strong></span> <span class='ocrx_word' id='word_1_310' title='bbox 429 2141 578 2176; x_wconf 82' lang='lat' dir='ltr'><strong>esurit:</strong></span> <span class='ocrx_word' id='word_1_311' title='bbox 613 2141 910 2190; x_wconf 76' lang='lat' dir='ltr'><strong>quatuordecim</strong></span> <span class='ocrx_word' id='word_1_312' title='bbox 949 2139 1081 2176; x_wconf 70' lang='lat' dir='ltr'><strong>cubita</strong></span> <span class='ocrx_word' id='word_1_313' title='bbox 1119 2139 1366 2176; x_wconf 73' lang='lat' dir='ltr'><strong>hilm-itatem</strong></span> <span class='ocrx_word' id='word_1_314' title='bbox 1405 2137 1524 2184; x_wconf 78' lang='lat' dir='ltr'><strong>adfe-</strong></span> 
     </span>
     <span class='ocr_line' id='line_1_36' title="bbox 88 2193 1522 2244; baseline -0.002 -11"><span class='ocrx_word' id='word_1_315' title='bbox 88 2201 207 2233; x_wconf 80' lang='lat' dir='ltr'><strong>runt:</strong></span> <span class='ocrx_word' id='word_1_316' title='bbox 234 2197 450 2244; x_wconf 80' lang='lat' dir='ltr'><strong>quindecim</strong></span> <span class='ocrx_word' id='word_1_317' title='bbox 471 2198 751 2244; x_wconf 77' lang='lat' dir='ltr'><strong>securitatem,</strong></span> <span class='ocrx_word' id='word_1_318' title='bbox 780 2198 948 2234; x_wconf 79' lang='lat' dir='ltr'><strong>sedecim</strong></span> <span class='ocrx_word' id='word_1_319' title='bbox 979 2197 1167 2242; x_wconf 76' lang='lat' dir='ltr'><strong>delicias,</strong></span> <span class='ocrx_word' id='word_1_320' title='bbox 1195 2201 1292 2230; x_wconf 88' lang='lat' dir='ltr'><strong>teste</strong></span> <span class='ocrx_word' id='word_1_321' title='bbox 1318 2194 1447 2231; x_wconf 88' lang='lat' dir='ltr'><strong>Plinio</strong></span> <span class='ocrx_word' id='word_1_322' title='bbox 1476 2193 1522 2230; x_wconf 92' lang='lat' dir='ltr'><strong>V.</strong></span> 
     </span>
     <span class='ocr_line' id='line_1_37' title="bbox 89 2250 1523 2303; baseline -0.001 -14"><span class='ocrx_word' id='word_1_323' title='bbox 89 2251 139 2289; x_wconf 92' lang='lat' dir='ltr'><strong>N.</strong></span> <span class='ocrx_word' id='word_1_324' title='bbox 157 2250 207 2288; x_wconf 89' lang='lat' dir='ltr'><strong>H.</strong></span> <span class='ocrx_word' id='word_1_325' title='bbox 229 2253 271 2290; x_wconf 75' lang='lat'><strong>9.</strong></span> <span class='ocrx_word' id='word_1_326' title='bbox 302 2252 406 2295; x_wconf 77' lang='lat' dir='ltr'><strong>Quae</strong></span> <span class='ocrx_word' id='word_1_327' title='bbox 424 2253 541 2303; x_wconf 85' lang='lat' dir='ltr'><strong>longo</strong></span> <span class='ocrx_word' id='word_1_328' title='bbox 562 2266 633 2289; x_wconf 89' lang='lat' dir='ltr'><strong>usu</strong></span> <span class='ocrx_word' id='word_1_329' title='bbox 651 2267 737 2290; x_wconf 88' lang='lat' dir='ltr'><strong>cum</strong></span> <span class='ocrx_word' id='word_1_330' title='bbox 769 2259 896 2290; x_wconf 81' lang='lat' dir='ltr'><strong>essent</strong></span> <span class='ocrx_word' id='word_1_331' title='bbox 925 2252 1215 2298; x_wconf 78' lang='lat' dir='ltr'><strong>animadversa,</strong></span> <span class='ocrx_word' id='word_1_332' title='bbox 1243 2257 1419 2299; x_wconf 86' lang='lat' dir='ltr'><strong>poterant</strong></span> <span class='ocrx_word' id='word_1_333' title='bbox 1447 2253 1523 2288; x_wconf 83' lang='lat' dir='ltr'><strong>uti-</strong></span> 
     </span>
     <span class='ocr_line' id='line_1_38' title="bbox 89 2307 1523 2360; baseline -0.001 -16"><span class='ocrx_word' id='word_1_334' title='bbox 89 2321 161 2358; x_wconf 81' lang='lat' dir='ltr'><strong>que</strong></span> <span class='ocrx_word' id='word_1_335' title='bbox 182 2319 229 2343; x_wconf 80' lang='lat' dir='ltr'><strong>ex</strong></span> <span class='ocrx_word' id='word_1_336' title='bbox 249 2307 359 2345; x_wconf 82' lang='lat' dir='ltr'><strong>fluvii</strong></span> <span class='ocrx_word' id='word_1_337' title='bbox 375 2311 622 2346; x_wconf 80' lang='lat' dir='ltr'><strong>incrementis</strong></span> <span class='ocrx_word' id='word_1_338' title='bbox 645 2310 691 2346; x_wconf 88' lang='lat' dir='ltr'><strong>de</strong></span> <span class='ocrx_word' id='word_1_339' title='bbox 712 2311 866 2360; x_wconf 78' lang='lat' dir='ltr'><strong>frugum</strong></span> <span class='ocrx_word' id='word_1_340' title='bbox 884 2309 1118 2346; x_wconf 82' lang='lat' dir='ltr'><strong>abundantia</strong></span> <span class='ocrx_word' id='word_1_341' title='bbox 1146 2310 1404 2345; x_wconf 78' lang='lat' dir='ltr'><strong>coniecturam</strong></span> <span class='ocrx_word' id='word_1_342' title='bbox 1420 2307 1523 2345; x_wconf 88' lang='lat' dir='ltr'><strong>face-</strong></span> 
     </span>
     <span class='ocr_line' id='line_1_39' title="bbox 87 2362 1332 2404; baseline -0.002 -3"><span class='ocrx_word' id='word_1_343' title='bbox 87 2377 142 2401; x_wconf 86' lang='lat' dir='ltr'><strong>re.</strong></span> <span class='ocrx_word' id='word_1_344' title='bbox 171 2362 257 2400; x_wconf 70' lang='lat' dir='ltr'><strong>vid.</strong></span> <span class='ocrx_word' id='word_1_345' title='bbox 280 2363 332 2401; x_wconf 90' lang='lat' dir='ltr'><strong>M.</strong></span> <span class='ocrx_word' id='word_1_346' title='bbox 349 2363 454 2401; x_wconf 86' lang='lat' dir='ltr'><strong>Frid.</strong></span> <span class='ocrx_word' id='word_1_347' title='bbox 474 2365 695 2403; x_wconf 72' lang='lat' dir='ltr'><strong>wendelini</strong></span> <span class='ocrx_word' id='word_1_348' title='bbox 716 2365 950 2403; x_wconf 79' lang='lat' dir='ltr'><strong>Admiranda</strong></span> <span class='ocrx_word' id='word_1_349' title='bbox 968 2365 1051 2402; x_wconf 90' lang='lat' dir='ltr'><strong>Nili</strong></span> <span class='ocrx_word' id='word_1_350' title='bbox 1072 2379 1105 2404; x_wconf 85' lang='lat' dir='ltr'><strong>c.</strong></span> <span class='ocrx_word' id='word_1_351' title='bbox 1131 2367 1170 2404; x_wconf 89' lang='grc'><strong>7.</strong></span> <span class='ocrx_word' id='word_1_352' title='bbox 1198 2364 1332 2401; x_wconf 66' lang='lat' dir='ltr'><strong>Wi-:ss</strong></span> 
     </span>
    </p>

    <p class='ocr_par' dir='ltr' id='par_1_7' title="bbox 89 2418 1524 2527">
     <span class='ocr_line' id='line_1_40' title="bbox 199 2418 1523 2474; baseline -0.002 -15"><span class='ocrx_word' id='word_1_353' title='bbox 199 2419 274 2460; x_wconf 86' lang='lat'><strong>44·</strong></span> <span class='ocrx_word' id='word_1_354' title='bbox 299 2422 369 2461; x_wconf 87' lang='grc'><strong>10.</strong></span> <span class='ocrx_word' id='word_1_355' title='bbox 398 2418 466 2459; x_wconf 82' lang='grc' dir='ltr'><strong>Ἕκ</strong></span> <span class='ocrx_word' id='word_1_356' title='bbox 496 2423 660 2460; x_wconf 77' lang='grc' dir='ltr'>πολλῶν</span> <span class='ocrx_word' id='word_1_357' title='bbox 684 2418 875 2474; x_wconf 70' lang='grc' dir='ltr'>χρόνων]</span> <span class='ocrx_word' id='word_1_358' title='bbox 905 2421 1013 2459; x_wconf 80' lang='lat' dir='ltr'><strong>Nihil</strong></span> <span class='ocrx_word' id='word_1_359' title='bbox 1032 2421 1095 2458; x_wconf 86' lang='lat' dir='ltr'><strong>hic</strong></span> <span class='ocrx_word' id='word_1_360' title='bbox 1121 2420 1346 2458; x_wconf 82' lang='lat' dir='ltr'><strong>mutandum</strong></span> <span class='ocrx_word' id='word_1_361' title='bbox 1373 2433 1523 2467; x_wconf 84' lang='lat' dir='ltr'><strong>censeo,</strong></span> 
     </span>
     <span class='ocr_line' id='line_1_41' title="bbox 89 2476 1524 2527; baseline -0.001 -14"><span class='ocrx_word' id='word_1_362' title='bbox 89 2482 133 2513; x_wconf 93' lang='lat' dir='ltr'><strong>ut</strong></span> <span class='ocrx_word' id='word_1_363' title='bbox 150 2488 220 2513; x_wconf 86' lang='lat' dir='ltr'><strong>nec</strong></span> <span class='ocrx_word' id='word_1_364' title='bbox 241 2478 283 2513; x_wconf 89' lang='lat' dir='ltr'><strong>in</strong></span> <span class='ocrx_word' id='word_1_365' title='bbox 303 2479 475 2525; x_wconf 85' lang='lat' dir='ltr'><strong>proxime</strong></span> <span class='ocrx_word' id='word_1_366' title='bbox 496 2485 675 2527; x_wconf 83' lang='lat' dir='ltr'><strong>sequente</strong></span> <span class='ocrx_word' id='word_1_367' title='bbox 696 2485 798 2516; x_wconf 83' lang='lat' dir='ltr'><strong>nota.</strong></span> <span class='ocrx_word' id='word_1_368' title='bbox 827 2477 962 2517; x_wconf 75' lang='lat' dir='ltr'><strong>RHoD.</strong></span> <span class='ocrx_word' id='word_1_369' title='bbox 1020 2477 1052 2514; x_wconf 78' lang='lat' dir='ltr'>V</span> <span class='ocrx_word' id='word_1_370' title='bbox 1057 2479 1106 2515; x_wconf 90' lang='lat' dir='ltr'><strong>id.</strong></span> <span class='ocrx_word' id='word_1_371' title='bbox 1129 2491 1209 2526; x_wconf 89' lang='lat' dir='ltr'><strong>sup.</strong></span> <span class='ocrx_word' id='word_1_372' title='bbox 1232 2490 1263 2513; x_wconf 93' lang='lat' dir='ltr'><strong>c.</strong></span> <span class='ocrx_word' id='word_1_373' title='bbox 1298 2476 1367 2516; x_wconf 88' lang='grc'><strong>14.</strong></span> <span class='ocrx_word' id='word_1_374' title='bbox 1391 2477 1524 2513; x_wconf 70' lang='lat' dir='ltr'><strong>Wess.</strong></span> 
     </span>
    </p>

    <p class='ocr_par' dir='ltr' id='par_1_8' title="bbox 90 2530 1522 2752">
     <span class='ocr_line' id='line_1_42' title="bbox 200 2530 1522 2588; baseline -0.002 -17"><span class='ocrx_word' id='word_1_375' title='bbox 200 2531 274 2572; x_wconf 82' lang='lat'><strong>44·</strong></span> <span class='ocrx_word' id='word_1_376' title='bbox 311 2535 380 2574; x_wconf 91' lang='lat'><strong>18.</strong></span> <span class='ocrx_word' id='word_1_377' title='bbox 411 2530 546 2580; x_wconf 68' lang='lat' dir='ltr'><strong>‘&#39;O).m;·</strong></span> <span class='ocrx_word' id='word_1_378' title='bbox 574 2531 650 2588; x_wconf 69' lang='grc' dir='ltr'><strong>γὰρ</strong></span> <span class='ocrx_word' id='word_1_379' title='bbox 681 2530 784 2586; x_wconf 66' lang='grc' dir='ltr'><strong>ὑπὲρ</strong></span> <span class='ocrx_word' id='word_1_380' title='bbox 814 2536 888 2586; x_wconf 73' lang='grc' dir='ltr'><strong>τῆς</strong></span> <span class='ocrx_word' id='word_1_381' title='bbox 918 2530 1183 2584; x_wconf 51' lang='grc' dir='ltr'><strong>ἀναβάσεως]</strong></span> <span class='ocrx_word' id='word_1_382' title='bbox 1233 2533 1394 2570; x_wconf 66' lang='lat' dir='ltr'><strong>Omnem</strong></span> <span class='ocrx_word' id='word_1_383' title='bbox 1423 2532 1522 2570; x_wconf 89' lang='lat' dir='ltr'><strong>hanc</strong></span> 
     </span>
     <span class='ocr_line' id='line_1_43' title="bbox 90 2586 1521 2640; baseline 0.001 -16"><span class='ocrx_word' id='word_1_384' title='bbox 90 2586 252 2625; x_wconf 88' lang='lat' dir='ltr'><strong>Diodori</strong></span> <span class='ocrx_word' id='word_1_385' title='bbox 279 2588 324 2625; x_wconf 90' lang='lat' dir='ltr'><strong>de</strong></span> <span class='ocrx_word' id='word_1_386' title='bbox 354 2589 435 2627; x_wconf 91' lang='lat' dir='ltr'><strong>Nili</strong></span> <span class='ocrx_word' id='word_1_387' title='bbox 460 2590 633 2627; x_wconf 82' lang='lat' dir='ltr'><strong>fontibus</strong></span> <span class='ocrx_word' id='word_1_388' title='bbox 669 2598 709 2628; x_wconf 88' lang='lat' dir='ltr'><strong>et</strong></span> <span class='ocrx_word' id='word_1_389' title='bbox 737 2591 911 2628; x_wconf 83' lang='lat' dir='ltr'><strong>auctibus</strong></span> <span class='ocrx_word' id='word_1_390' title='bbox 947 2591 1265 2640; x_wconf 75' lang='lat' dir='ltr'><strong>disputationem,</strong></span> <span class='ocrx_word' id='word_1_391' title='bbox 1295 2591 1401 2626; x_wconf 84' lang='lat' dir='ltr'><strong>nulla</strong></span> <span class='ocrx_word' id='word_1_392' title='bbox 1440 2593 1521 2626; x_wconf 80' lang='lat' dir='ltr'><strong>eius</strong></span> 
     </span>
     <span class='ocr_line' id='line_1_44' title="bbox 90 2645 1522 2697; baseline 0.001 -17"><span class='ocrx_word' id='word_1_393' title='bbox 90 2646 284 2681; x_wconf 82' lang='lat' dir='ltr'><strong>mentione</strong></span> <span class='ocrx_word' id='word_1_394' title='bbox 300 2645 427 2691; x_wconf 74' lang='lat' dir='ltr'><strong>facta,</strong></span> <span class='ocrx_word' id='word_1_395' title='bbox 450 2648 653 2696; x_wconf 84' lang='lat' dir='ltr'><strong>exscripsit</strong></span> <span class='ocrx_word' id='word_1_396' title='bbox 678 2654 716 2684; x_wconf 88' lang='lat' dir='ltr'><strong>et</strong></span> <span class='ocrx_word' id='word_1_397' title='bbox 737 2660 806 2695; x_wconf 90' lang='lat' dir='ltr'><strong>pro</strong></span> <span class='ocrx_word' id='word_1_398' title='bbox 827 2660 919 2694; x_wconf 81' lang='lat' dir='ltr'><strong>sua,</strong></span> <span class='ocrx_word' id='word_1_399' title='bbox 946 2648 1184 2697; x_wconf 77' lang='lat' dir='ltr'><strong>paucissimis</strong></span> <span class='ocrx_word' id='word_1_400' title='bbox 1203 2648 1382 2692; x_wconf 79' lang='lat' dir='ltr'><strong>mutatis,</strong></span> <span class='ocrx_word' id='word_1_401' title='bbox 1411 2659 1522 2682; x_wconf 85' lang='lat' dir='ltr'><strong>usur-</strong></span> 
     </span>
     <span class='ocr_line' id='line_1_45' title="bbox 91 2698 1462 2752; baseline 0.001 -14"><span class='ocrx_word' id='word_1_402' title='bbox 91 2703 199 2752; x_wconf 84' lang='lat' dir='ltr'><strong>pavit</strong></span> <span class='ocrx_word' id='word_1_403' title='bbox 216 2698 250 2736; x_wconf 85' lang='lat' dir='ltr'>T</span> <span class='ocrx_word' id='word_1_404' title='bbox 254 2699 526 2751; x_wconf 75' lang='lat' dir='ltr'><strong>heophylactus</strong></span> <span class='ocrx_word' id='word_1_405' title='bbox 545 2701 738 2741; x_wconf 83' lang='lat' dir='ltr'><strong>Simocata</strong></span> <span class='ocrx_word' id='word_1_406' title='bbox 756 2703 838 2742; x_wconf 61' lang='lat' dir='ltr'><strong>VH.</strong></span> <span class='ocrx_word' id='word_1_407' title='bbox 861 2702 1007 2742; x_wconf 87' lang='lat' dir='ltr'><strong>Histor.</strong></span> <span class='ocrx_word' id='word_1_408' title='bbox 1030 2703 1186 2740; x_wconf 75' lang='lat' dir='ltr'><strong>Mauric.</strong></span> <span class='ocrx_word' id='word_1_409' title='bbox 1215 2705 1284 2742; x_wconf 84' lang='lat'><strong>17.</strong></span> <span class='ocrx_word' id='word_1_410' title='bbox 1329 2702 1462 2740; x_wconf 67' lang='lat' dir='ltr'><strong>Wms.</strong></span> 
     </span>
    </p>

    <p class='ocr_par' dir='ltr' id='par_1_9' title="bbox 92 2752 1521 2867">
     <span class='ocr_line' id='line_1_46' title="bbox 202 2752 1521 2812; baseline -0.002 -16"><span class='ocrx_word' id='word_1_411' title='bbox 202 2757 277 2796; x_wconf 83' lang='grc'><strong>44.</strong></span> <span class='ocrx_word' id='word_1_412' title='bbox 297 2759 372 2797; x_wconf 83' lang='grc'><strong>29.</strong></span> <span class='ocrx_word' id='word_1_413' title='bbox 401 2752 450 2796; x_wconf 71' lang='lat' dir='ltr'><strong>‘O</strong></span> <span class='ocrx_word' id='word_1_414' title='bbox 477 2756 804 2812; x_wconf 60' lang='grc' dir='ltr'>πολυπράγμων]</span> <span class='ocrx_word' id='word_1_415' title='bbox 840 2759 925 2797; x_wconf 82' lang='lat' dir='ltr'><strong>Etsi</strong></span> <span class='ocrx_word' id='word_1_416' title='bbox 955 2760 1150 2798; x_wconf 87' lang='lat' dir='ltr'><strong>Herodoto</strong></span> <span class='ocrx_word' id='word_1_417' title='bbox 1181 2758 1341 2796; x_wconf 84' lang='lat' dir='ltr'><strong>subinde</strong></span> <span class='ocrx_word' id='word_1_418' title='bbox 1362 2758 1521 2795; x_wconf 76' lang='lat' dir='ltr'><strong>acerbus</strong></span> 
     </span>
     <span class='ocr_line' id='line_1_47' title="bbox 92 2811 1521 2867; baseline 0.002 -19"><span class='ocrx_word' id='word_1_419' title='bbox 92 2813 144 2849; x_wconf 81' lang='lat' dir='ltr'><strong>sit</strong></span> <span class='ocrx_word' id='word_1_420' title='bbox 175 2811 391 2860; x_wconf 84' lang='lat' dir='ltr'><strong>Diodorus,</strong></span> <span class='ocrx_word' id='word_1_421' title='bbox 421 2812 482 2851; x_wconf 90' lang='lat' dir='ltr'><strong>hic</strong></span> <span class='ocrx_word' id='word_1_422' title='bbox 510 2821 635 2852; x_wconf 87' lang='lat' dir='ltr'><strong>tamen</strong></span> <span class='ocrx_word' id='word_1_423' title='bbox 667 2819 801 2854; x_wconf 81' lang='lat' dir='ltr'><strong>titulus</strong></span> <span class='ocrx_word' id='word_1_424' title='bbox 829 2817 877 2853; x_wconf 87' lang='lat' dir='ltr'><strong>ob</strong></span> <span class='ocrx_word' id='word_1_425' title='bbox 903 2829 1030 2856; x_wconf 85' lang='lat' dir='ltr'><strong>rerum</strong></span> <span class='ocrx_word' id='word_1_426' title='bbox 1066 2818 1312 2867; x_wconf 79' lang='lat' dir='ltr'><strong>plurimarum</strong></span> <span class='ocrx_word' id='word_1_427' title='bbox 1345 2828 1453 2852; x_wconf 86' lang='lat' dir='ltr'><strong>usum</strong></span> <span class='ocrx_word' id='word_1_428' title='bbox 1483 2822 1521 2851; x_wconf 84' lang='lat' dir='ltr'><strong>et</strong></span> 
     </span>
    </p>
   </div>
  </div>
 </body>
</html>
