1828 3253
420 157 481 196 IN
512 157 624 197 LIB.
655 157 736 196 xl.
767 157 1156 199 CAP.12.-14.
1423 163 1515 204 497

174 271 283 313 413.
323 271 398 312 95.
444 267 776 324 Διεσπαρμένοις
813 274 901 318 τοῖς
929 266 1117 322 Πέρσαις
1155 269 1512 326 σιμπὶεκόμενοι]

59 326 266 375 Βαιίνιιιιι,
296 339 408 377 quem
437 325 623 365 Rhodom.
661 327 968 365 substituendum
998 335 1222 375 monuerat,
1249 332 1426 377 scriptori
1450 344 1514 368 re-

61 386 194 431 stitui,
233 386 306 422 etsi
337 382 456 420 Codd.
490 382 588 420 nihil
620 385 766 420 iuvent.
817 383 944 421 Paene
970 385 1085 420 etiam
1120 382 1431 435 ὁιεσπασμέιοις
1459 400 1508 424 ex

58 438 154 491 Reg.
176 442 422 489 scripseram:
444 438 484 475 id
503 440 909 489 enimsignificantius
937 435 1065 485 Ταξιν
1087 437 1388 492 διεσπασμένην
1409 442 1510 480 dixit

59 498 187 546 paullo
206 502 295 532 ante
325 502 364 532 et
383 489 618 545 στράτευμα
640 494 938 545 ὁιεσπασμέιον
971 493 1188 545 Thucydid
1208 495 1289 534 VII.
1315 498 1386 538 78.
1422 500 1507 548 plu-

57 564 194 601 resque
218 554 259 589 in
277 564 318 588 re
341 552 459 587 simili
478 552 558 589 alii.
592 551 678 588 Vid.
702 552 791 588 infr.
820 565 851 588 c.
875 553 950 591 21.
978 550 1027 587 W
1032 561 1112 588 Ess.

169 607 277 647 413.
307 607 381 653 99.
407 601 615 658 εΕκοὶτιροι
638 604 946 659 ἕπροτέρησαν]
977 606 1080 644 Usus
1100 606 1209 644 verbi
1230 612 1441 661 προτερεῖν
1463 612 1504 646 in

55 661 116 700 his
148 663 255 701 libris
283 664 399 713 longe
424 663 762 710 frequentissimus
794 670 873 709 est,
907 662 973 699 sed
1003 662 1102 711 quod
1133 662 1390 711 demirabere,
1418 665 1505 701 for-

54 725 134 757 mat
159 716 424 770 προετέρουν,
452 717 708 770 προετέρησα
741 725 779 755 et
805 731 1080 768 nonnunquam
1108 716 1381 771 ἔπροετέρησα
1409 733 1506 758 con-

52 781 115 811 tra
147 773 492 814 Grammaticorum
522 774 674 812 decreta
702 781 947 823 veterumque
974 788 1140 821 morem,
1171 786 1246 822 quo
1279 775 1502 825 Apollodor.

50 829 118 869 ΙΙΙ.
142 832 180 870 l.
213 832 256 870 2.
295 825 532 881 πολεμήσας
561 829 712 877 [Μίνως
740 829 1024 895 ἐπροτέρησεν·
1065 837 1104 867 et
1132 830 1268 880 Polyb.
1302 830 1369 868 ΙΙΙ.
1397 833 1500 872 110.

49 883 297 937 επροτέρουν
327 883 433 925 κατὰ
473 884 549 938 τὴν
579 882 771 955 πρώτην
788 881 1041 938 συμπὶοκήν.
1098 886 1314 935 Nosterque
1344 890 1425 935 ipse
1459 887 1502 925 Ι.

46 941 157 982 XVL
186 943 260 982 34.
301 941 370 981 καὶ
397 939 641 994 ἓπροτέρουν
670 939 776 982 κατὰ
805 940 851 981 τὸ
877 944 1066 981 πὶεΐστον
1098 940 1141 982 ἓν
1168 947 1255 988 τοῖς
1283 939 1503 990 κινὸυιοις,

48 1001 254 1047 paucisque
285 1000 371 1035 aliis
399 1000 440 1035 in
464 999 572 1035 locis.
600 997 710 1036 Nihil
739 1011 831 1049 ergo
851 999 1102 1035 reformidavi
1131 997 1231 1035 hanc
1253 1000 1502 1036 consuetudi—

49 1067 136 1091 nem
154 1056 284 1104 sequi,
305 1055 420 1091 initio
440 1067 464 1091 a
483 1052 775 1107 προετέρησαν,
804 1054 904 1104 quod
926 1060 1148 1092 constanter
1167 1052 1285 1092 codd.
1314 1056 1502 1106 adproba-

47 1117 162 1158 tum,
189 1109 302 1151 huius
324 1123 404 1160 cap.
432 1111 547 1147 facto.
573 1110 707 1148 WEss.

158 1163 461 1206 41417.Τά
484 1163 605 1205 στενὰ
624 1169 708 1206 τῶν
727 1162 843 1213 ἓντός
862 1167 936 1218 τῆς
948 1163 1130 1216 Εὖβοίας
1150 1162 1501 1220 συμμαχουντων]

42 1220 161 1259 Forte
180 1219 248 1260 διὰ
278 1223 342 1260 vel
370 1216 450 1270 υπὸ
476 1224 559 1261 τῶν
587 1219 713 1268 ἐντός
743 1221 878 1259 RHOD.
928 1221 987 1259 De
1011 1223 1152 1270 sociis,
1180 1227 1246 1271 qui
1276 1226 1317 1261 in
1338 1223 1499 1262 Euboea

43 1278 289 1325 adiuuabant,
320 1283 366 1315 ut
382 1268 513 1320 fauces
533 1277 848 1325 obfirmarentur,
876 1278 909 1314 si
932 1285 1036 1316 certa
1054 1292 1116 1315 res
1139 1286 1254 1326 esset,
1283 1292 1363 1316 non
1385 1294 1499 1317 recu-

43 1347 166 1372 sarem
185 1335 439 1383 praesentiam
466 1335 689 1371 alterutrius
717 1334 919 1381 vocabuli,
948 1334 1049 1384 quod
1080 1329 1254 1374 additum
1284 1338 1417 1373 mallet
1436 1340 1499 1374 vir

44 1389 299 1428 doctissimus.
329 1388 381 1426 At
396 1402 491 1428 vero
513 1402 591 1426 non
610 1390 705 1427 adeo
726 1393 822 1428 socii
841 1391 883 1427 in
904 1391 1054 1438 insula,
1080 1402 1194 1439 quam
1218 1391 1358 1428 Graeci
1381 1394 1498 1430 navi-

41 1446 114 1483 bus
131 1447 211 1483 suis
228 1445 415 1496 Euripum
435 1440 736 1496 intersepiebant
756 1448 843 1495 ipsi.
885 1444 944 1485 De
967 1459 1011 1483 eo
1031 1449 1133 1484 enim
1155 1460 1267 1484 omne
1287 1454 1495 1485 certamen.

40 1497 178 1548 Πᾶςὸ
205 1499 315 1554 ἀγὼν
341 1506 447 1541 τοῖσι
465 1500 571 1540 κατὰ
595 1498 820 1541 θάλασσαν
851 1501 1035 1555 περὶτοῦ
1055 1500 1242 1556 Εὐρίπου
1274 1503 1495 1541 Herodotus

42 1560 98 1595 ait
125 1558 168 1595 L.
190 1556 295 1595 VIII.
318 1558 388 1598 15.
424 1557 517 1594 Vult
545 1571 637 1609 ergo
658 1557 827 1596 Graecos
848 1561 1047 1609 angustias
1066 1561 1273 1606 sociorum,
1303 1562 1369 1609 qui
1392 1563 1495 1597 intra

39 1613 236 1651 Euboeam
255 1620 294 1650 et
305 1615 567 1651 continentem
585 1617 732 1662 patriae
752 1615 900 1652 auxilio
923 1622 1046 1662 erant,
1061 1616 1227 1652 navibus
1242 1616 1494 1663 obstruxisse,

38 1683 88 1707 ne
107 1669 267 1719 provehi
285 1671 446 1707 ulterius
466 1669 605 1707 Persae
630 1678 810 1721 possent:
840 1682 953 1719 quam
971 1671 1021 1708 ad
1042 1674 1273 1708 sententiam
1296 1685 1381 1708 cum
1402 1685 1495 1709 con-

38 1726 189 1764 modius
211 1728 262 1763 sit
278 1730 365 1772 τοῖς
387 1722 502 1772 ἐντὸς
523 1747 571 1753 -
595 1731 848 1777 συμμαχεῖν,
878 1727 936 1763 uti
958 1729 1084 1764 visum
1110 1725 1168 1765 CI.
1193 1726 1427 1776 VVetstenio,
1454 1729 1495 1765 id

36 1783 222 1832 praefero.
250 1781 383 1819 VVESS.
417 1780 566 1819 Forsan
592 1778 799 1836 ἐμφράξαι
824 1782 974 1820 adscito
995 1781 1186 1821 Rhodum.
1207 1784 1356 1821 auxilio
1380 1796 1491 1832 prae-

38 1839 214 1875 stabilius
237 1839 322 1875 erit.
351 1837 459 1874 IDEM
489 1839 532 1875 in
551 1838 652 1876 Add.
1418 1882 1422 1887 ‚

147 1895 254 1934 414.
285 1895 360 1934 23.
400 1891 531 1944 Παρὰ
555 1893 600 1933 δὲ
627 1898 715 1940 τοῖς
735 1890 968 1946 βαρβάροις
999 1892 1255 1941 Σιδωνίους]
1301 1892 1494 1933 Dissentit

33 1948 268 1998 Herodotus,
296 1962 408 1999 quem
428 1950 462 1986 ui
481 1950 628 1998 audias,
651 1958 844 2000 postremo
867 1949 941 1987 hoc
962 1952 1091 1991 navali
1104 1952 1250 2000 praelio
1270 1946 1491 2003 Ἀἰγύπτιοι

31 2008 116 2046 τῶν
138 2003 301 2059 Ξέρξεω
322 2004 605 2058 στρατιωτέων
627 2004 901 2060 ἠρίστευσαν,
930 2006 973 2043 L.
997 2005 1099 2043 VIII.
1123 2008 1194 2047 17.
1235 2007 1343 2044 Alios
1363 2009 1490 2056 itaque

33 2065 206 2113 sequitur
235 2060 456 2109 Diodorus,
489 2069 532 2099 ut
551 2075 673 2113 saepe.
703 2062 838 2101 Wrzss.

144 2119 252 2158 414.
291 2120 366 2158 26.
411 2113 695 2171 ἸΙθύμησαν]
735 2113 1052 2170 Ἠθυμήθησαν
1084 2115 1200 2156 Coisl.
1237 2120 1349 2159 male.
1393 2121 1490 2159 Vide

31 2186 114 2224 cap.
139 2174 210 2215 15.
242 2174 382 2212 Wssss.

143 2231 251 2270 414.
285 2231 358 2270 33.
407 2228 493 2269 Καὶ
513 2245 591 2282 την
611 2232 697 2270 τῶν
713 2225 937 2270 Ἱστιαιέων
958 2225 1076 2269 πόλιν
1094 2228 1168 2285 βιά
1182 2243 1415 2284 χειρωσαμε
1399 2248 1488 2279 evog-

32 2299 100 2323 και
121 2283 259 2338 ὃιαρπ.
271 2287 288 2336 ]
319 2285 533 2324 Verborum
563 2287 759 2334 ordinem,
793 2286 1013 2324 iubentibus
1037 2299 1153 2323 manu
1183 2289 1349 2324 exaratis
1378 2289 1486 2325 libris

32 2348 71 2378 et
87 2343 145 2378 rei
165 2343 286 2389 serie,
314 2345 546 2379 οοιιιιιιιῐιιιὶ.
594 2341 743 2391 Scripsi
773 2349 969 2390 praeterea
985 2337 1230 2388 Ἱστιαιέων,
1260 2344 1359 2392 quod
1384 2343 1488 2382 Ioni-

32 2409 141 2443 cum,
188 2400 347 2436 tametsi
378 2405 513 2435 auctor
538 2393 714 2437 ε«εΕστιαι
718 2403 753 2444 ῖς
786 2397 830 2436 Ι..
869 2397 961 2434 XII.
992 2399 1032 2437 7.
1063 2396 1152 2434 XV.
1180 2399 1253 2438 30.
1300 2402 1488 2448 maluerit,

31 2452 134 2490 ferre
154 2456 281 2502 potui:
312 2457 528 2503 promiscue
550 2457 653 2492 enim
674 2454 885 2492 Pausanias
905 2453 989 2491 VII.
1013 2454 1057 2493 4.
1083 2454 1121 2493 7.
1135 2480 1146 2500 ‚
1175 2461 1287 2503 atque
1309 2449 1378 2493 alii
1396 2456 1487 2493 effe-

29 2515 143 2556 runt,
168 2516 351 2546 monente
372 2511 460 2546 viro
486 2523 625 2561 magno
655 2510 702 2547 ad
725 2509 863 2547 Athen.
888 2508 917 2545 Ι.
944 2511 1037 2557 ]6.,
1064 2521 1140 2546 non
1161 2504 1283 2548 Ἱστιέ
1266 2525 1361 2558 Ἤν,
1391 2515 1487 2549 scri-

30 2536 157 2601 benti⁷s
177 2573 334 2613 peccato
360 2573 517 2611 natum,
548 2567 664 2604 sicuti
685 2569 727 2604 in
757 2565 849 2603 Cod.
870 2564 1008 2602 Medic.
1024 2560 1191 2611 Ἱστιεύς
1212 2578 1259 2601 ex
1277 2560 1488 2613 Ἱστιαιεὺς

29 2619 220 2658 Herodoti
251 2620 451 2661 V111.23.
482 2622 614 2659 WESS.

140 2678 254 2717 414.
279 2679 351 2718 38.
390 2675 515 2716 Μετὰ
548 2681 631 2717 τῶν
658 2673 865 2729 ειΕλὶήνων
893 2671 1116 2730 ἡρημένοι]
1158 2674 1293 2714 Scribe
1324 2691 1375 2715 τα
1405 2681 1488 2717 τῶν

21 2726 249 2783 Ἑλλήνων.
278 2732 413 2770 Rnon.
463 2733 552 2770 Νοιι
587 2733 796 2771 intercedo.
846 2731 913 2769 Sic
937 2731 1101 2769 enimL.
1124 2730 1250 2769 XVII
1273 2734 1348 2773 29.
1378 2732 1487 2774 οἶτὰ

24 2789 108 2826 τῶν
149 2789 335 2842 ῙΙερσιῦν
372 2783 628 2842 αἶρουμενοι,
669 2797 708 2827 et
746 2803 779 2826 c.
799 2789 871 2829 48
914 2787 957 2825 Ι.
993 2788 1183 2833 eiusdem,
1225 2802 1277 2826 τα
1309 2790 1488 2840 Περσῶν

82 2843 181 2883 Vox..
212 2844 240 2881 1.
1145 2844 1204 2882 32
