<?xml version="1.0" encoding="UTF-8"?>
<!DOCTYPE html PUBLIC "-//W3C//DTD XHTML 1.0 Transitional//EN"
    "http://www.w3.org/TR/xhtml1/DTD/xhtml1-transitional.dtd">
<html xmlns="http://www.w3.org/1999/xhtml" xml:lang="en" lang="en">
 <head>
  <title>
</title>
<meta http-equiv="Content-Type" content="text/html;charset=utf-8" />
  <meta name='ocr-system' content='tesseract 3.04.00' />
  <meta name='ocr-capabilities' content='ocr_page ocr_carea ocr_par ocr_line ocrx_word'/>
</head>
<body>
  <div class='ocr_page' id='page_1' title='image "./bibliothecahisto04dioduoft_0187.png"; bbox 0 0 1828 3253; ppageno 0'>
   <div class='ocr_carea' id='block_1_1' title="bbox 449 156 1483 223">
    <p class='ocr_par' dir='ltr' id='par_1_1' title="bbox 449 156 1483 223">
     <span class='ocr_line' id='line_1_1' title="bbox 449 156 1483 223; baseline -0.001 -23"><span class='ocrx_word' id='word_1_1' title='bbox 449 160 510 223; x_wconf 36' lang='lat' dir='ltr'><strong>{N</strong></span> <span class='ocrx_word' id='word_1_2' title='bbox 540 158 652 199; x_wconf 83' lang='lat' dir='ltr'><strong>LIB.</strong></span> <span class='ocrx_word' id='word_1_3' title='bbox 684 157 740 198; x_wconf 84' lang='lat'><strong>11.</strong></span> <span class='ocrx_word' id='word_1_4' title='bbox 765 156 896 196; x_wconf 78' lang='lat' dir='ltr'><strong>CAP.</strong></span> <span class='ocrx_word' id='word_1_5' title='bbox 921 158 991 200; x_wconf 85' lang='grc'><strong>10.</strong></span> <span class='ocrx_word' id='word_1_6' title='bbox 1022 159 1094 201; x_wconf 89' lang='lat' dir='ltr'><strong>ll.</strong></span> <span class='ocrx_word' id='word_1_7' title='bbox 1389 158 1483 200; x_wconf 76' lang='lat'><strong>173</strong></span> 
     </span>
    </p>
   </div>
   <div class='ocr_carea' id='block_1_2' title="bbox 37 265 1483 2793">
    <p class='ocr_par' dir='ltr' id='par_1_2' title="bbox 43 265 1483 606">
     <span class='ocr_line' id='line_1_2' title="bbox 43 265 1483 326; baseline -0.002 -13"><span class='ocrx_word' id='word_1_8' title='bbox 43 270 118 314; x_wconf 87' lang='grc' dir='ltr'><strong>δυο</strong></span> <span class='ocrx_word' id='word_1_9' title='bbox 137 270 297 315; x_wconf 82' lang='grc' dir='ltr'><em>τοῦτων</em></span> <span class='ocrx_word' id='word_1_10' title='bbox 324 274 546 326; x_wconf 82' lang='grc' dir='ltr'><strong><em>ποταμῶν,</em></strong></span> <span class='ocrx_word' id='word_1_11' title='bbox 582 273 784 322; x_wconf 73' lang='lat' dir='ltr'><strong>inquiens,</strong></span> <span class='ocrx_word' id='word_1_12' title='bbox 820 266 955 324; x_wconf 79' lang='grc' dir='ltr'>πηγὰς</span> <span class='ocrx_word' id='word_1_13' title='bbox 983 267 1126 322; x_wconf 70' lang='grc' dir='ltr'><em>διέχειν</em></span> <span class='ocrx_word' id='word_1_14' title='bbox 1157 265 1345 324; x_wconf 71' lang='grc' dir='ltr'><strong><em>ἀλλήλων</em></strong></span> <span class='ocrx_word' id='word_1_15' title='bbox 1373 269 1483 325; x_wconf 79' lang='grc' dir='ltr'><strong><em>φασὶ</em></strong></span> 
     </span>
     <span class='ocr_line' id='line_1_3' title="bbox 44 327 1482 385; baseline -0.002 -16"><span class='ocrx_word' id='word_1_16' title='bbox 44 330 134 383; x_wconf 80' lang='grc' dir='ltr'><strong><em>περὶ</em></strong></span> <span class='ocrx_word' id='word_1_17' title='bbox 156 328 234 385; x_wconf 81' lang='grc' dir='ltr'><strong>αφ’</strong></span> <span class='ocrx_word' id='word_1_18' title='bbox 268 327 428 371; x_wconf 75' lang='grc' dir='ltr'><strong>στάδια.</strong></span> <span class='ocrx_word' id='word_1_19' title='bbox 465 342 561 379; x_wconf 88' lang='lat' dir='ltr'><strong>quae</strong></span> <span class='ocrx_word' id='word_1_20' title='bbox 587 343 674 366; x_wconf 90' lang='lat' dir='ltr'><strong>cum</strong></span> <span class='ocrx_word' id='word_1_21' title='bbox 694 342 743 366; x_wconf 84' lang='lat' dir='ltr'><strong>ex</strong></span> <span class='ocrx_word' id='word_1_22' title='bbox 762 328 953 366; x_wconf 80' lang='lat' dir='ltr'>Strabone</span> <span class='ocrx_word' id='word_1_23' title='bbox 973 330 1052 365; x_wconf 88' lang='lat' dir='ltr'><strong>sint</strong></span> <span class='ocrx_word' id='word_1_24' title='bbox 1071 335 1234 375; x_wconf 84' lang='lat' dir='ltr'><strong>sumpta,</strong></span> <span class='ocrx_word' id='word_1_25' title='bbox 1263 334 1307 365; x_wconf 90' lang='lat' dir='ltr'><strong>ut</strong></span> <span class='ocrx_word' id='word_1_26' title='bbox 1325 328 1419 365; x_wconf 92' lang='lat' dir='ltr'><strong>ordo</strong></span> <span class='ocrx_word' id='word_1_27' title='bbox 1440 334 1482 366; x_wconf 84' lang='lat' dir='ltr'><strong>et</strong></span> 
     </span>
     <span class='ocr_line' id='line_1_4' title="bbox 43 384 1479 454; baseline -0.001 -30"><span class='ocrx_word' id='word_1_28' title='bbox 43 388 162 424; x_wconf 84' lang='lat' dir='ltr'><strong>verba</strong></span> <span class='ocrx_word' id='word_1_29' title='bbox 187 401 262 454; x_wconf 70' lang='lat' dir='ltr'><strong>pro</strong></span> <span class='ocrx_word' id='word_1_30' title='bbox 286 401 326 424; x_wconf 88' lang='lat' dir='ltr'><strong>se</strong></span> <span class='ocrx_word' id='word_1_31' title='bbox 354 389 436 435; x_wconf 89' lang='lat' dir='ltr'><strong>ipsa</strong></span> <span class='ocrx_word' id='word_1_32' title='bbox 469 387 701 434; x_wconf 90' lang='lat' dir='ltr'><strong>loquuntur,</strong></span> <span class='ocrx_word' id='word_1_33' title='bbox 740 385 911 422; x_wconf 86' lang='lat' dir='ltr'>indidem</span> <span class='ocrx_word' id='word_1_34' title='bbox 928 384 1177 421; x_wconf 86' lang='lat' dir='ltr'><strong>instauranda</strong></span> <span class='ocrx_word' id='word_1_35' title='bbox 1198 390 1300 432; x_wconf 87' lang='lat' dir='ltr'><strong>puto.</strong></span> <span class='ocrx_word' id='word_1_36' title='bbox 1354 385 1479 434; x_wconf 80' lang='lat' dir='ltr'>Atque</span> 
     </span>
     <span class='ocr_line' id='line_1_5' title="bbox 44 439 1480 489; baseline 0 -11"><span class='ocrx_word' id='word_1_37' title='bbox 44 441 137 480; x_wconf 86' lang='lat' dir='ltr'><strong>haec</strong></span> <span class='ocrx_word' id='word_1_38' title='bbox 166 446 198 481; x_wconf 88' lang='lat' dir='ltr'><strong>si</strong></span> <span class='ocrx_word' id='word_1_39' title='bbox 225 444 301 481; x_wconf 85' lang='lat' dir='ltr'><strong>viri</strong></span> <span class='ocrx_word' id='word_1_40' title='bbox 331 443 433 480; x_wconf 89' lang='lat' dir='ltr'><strong>docti</strong></span> <span class='ocrx_word' id='word_1_41' title='bbox 462 442 790 488; x_wconf 77' lang='lat' dir='ltr'>considerassent,</span> <span class='ocrx_word' id='word_1_42' title='bbox 829 442 973 477; x_wconf 84' lang='lat' dir='ltr'><strong>nullam</strong></span> <span class='ocrx_word' id='word_1_43' title='bbox 993 440 1166 489; x_wconf 84' lang='lat' dir='ltr'><strong>profecto</strong></span> <span class='ocrx_word' id='word_1_44' title='bbox 1194 440 1300 476; x_wconf 88' lang='lat' dir='ltr'><strong>litem</strong></span> <span class='ocrx_word' id='word_1_45' title='bbox 1330 439 1480 478; x_wconf 74' lang='lat' dir='ltr'><strong>duobus</strong></span> 
     </span>
     <span class='ocr_line' id='line_1_6' title="bbox 43 494 1480 550; baseline 0 -14"><span class='ocrx_word' id='word_1_46' title='bbox 43 500 214 536; x_wconf 88' lang='lat' dir='ltr'><strong>millibus</strong></span> <span class='ocrx_word' id='word_1_47' title='bbox 231 506 269 536; x_wconf 91' lang='lat' dir='ltr'><strong>et</strong></span> <span class='ocrx_word' id='word_1_48' title='bbox 288 501 508 550; x_wconf 85' lang='lat' dir='ltr'>quingentis</span> <span class='ocrx_word' id='word_1_49' title='bbox 527 499 684 545; x_wconf 88' lang='lat' dir='ltr'><strong>stadiis,</strong></span> <span class='ocrx_word' id='word_1_50' title='bbox 714 509 809 546; x_wconf 87' lang='lat' dir='ltr'><strong>quae</strong></span> <span class='ocrx_word' id='word_1_51' title='bbox 833 496 988 534; x_wconf 89' lang='lat' dir='ltr'><strong>Curtius</strong></span> <span class='ocrx_word' id='word_1_52' title='bbox 1013 495 1057 532; x_wconf 87' lang='lat' dir='ltr'><strong>V.</strong></span> <span class='ocrx_word' id='word_1_53' title='bbox 1083 497 1120 536; x_wconf 92' lang='lat' dir='ltr'><strong>l.</strong></span> <span class='ocrx_word' id='word_1_54' title='bbox 1145 496 1214 535; x_wconf 88' lang='lat'><strong>13.</strong></span> <span class='ocrx_word' id='word_1_55' title='bbox 1244 494 1480 544; x_wconf 82' lang='lat' dir='ltr'><strong>Euphratem</strong></span> 
     </span>
     <span class='ocr_line' id='line_1_7' title="bbox 44 552 1121 606; baseline -0.004 -14"><span class='ocrx_word' id='word_1_56' title='bbox 44 562 82 592; x_wconf 86' lang='lat' dir='ltr'><strong>et</strong></span> <span class='ocrx_word' id='word_1_57' title='bbox 103 554 252 606; x_wconf 83' lang='lat' dir='ltr'>Tigrim</span> <span class='ocrx_word' id='word_1_58' title='bbox 269 556 489 606; x_wconf 86' lang='lat' dir='ltr'><strong>disiungere</strong></span> <span class='ocrx_word' id='word_1_59' title='bbox 508 561 705 601; x_wconf 83' lang='lat' dir='ltr'><strong>memorat,</strong></span> <span class='ocrx_word' id='word_1_60' title='bbox 732 556 954 591; x_wconf 78' lang='lat' dir='ltr'><strong>movissent.</strong></span> <span class='ocrx_word' id='word_1_61' title='bbox 984 552 1121 590; x_wconf 47' lang='lat' dir='ltr'><strong>IVESS.</strong></span> 
     </span>
    </p>

    <p class='ocr_par' dir='ltr' id='par_1_3' title="bbox 37 607 1482 1885">
     <span class='ocr_line' id='line_1_8' title="bbox 158 607 1479 662; baseline -0.003 -11"><span class='ocrx_word' id='word_1_62' title='bbox 158 612 259 651; x_wconf 83' lang='lat'><strong>125.</strong></span> <span class='ocrx_word' id='word_1_63' title='bbox 283 611 356 651; x_wconf 85' lang='lat'><strong>96.</strong></span> <span class='ocrx_word' id='word_1_64' title='bbox 383 608 470 651; x_wconf 83' lang='grc' dir='ltr'><strong>Διὰ</strong></span> <span class='ocrx_word' id='word_1_65' title='bbox 489 610 664 662; x_wconf 73' lang='grc' dir='ltr'><strong><em>Μηδίας</em></strong></span> <span class='ocrx_word' id='word_1_66' title='bbox 686 609 753 649; x_wconf 81' lang='grc' dir='ltr'><strong>καὶ</strong></span> <span class='ocrx_word' id='word_1_67' title='bbox 773 608 1125 661; x_wconf 77' lang='grc' dir='ltr'><strong><em>Παραιτακηνῆς]</em></strong></span> <span class='ocrx_word' id='word_1_68' title='bbox 1163 607 1235 646; x_wconf 92' lang='lat' dir='ltr'><strong>Est</strong></span> <span class='ocrx_word' id='word_1_69' title='bbox 1253 610 1295 647; x_wconf 89' lang='lat' dir='ltr'><strong>in</strong></span> <span class='ocrx_word' id='word_1_70' title='bbox 1314 607 1376 645; x_wconf 92' lang='lat' dir='ltr'><strong>his</strong></span> <span class='ocrx_word' id='word_1_71' title='bbox 1397 622 1479 647; x_wconf 87' lang='lat' dir='ltr'><strong>ma-</strong></span> 
     </span>
     <span class='ocr_line' id='line_1_9' title="bbox 41 663 1480 716; baseline 0 -13"><span class='ocrx_word' id='word_1_72' title='bbox 41 666 224 704; x_wconf 85' lang='lat' dir='ltr'><strong>nifestum</strong></span> <span class='ocrx_word' id='word_1_73' title='bbox 241 675 437 716; x_wconf 81' lang='lat' dir='ltr'><strong>peccatum</strong></span> <span class='ocrx_word' id='word_1_74' title='bbox 449 695 460 715; x_wconf 95' lang='lat'><strong>,</strong></span> <span class='ocrx_word' id='word_1_75' title='bbox 498 668 607 704; x_wconf 84' lang='lat' dir='ltr'><strong>cuius</strong></span> <span class='ocrx_word' id='word_1_76' title='bbox 626 668 774 716; x_wconf 90' lang='lat' dir='ltr'><strong>culpam</strong></span> <span class='ocrx_word' id='word_1_77' title='bbox 793 668 870 704; x_wconf 88' lang='lat' dir='ltr'><strong>viri</strong></span> <span class='ocrx_word' id='word_1_78' title='bbox 889 666 1100 702; x_wconf 86' lang='lat' dir='ltr'><strong>doctissimi</strong></span> <span class='ocrx_word' id='word_1_79' title='bbox 1118 663 1332 714; x_wconf 87' lang='lat' dir='ltr'><strong>Christoph.</strong></span> <span class='ocrx_word' id='word_1_80' title='bbox 1354 663 1480 703; x_wconf 84' lang='lat' dir='ltr'><strong>Cella-</strong></span> 
     </span>
     <span class='ocr_line' id='line_1_10' title="bbox 40 720 1482 772; baseline 0 -13"><span class='ocrx_word' id='word_1_81' title='bbox 40 724 122 759; x_wconf 87' lang='lat' dir='ltr'><strong>rius</strong></span> <span class='ocrx_word' id='word_1_82' title='bbox 144 730 182 760; x_wconf 88' lang='lat' dir='ltr'><strong>et</strong></span> <span class='ocrx_word' id='word_1_83' title='bbox 199 723 252 760; x_wconf 87' lang='lat' dir='ltr'><strong>Io.</strong></span> <span class='ocrx_word' id='word_1_84' title='bbox 271 721 442 761; x_wconf 78' lang='lat' dir='ltr'><strong>Clericus</strong></span> <span class='ocrx_word' id='word_1_85' title='bbox 459 726 501 761; x_wconf 91' lang='lat' dir='ltr'><strong>in</strong></span> <span class='ocrx_word' id='word_1_86' title='bbox 522 726 745 772; x_wconf 86' lang='lat' dir='ltr'><strong>scriptorem</strong></span> <span class='ocrx_word' id='word_1_87' title='bbox 765 721 992 768; x_wconf 88' lang='lat' dir='ltr'><strong>Diodorum,</strong></span> <span class='ocrx_word' id='word_1_88' title='bbox 1018 720 1047 757; x_wconf 83' lang='lat' dir='ltr'><strong>F</strong></span> <span class='ocrx_word' id='word_1_89' title='bbox 1049 734 1154 758; x_wconf 83' lang='lat' dir='ltr'><strong>ranc.</strong></span> <span class='ocrx_word' id='word_1_90' title='bbox 1176 734 1268 759; x_wconf 87' lang='lat' dir='ltr'><strong>vero</strong></span> <span class='ocrx_word' id='word_1_91' title='bbox 1294 720 1482 759; x_wconf 90' lang='lat' dir='ltr'><strong>Camusa-</strong></span> 
     </span>
     <span class='ocr_line' id='line_1_11' title="bbox 40 779 1479 829; baseline 0 -13"><span class='ocrx_word' id='word_1_92' title='bbox 40 785 104 816; x_wconf 85' lang='lat' dir='ltr'><strong>tus</strong></span> <span class='ocrx_word' id='word_1_93' title='bbox 131 782 173 816; x_wconf 91' lang='lat' dir='ltr'><strong>in</strong></span> <span class='ocrx_word' id='word_1_94' title='bbox 203 779 366 828; x_wconf 87' lang='lat' dir='ltr'><strong>quadam</strong></span> <span class='ocrx_word' id='word_1_95' title='bbox 395 780 444 817; x_wconf 80' lang='lat' dir='ltr'><strong>ad</strong></span> <span class='ocrx_word' id='word_1_96' title='bbox 474 780 500 817; x_wconf 86' lang='lat' dir='ltr'><strong>I.</strong></span> <span class='ocrx_word' id='word_1_97' title='bbox 520 779 657 817; x_wconf 72' lang='lat' dir='ltr'><strong>VVasse</strong></span> <span class='ocrx_word' id='word_1_98' title='bbox 685 780 846 829; x_wconf 90' lang='lat' dir='ltr'><strong>epistola</strong></span> <span class='ocrx_word' id='word_1_99' title='bbox 875 781 916 815; x_wconf 88' lang='lat' dir='ltr'><strong>in</strong></span> <span class='ocrx_word' id='word_1_100' title='bbox 943 779 1120 815; x_wconf 86' lang='lat' dir='ltr'><strong>librarios</strong></span> <span class='ocrx_word' id='word_1_101' title='bbox 1140 779 1366 815; x_wconf 84' lang='lat' dir='ltr'><strong>conferunt:</strong></span> <span class='ocrx_word' id='word_1_102' title='bbox 1411 780 1479 826; x_wconf 87' lang='lat' dir='ltr'><strong>qui</strong></span> 
     </span>
     <span class='ocr_line' id='line_1_12' title="bbox 41 831 1480 885; baseline -0.001 -13"><span class='ocrx_word' id='word_1_103' title='bbox 41 835 195 885; x_wconf 86' lang='lat' dir='ltr'><strong>quidem</strong></span> <span class='ocrx_word' id='word_1_104' title='bbox 227 835 355 873; x_wconf 85' lang='lat' dir='ltr'><strong>Abbas</strong></span> <span class='ocrx_word' id='word_1_105' title='bbox 383 849 470 874; x_wconf 91' lang='lat' dir='ltr'><strong>cum</strong></span> <span class='ocrx_word' id='word_1_106' title='bbox 501 838 543 874; x_wconf 90' lang='lat' dir='ltr'><strong>in</strong></span> <span class='ocrx_word' id='word_1_107' title='bbox 570 834 686 874; x_wconf 87' lang='lat' dir='ltr'><strong>Coisl.</strong></span> <span class='ocrx_word' id='word_1_108' title='bbox 727 838 933 885; x_wconf 85' lang='lat' dir='ltr'><strong>reperisset</strong></span> <span class='ocrx_word' id='word_1_109' title='bbox 971 831 1074 885; x_wconf 71' lang='grc' dir='ltr'><strong>παρ’</strong></span> <span class='ocrx_word' id='word_1_110' title='bbox 1105 831 1320 885; x_wconf 80' lang='grc' dir='ltr'><strong><em>Ἐτακίνης</em></strong></span> <span class='ocrx_word' id='word_1_111' title='bbox 1360 834 1480 872; x_wconf 82' lang='lat' dir='ltr'><strong>scribi</strong></span> 
     </span>
     <span class='ocr_line' id='line_1_13' title="bbox 41 889 1480 944; baseline 0 -16"><span class='ocrx_word' id='word_1_112' title='bbox 41 899 216 942; x_wconf 83' lang='lat' dir='ltr'><strong>oportere</strong></span> <span class='ocrx_word' id='word_1_113' title='bbox 235 894 386 930; x_wconf 90' lang='lat' dir='ltr'><strong>censuit</strong></span> <span class='ocrx_word' id='word_1_114' title='bbox 404 890 470 931; x_wconf 75' lang='grc' dir='ltr'><strong>διὰ</strong></span> <span class='ocrx_word' id='word_1_115' title='bbox 489 891 665 944; x_wconf 73' lang='grc' dir='ltr'><strong><em>Μηδίας</em></strong></span> <span class='ocrx_word' id='word_1_116' title='bbox 682 889 796 943; x_wconf 76' lang='grc' dir='ltr'><strong>παρὰ</strong></span> <span class='ocrx_word' id='word_1_117' title='bbox 820 891 1097 942; x_wconf 75' lang='grc' dir='ltr'><strong><em>Σιττακηνῆς,</em></strong></span> <span class='ocrx_word' id='word_1_118' title='bbox 1149 890 1251 939; x_wconf 88' lang='lat' dir='ltr'><strong>quod</strong></span> <span class='ocrx_word' id='word_1_119' title='bbox 1271 892 1340 927; x_wconf 89' lang='lat' dir='ltr'><strong>illa</strong></span> <span class='ocrx_word' id='word_1_120' title='bbox 1356 894 1480 942; x_wconf 82' lang='lat' dir='ltr'><strong>regio,</strong></span> 
     </span>
     <span class='ocr_line' id='line_1_14' title="bbox 42 948 1480 1000; baseline -0.001 -15"><span class='ocrx_word' id='word_1_121' title='bbox 42 948 91 986; x_wconf 86' lang='lat' dir='ltr'><strong>ad</strong></span> <span class='ocrx_word' id='word_1_122' title='bbox 112 951 298 986; x_wconf 86' lang='lat' dir='ltr'><strong>orientem</strong></span> <span class='ocrx_word' id='word_1_123' title='bbox 317 948 527 1000; x_wconf 84' lang='lat' dir='ltr'><strong>Babylonis</strong></span> <span class='ocrx_word' id='word_1_124' title='bbox 545 951 690 998; x_wconf 88' lang='lat' dir='ltr'><strong>posita,</strong></span> <span class='ocrx_word' id='word_1_125' title='bbox 744 949 862 985; x_wconf 82' lang='lat' dir='ltr'><strong>ferme</strong></span> <span class='ocrx_word' id='word_1_126' title='bbox 885 961 930 984; x_wconf 85' lang='lat' dir='ltr'><strong>ea</strong></span> <span class='ocrx_word' id='word_1_127' title='bbox 956 948 1041 983; x_wconf 84' lang='lat' dir='ltr'><strong>loca</strong></span> <span class='ocrx_word' id='word_1_128' title='bbox 1059 948 1248 997; x_wconf 85' lang='lat' dir='ltr'><strong>attingat,</strong></span> <span class='ocrx_word' id='word_1_129' title='bbox 1299 960 1319 984; x_wconf 91' lang='lat' dir='ltr'><strong>e</strong></span> <span class='ocrx_word' id='word_1_130' title='bbox 1341 948 1480 997; x_wconf 79' lang='lat' dir='ltr'><strong>quibus</strong></span> 
     </span>
     <span class='ocr_line' id='line_1_15' title="bbox 40 1003 1480 1056; baseline -0.001 -14"><span class='ocrx_word' id='word_1_131' title='bbox 40 1004 165 1042; x_wconf 88' lang='lat' dir='ltr'><strong>iuncti</strong></span> <span class='ocrx_word' id='word_1_132' title='bbox 184 1005 302 1042; x_wconf 85' lang='lat' dir='ltr'><strong>fluere</strong></span> <span class='ocrx_word' id='word_1_133' title='bbox 329 1007 519 1054; x_wconf 88' lang='lat' dir='ltr'><strong>incipiunt</strong></span> <span class='ocrx_word' id='word_1_134' title='bbox 539 1004 671 1056; x_wconf 87' lang='lat' dir='ltr'><strong>Tigris</strong></span> <span class='ocrx_word' id='word_1_135' title='bbox 688 1012 726 1041; x_wconf 87' lang='lat' dir='ltr'><strong>et</strong></span> <span class='ocrx_word' id='word_1_136' title='bbox 745 1003 981 1053; x_wconf 79' lang='lat' dir='ltr'><strong>Euphrates3</strong></span> <span class='ocrx_word' id='word_1_137' title='bbox 1030 1010 1160 1051; x_wconf 88' lang='lat' dir='ltr'><strong>estque</strong></span> <span class='ocrx_word' id='word_1_138' title='bbox 1184 1016 1275 1040; x_wconf 87' lang='lat' dir='ltr'><strong>sane</strong></span> <span class='ocrx_word' id='word_1_139' title='bbox 1294 1015 1374 1040; x_wconf 90' lang='lat' dir='ltr'><strong>non</strong></span> <span class='ocrx_word' id='word_1_140' title='bbox 1392 1005 1480 1041; x_wconf 90' lang='lat' dir='ltr'><strong>lon-</strong></span> 
     </span>
     <span class='ocr_line' id='line_1_16' title="bbox 40 1059 1481 1112; baseline -0.001 -14"><span class='ocrx_word' id='word_1_141' title='bbox 40 1074 133 1112; x_wconf 82' lang='lat' dir='ltr'><strong>gum</strong></span> <span class='ocrx_word' id='word_1_142' title='bbox 152 1063 226 1098; x_wconf 89' lang='lat' dir='ltr'><strong>iter</strong></span> <span class='ocrx_word' id='word_1_143' title='bbox 244 1060 441 1111; x_wconf 77' lang='lat' dir='ltr'><strong>Babylone</strong></span> <span class='ocrx_word' id='word_1_144' title='bbox 461 1063 503 1098; x_wconf 87' lang='lat' dir='ltr'><strong>in</strong></span> <span class='ocrx_word' id='word_1_145' title='bbox 527 1060 764 1107; x_wconf 83' lang='lat' dir='ltr'><strong>Sittacenen,</strong></span> <span class='ocrx_word' id='word_1_146' title='bbox 779 1072 901 1108; x_wconf 88' lang='lat' dir='ltr'><strong>neque</strong></span> <span class='ocrx_word' id='word_1_147' title='bbox 922 1066 1069 1096; x_wconf 90' lang='lat' dir='ltr'><strong>remota</strong></span> <span class='ocrx_word' id='word_1_148' title='bbox 1089 1073 1133 1095; x_wconf 92' lang='lat' dir='ltr'><strong>ea</strong></span> <span class='ocrx_word' id='word_1_149' title='bbox 1151 1061 1351 1107; x_wconf 84' lang='lat' dir='ltr'><strong>provincia</strong></span> <span class='ocrx_word' id='word_1_150' title='bbox 1368 1072 1392 1096; x_wconf 86' lang='lat' dir='ltr'><strong>a</strong></span> <span class='ocrx_word' id='word_1_151' title='bbox 1408 1059 1481 1097; x_wconf 93' lang='lat' dir='ltr'><strong>Ti-</strong></span> 
     </span>
     <span class='ocr_line' id='line_1_17' title="bbox 41 1114 1478 1168; baseline -0.001 -15"><span class='ocrx_word' id='word_1_152' title='bbox 41 1117 151 1168; x_wconf 88' lang='lat' dir='ltr'><strong>gride</strong></span> <span class='ocrx_word' id='word_1_153' title='bbox 172 1117 315 1164; x_wconf 85' lang='lat' dir='ltr'><strong>fluvio,</strong></span> <span class='ocrx_word' id='word_1_154' title='bbox 355 1124 399 1154; x_wconf 91' lang='lat' dir='ltr'><strong>ut</strong></span> <span class='ocrx_word' id='word_1_155' title='bbox 426 1117 516 1154; x_wconf 88' lang='lat' dir='ltr'><strong>infr.</strong></span> <span class='ocrx_word' id='word_1_156' title='bbox 538 1117 662 1154; x_wconf 78' lang='lat' dir='ltr'><strong>xvn.</strong></span> <span class='ocrx_word' id='word_1_157' title='bbox 687 1118 758 1157; x_wconf 83' lang='grc'><strong>65.</strong></span> <span class='ocrx_word' id='word_1_158' title='bbox 789 1124 826 1153; x_wconf 89' lang='lat' dir='ltr'><strong>et</strong></span> <span class='ocrx_word' id='word_1_159' title='bbox 848 1130 870 1153; x_wconf 90' lang='lat' dir='ltr'><strong>a</strong></span> <span class='ocrx_word' id='word_1_160' title='bbox 890 1114 1080 1152; x_wconf 82' lang='lat' dir='ltr'><strong>Strabone</strong></span> <span class='ocrx_word' id='word_1_161' title='bbox 1098 1114 1186 1154; x_wconf 89' lang='lat' dir='ltr'><strong>XV.</strong></span> <span class='ocrx_word' id='word_1_162' title='bbox 1215 1127 1249 1163; x_wconf 87' lang='lat' dir='ltr'><strong>p.</strong></span> <span class='ocrx_word' id='word_1_163' title='bbox 1274 1117 1409 1156; x_wconf 86' lang='lat'><strong>1064.</strong></span> <span class='ocrx_word' id='word_1_164' title='bbox 1432 1114 1478 1156; x_wconf 82' lang='grc' dir='ltr'><strong>Β.</strong></span> 
     </span>
     <span class='ocr_line' id='line_1_18' title="bbox 42 1171 1481 1222; baseline -0.001 -12"><span class='ocrx_word' id='word_1_165' title='bbox 42 1174 234 1210; x_wconf 90' lang='lat' dir='ltr'><strong>docemur.</strong></span> <span class='ocrx_word' id='word_1_166' title='bbox 288 1173 370 1210; x_wconf 89' lang='lat' dir='ltr'><strong>Nec</strong></span> <span class='ocrx_word' id='word_1_167' title='bbox 397 1180 559 1222; x_wconf 88' lang='lat' dir='ltr'><strong>prosunt</strong></span> <span class='ocrx_word' id='word_1_168' title='bbox 586 1181 712 1210; x_wconf 84' lang='lat' dir='ltr'><strong>tamen</strong></span> <span class='ocrx_word' id='word_1_169' title='bbox 741 1171 914 1209; x_wconf 90' lang='lat' dir='ltr'><strong>Diodoro</strong></span> <span class='ocrx_word' id='word_1_170' title='bbox 943 1174 1019 1209; x_wconf 82' lang='lat' dir='ltr'><strong>viri</strong></span> <span class='ocrx_word' id='word_1_171' title='bbox 1047 1172 1129 1208; x_wconf 83' lang='lat' dir='ltr'><strong>eius</strong></span> <span class='ocrx_word' id='word_1_172' title='bbox 1161 1179 1342 1218; x_wconf 69' lang='lat' dir='ltr'><strong>conatus,</strong></span> <span class='ocrx_word' id='word_1_173' title='bbox 1402 1174 1481 1209; x_wconf 87' lang='lat' dir='ltr'><strong>imo</strong></span> 
     </span>
     <span class='ocr_line' id='line_1_19' title="bbox 40 1227 1479 1280; baseline 0 -14"><span class='ocrx_word' id='word_1_174' title='bbox 40 1242 134 1267; x_wconf 90' lang='lat' dir='ltr'><strong>vero</strong></span> <span class='ocrx_word' id='word_1_175' title='bbox 164 1242 333 1266; x_wconf 88' lang='lat' dir='ltr'><strong>errorem</strong></span> <span class='ocrx_word' id='word_1_176' title='bbox 359 1229 570 1280; x_wconf 80' lang='lat' dir='ltr'><strong>adaugent,</strong></span> <span class='ocrx_word' id='word_1_177' title='bbox 608 1228 832 1266; x_wconf 84' lang='lat' dir='ltr'><strong>Sittacenen</strong></span> <span class='ocrx_word' id='word_1_178' title='bbox 861 1227 1010 1265; x_wconf 85' lang='lat' dir='ltr'><strong>Mediae</strong></span> <span class='ocrx_word' id='word_1_179' title='bbox 1040 1239 1159 1275; x_wconf 84' lang='lat' dir='ltr'><strong>paene</strong></span> <span class='ocrx_word' id='word_1_180' title='bbox 1187 1234 1479 1266; x_wconf 86' lang='lat' dir='ltr'><strong>connectentes:</strong></span> 
     </span>
     <span class='ocr_line' id='line_1_20' title="bbox 40 1282 1479 1334; baseline -0.001 -11"><span class='ocrx_word' id='word_1_181' title='bbox 40 1287 152 1323; x_wconf 87' lang='lat' dir='ltr'><strong>mitto</strong></span> <span class='ocrx_word' id='word_1_182' title='bbox 184 1286 267 1322; x_wconf 89' lang='lat' dir='ltr'><strong>sine</strong></span> <span class='ocrx_word' id='word_1_183' title='bbox 295 1299 430 1323; x_wconf 87' lang='lat' dir='ltr'><strong>caussa</strong></span> <span class='ocrx_word' id='word_1_184' title='bbox 454 1292 639 1322; x_wconf 85' lang='lat' dir='ltr'><strong>mutatam</strong></span> <span class='ocrx_word' id='word_1_185' title='bbox 667 1288 916 1334; x_wconf 86' lang='lat' dir='ltr'><strong>scripturam,</strong></span> <span class='ocrx_word' id='word_1_186' title='bbox 955 1290 993 1320; x_wconf 87' lang='lat' dir='ltr'><strong>et</strong></span> <span class='ocrx_word' id='word_1_187' title='bbox 1010 1282 1315 1330; x_wconf 78' lang='lat' dir='ltr'><strong>paraetacenen,</strong></span> <span class='ocrx_word' id='word_1_188' title='bbox 1350 1286 1479 1333; x_wconf 89' lang='lat' dir='ltr'><strong>paullo</strong></span> 
     </span>
     <span class='ocr_line' id='line_1_21' title="bbox 40 1339 1481 1391; baseline -0.001 -12"><span class='ocrx_word' id='word_1_189' title='bbox 40 1348 131 1380; x_wconf 86' lang='lat' dir='ltr'><strong>ante</strong></span> <span class='ocrx_word' id='word_1_190' title='bbox 152 1340 300 1379; x_wconf 87' lang='lat' dir='ltr'><strong>Mediae</strong></span> <span class='ocrx_word' id='word_1_191' title='bbox 314 1345 580 1388; x_wconf 88' lang='lat' dir='ltr'><strong>coniunctam,</strong></span> <span class='ocrx_word' id='word_1_192' title='bbox 625 1348 663 1378; x_wconf 90' lang='lat' dir='ltr'><strong>et</strong></span> <span class='ocrx_word' id='word_1_193' title='bbox 682 1339 870 1391; x_wconf 86' lang='lat' dir='ltr'><strong>Euphrati</strong></span> <span class='ocrx_word' id='word_1_194' title='bbox 888 1339 1116 1391; x_wconf 84' lang='lat' dir='ltr'><strong>Tigridique</strong></span> <span class='ocrx_word' id='word_1_195' title='bbox 1135 1353 1214 1376; x_wconf 89' lang='lat' dir='ltr'><strong>non</strong></span> <span class='ocrx_word' id='word_1_196' title='bbox 1232 1340 1392 1377; x_wconf 90' lang='lat' dir='ltr'><strong>obscure</strong></span> <span class='ocrx_word' id='word_1_197' title='bbox 1411 1341 1481 1378; x_wconf 87' lang='lat' dir='ltr'><strong>ad·-</strong></span> 
     </span>
     <span class='ocr_line' id='line_1_22' title="bbox 41 1397 1481 1449; baseline 0 -14"><span class='ocrx_word' id='word_1_198' title='bbox 41 1400 225 1449; x_wconf 86' lang='lat' dir='ltr'><strong>positam.,</strong></span> <span class='ocrx_word' id='word_1_199' title='bbox 259 1397 332 1435; x_wconf 90' lang='lat' dir='ltr'><strong>hoc</strong></span> <span class='ocrx_word' id='word_1_200' title='bbox 352 1411 392 1435; x_wconf 90' lang='lat' dir='ltr'><strong>se</strong></span> <span class='ocrx_word' id='word_1_201' title='bbox 411 1400 496 1435; x_wconf 88' lang='lat' dir='ltr'><strong>loco</strong></span> <span class='ocrx_word' id='word_1_202' title='bbox 516 1399 629 1435; x_wconf 88' lang='lat' dir='ltr'><strong>facile</strong></span> <span class='ocrx_word' id='word_1_203' title='bbox 648 1398 769 1435; x_wconf 88' lang='lat' dir='ltr'><strong>tueri:</strong></span> <span class='ocrx_word' id='word_1_204' title='bbox 824 1409 896 1433; x_wconf 89' lang='lat' dir='ltr'><strong>nec</strong></span> <span class='ocrx_word' id='word_1_205' title='bbox 925 1399 1033 1434; x_wconf 82' lang='lat' dir='ltr'><strong>iuvat</strong></span> <span class='ocrx_word' id='word_1_206' title='bbox 1064 1397 1256 1445; x_wconf 86' lang='lat' dir='ltr'><strong>suppetias</strong></span> <span class='ocrx_word' id='word_1_207' title='bbox 1286 1398 1352 1445; x_wconf 90' lang='lat' dir='ltr'><strong>qui</strong></span> <span class='ocrx_word' id='word_1_208' title='bbox 1377 1397 1481 1435; x_wconf 84' lang='lat' dir='ltr'><strong>ferre</strong></span> 
     </span>
     <span class='ocr_line' id='line_1_23' title="bbox 41 1451 1481 1503; baseline -0.001 -11"><span class='ocrx_word' id='word_1_209' title='bbox 41 1455 217 1500; x_wconf 91' lang='lat' dir='ltr'><strong>iubetur,</strong></span> <span class='ocrx_word' id='word_1_210' title='bbox 241 1453 395 1492; x_wconf 88' lang='lat' dir='ltr'><strong>Curtius</strong></span> <span class='ocrx_word' id='word_1_211' title='bbox 412 1454 458 1491; x_wconf 90' lang='lat' dir='ltr'><strong>V.</strong></span> <span class='ocrx_word' id='word_1_212' title='bbox 483 1456 522 1494; x_wconf 88' lang='lat' dir='ltr'><strong>l.</strong></span> <span class='ocrx_word' id='word_1_213' title='bbox 545 1454 615 1494; x_wconf 88' lang='grc'><strong>14.</strong></span> <span class='ocrx_word' id='word_1_214' title='bbox 642 1456 780 1501; x_wconf 74' lang='lat' dir='ltr'><strong>iidem,</strong></span> <span class='ocrx_word' id='word_1_215' title='bbox 803 1452 1019 1501; x_wconf 85' lang='lat' dir='ltr'><strong>Euphrates</strong></span> <span class='ocrx_word' id='word_1_216' title='bbox 1040 1459 1077 1488; x_wconf 91' lang='lat' dir='ltr'><strong>et</strong></span> <span class='ocrx_word' id='word_1_217' title='bbox 1093 1451 1239 1503; x_wconf 77' lang='lat' dir='ltr'><strong>TigriS,</strong></span> <span class='ocrx_word' id='word_1_218' title='bbox 1267 1465 1381 1503; x_wconf 81' lang='lat' dir='ltr'><strong>quum</strong></span> <span class='ocrx_word' id='word_1_219' title='bbox 1393 1454 1481 1491; x_wconf 87' lang='lat' dir='ltr'><strong>Me-</strong></span> 
     </span>
     <span class='ocr_line' id='line_1_24' title="bbox 42 1509 1480 1561; baseline -0.001 -12"><span class='ocrx_word' id='word_1_220' title='bbox 42 1512 136 1549; x_wconf 80' lang='lat' dir='ltr'><strong>diae</strong></span> <span class='ocrx_word' id='word_1_221' title='bbox 155 1517 197 1547; x_wconf 81' lang='lat' dir='ltr'><strong>et</strong></span> <span class='ocrx_word' id='word_1_222' title='bbox 219 1512 513 1549; x_wconf 80' lang='lat' dir='ltr'><strong>Gordianorum</strong></span> <span class='ocrx_word' id='word_1_223' title='bbox 534 1517 668 1548; x_wconf 78' lang='lat' dir='ltr'><strong>terras</strong></span> <span class='ocrx_word' id='word_1_224' title='bbox 686 1523 826 1548; x_wconf 76' lang='lat' dir='ltr'><strong>secare</strong></span> <span class='ocrx_word' id='word_1_225' title='bbox 846 1515 1081 1561; x_wconf 82' lang='lat' dir='ltr'><strong>coeperunt,</strong></span> <span class='ocrx_word' id='word_1_226' title='bbox 1109 1509 1328 1560; x_wconf 77' lang='lat' dir='ltr'><strong>paullatim</strong></span> <span class='ocrx_word' id='word_1_227' title='bbox 1348 1512 1387 1547; x_wconf 83' lang='lat' dir='ltr'><strong>in</strong></span> <span class='ocrx_word' id='word_1_228' title='bbox 1408 1524 1480 1547; x_wconf 86' lang='lat' dir='ltr'><strong>ar-</strong></span> 
     </span>
     <span class='ocr_line' id='line_1_25' title="bbox 44 1564 1480 1613; baseline 0 -9"><span class='ocrx_word' id='word_1_229' title='bbox 44 1569 123 1604; x_wconf 80' lang='lat' dir='ltr'><strong>tius</strong></span> <span class='ocrx_word' id='word_1_230' title='bbox 155 1575 320 1604; x_wconf 82' lang='lat' dir='ltr'><strong>coeunt:</strong></span> <span class='ocrx_word' id='word_1_231' title='bbox 357 1567 489 1604; x_wconf 87' lang='lat' dir='ltr'><strong>haeret</strong></span> <span class='ocrx_word' id='word_1_232' title='bbox 510 1569 612 1603; x_wconf 85' lang='lat' dir='ltr'><strong>enim</strong></span> <span class='ocrx_word' id='word_1_233' title='bbox 643 1567 776 1603; x_wconf 83' lang='lat' dir='ltr'><strong>eodem</strong></span> <span class='ocrx_word' id='word_1_234' title='bbox 794 1569 836 1603; x_wconf 94' lang='lat' dir='ltr'><strong>in</strong></span> <span class='ocrx_word' id='word_1_235' title='bbox 855 1567 959 1613; x_wconf 90' lang='lat' dir='ltr'><strong>luto,</strong></span> <span class='ocrx_word' id='word_1_236' title='bbox 1003 1579 1027 1602; x_wconf 92' lang='lat' dir='ltr'><strong>a</strong></span> <span class='ocrx_word' id='word_1_237' title='bbox 1045 1564 1219 1602; x_wconf 92' lang='lat' dir='ltr'><strong>Diodoro</strong></span> <span class='ocrx_word' id='word_1_238' title='bbox 1242 1566 1284 1601; x_wconf 89' lang='lat' dir='ltr'><strong>in</strong></span> <span class='ocrx_word' id='word_1_239' title='bbox 1305 1566 1480 1605; x_wconf 86' lang='lat' dir='ltr'><strong>fraudem</strong></span> 
     </span>
     <span class='ocr_line' id='line_1_26' title="bbox 40 1620 1481 1672; baseline 0.001 -12"><span class='ocrx_word' id='word_1_240' title='bbox 40 1623 234 1662; x_wconf 88' lang='lat' dir='ltr'><strong>inductus.</strong></span> <span class='ocrx_word' id='word_1_241' title='bbox 293 1622 460 1660; x_wconf 88' lang='lat' dir='ltr'><strong>Mediam</strong></span> <span class='ocrx_word' id='word_1_242' title='bbox 487 1629 526 1659; x_wconf 91' lang='lat' dir='ltr'><strong>et</strong></span> <span class='ocrx_word' id='word_1_243' title='bbox 541 1621 824 1660; x_wconf 82' lang='lat' dir='ltr'><strong>Paraetacenen</strong></span> <span class='ocrx_word' id='word_1_244' title='bbox 840 1621 1055 1671; x_wconf 86' lang='lat' dir='ltr'><strong>Euphrates</strong></span> <span class='ocrx_word' id='word_1_245' title='bbox 1078 1629 1116 1658; x_wconf 90' lang='lat' dir='ltr'><strong>et</strong></span> <span class='ocrx_word' id='word_1_246' title='bbox 1133 1620 1267 1672; x_wconf 84' lang='lat' dir='ltr'><strong>Tigris</strong></span> <span class='ocrx_word' id='word_1_247' title='bbox 1285 1634 1481 1672; x_wconf 85' lang='lat' dir='ltr'><strong>nunquam</strong></span> 
     </span>
     <span class='ocr_line' id='line_1_27' title="bbox 42 1677 1480 1728; baseline 0.001 -12"><span class='ocrx_word' id='word_1_248' title='bbox 42 1679 207 1726; x_wconf 84' lang='lat' dir='ltr'><strong>radunt,</strong></span> <span class='ocrx_word' id='word_1_249' title='bbox 238 1679 379 1716; x_wconf 90' lang='lat' dir='ltr'><strong>nedum</strong></span> <span class='ocrx_word' id='word_1_250' title='bbox 410 1681 524 1716; x_wconf 87' lang='lat' dir='ltr'><strong>sectis</strong></span> <span class='ocrx_word' id='word_1_251' title='bbox 549 1681 747 1728; x_wconf 89' lang='lat' dir='ltr'><strong>utriusque</strong></span> <span class='ocrx_word' id='word_1_252' title='bbox 766 1681 879 1715; x_wconf 85' lang='lat' dir='ltr'><strong>terris</strong></span> <span class='ocrx_word' id='word_1_253' title='bbox 900 1680 942 1714; x_wconf 93' lang='lat' dir='ltr'><strong>in</strong></span> <span class='ocrx_word' id='word_1_254' title='bbox 960 1677 1273 1725; x_wconf 81' lang='lat' dir='ltr'><strong>Mesopotamiam</strong></span> <span class='ocrx_word' id='word_1_255' title='bbox 1299 1678 1480 1717; x_wconf 88' lang='lat' dir='ltr'><strong>influunt.</strong></span> 
     </span>
     <span class='ocr_line' id='line_1_28' title="bbox 42 1732 1477 1786; baseline 0.001 -15"><span class='ocrx_word' id='word_1_256' title='bbox 42 1733 146 1772; x_wconf 90' lang='lat' dir='ltr'><strong>Bene</strong></span> <span class='ocrx_word' id='word_1_257' title='bbox 169 1748 260 1786; x_wconf 87' lang='lat' dir='ltr'><strong>ergo</strong></span> <span class='ocrx_word' id='word_1_258' title='bbox 281 1734 498 1783; x_wconf 88' lang='lat' dir='ltr'><strong>Christoph.</strong></span> <span class='ocrx_word' id='word_1_259' title='bbox 516 1732 653 1772; x_wconf 89' lang='lat' dir='ltr'><strong>Cellar.</strong></span> <span class='ocrx_word' id='word_1_260' title='bbox 673 1735 721 1771; x_wconf 89' lang='lat' dir='ltr'><strong>ad</strong></span> <span class='ocrx_word' id='word_1_261' title='bbox 742 1733 865 1771; x_wconf 83' lang='lat' dir='ltr'><strong>Curtii</strong></span> <span class='ocrx_word' id='word_1_262' title='bbox 890 1747 935 1771; x_wconf 87' lang='lat' dir='ltr'><strong>ea</strong></span> <span class='ocrx_word' id='word_1_263' title='bbox 957 1734 1076 1771; x_wconf 82' lang='lat' dir='ltr'><strong>verba</strong></span> <span class='ocrx_word' id='word_1_264' title='bbox 1104 1741 1141 1770; x_wconf 90' lang='lat' dir='ltr'><strong>et</strong></span> <span class='ocrx_word' id='word_1_265' title='bbox 1160 1733 1212 1770; x_wconf 89' lang='lat' dir='ltr'><strong>lo.</strong></span> <span class='ocrx_word' id='word_1_266' title='bbox 1237 1732 1374 1772; x_wconf 88' lang='lat' dir='ltr'><strong>Cleric.</strong></span> <span class='ocrx_word' id='word_1_267' title='bbox 1395 1735 1477 1773; x_wconf 85' lang='lat' dir='ltr'><strong>Art.</strong></span> 
     </span>
     <span class='ocr_line' id='line_1_29' title="bbox 43 1789 1478 1838; baseline 0.001 -10"><span class='ocrx_word' id='word_1_268' title='bbox 43 1790 174 1828; x_wconf 87' lang='lat' dir='ltr'><strong>Critic.</strong></span> <span class='ocrx_word' id='word_1_269' title='bbox 206 1792 248 1830; x_wconf 91' lang='lat' dir='ltr'><strong>P.</strong></span> <span class='ocrx_word' id='word_1_270' title='bbox 277 1802 336 1829; x_wconf 89' lang='lat'><strong>111.</strong></span> <span class='ocrx_word' id='word_1_271' title='bbox 369 1799 460 1829; x_wconf 88' lang='lat' dir='ltr'><strong>sect.</strong></span> <span class='ocrx_word' id='word_1_272' title='bbox 492 1791 534 1831; x_wconf 89' lang='lat'><strong>3.</strong></span> <span class='ocrx_word' id='word_1_273' title='bbox 565 1804 598 1829; x_wconf 89' lang='lat' dir='ltr'><strong>c.</strong></span> <span class='ocrx_word' id='word_1_274' title='bbox 631 1793 696 1838; x_wconf 85' lang='grc'><strong>2.,</strong></span> <span class='ocrx_word' id='word_1_275' title='bbox 748 1789 914 1829; x_wconf 85' lang='lat' dir='ltr'><strong>Diodori</strong></span> <span class='ocrx_word' id='word_1_276' title='bbox 942 1789 1045 1828; x_wconf 91' lang='lat' dir='ltr'><strong>hunc</strong></span> <span class='ocrx_word' id='word_1_277' title='bbox 1075 1803 1244 1827; x_wconf 87' lang='lat' dir='ltr'><strong>errorem</strong></span> <span class='ocrx_word' id='word_1_278' title='bbox 1282 1797 1478 1830; x_wconf 85' lang='lat' dir='ltr'><strong>notarunt.</strong></span> 
     </span>
     <span class='ocr_line' id='line_1_30' title="bbox 37 1847 172 1885; baseline -0.007 -1"><span class='ocrx_word' id='word_1_279' title='bbox 37 1847 172 1885; x_wconf 72' lang='lat' dir='ltr'><strong>Wnss.</strong></span> 
     </span>
    </p>

    <p class='ocr_par' dir='ltr' id='par_1_4' title="bbox 39 1897 1480 2793">
     <span class='ocr_line' id='line_1_31' title="bbox 155 1897 1480 1956; baseline -0.002 -12"><span class='ocrx_word' id='word_1_280' title='bbox 155 1903 258 1944; x_wconf 86' lang='lat'><strong>125.</strong></span> <span class='ocrx_word' id='word_1_281' title='bbox 285 1904 324 1943; x_wconf 85' lang='lat' dir='ltr'><strong>l.</strong></span> <span class='ocrx_word' id='word_1_282' title='bbox 368 1901 442 1949; x_wconf 80' lang='grc' dir='ltr'><strong>Εἲς</strong></span> <span class='ocrx_word' id='word_1_283' title='bbox 468 1899 544 1955; x_wconf 79' lang='grc' dir='ltr'><strong>τὴν</strong></span> <span class='ocrx_word' id='word_1_284' title='bbox 570 1898 754 1956; x_wconf 67' lang='grc' dir='ltr'><strong><em>ἐρυθρὰν</em></strong></span> <span class='ocrx_word' id='word_1_285' title='bbox 774 1897 1048 1955; x_wconf 64' lang='grc' dir='ltr'><strong>ἐξερεύγονται</strong></span> <span class='ocrx_word' id='word_1_286' title='bbox 1066 1897 1318 1953; x_wconf 75' lang='grc' dir='ltr'><strong><em>θάλασσαν]</em></strong></span> <span class='ocrx_word' id='word_1_287' title='bbox 1355 1902 1480 1942; x_wconf 90' lang='lat' dir='ltr'><strong>Aliter</strong></span> 
     </span>
     <span class='ocr_line' id='line_1_32' title="bbox 41 1957 1478 2008; baseline 0.001 -11"><span class='ocrx_word' id='word_1_288' title='bbox 41 1957 196 2006; x_wconf 87' lang='lat' dir='ltr'><strong>Strabo,</strong></span> <span class='ocrx_word' id='word_1_289' title='bbox 211 1961 289 2006; x_wconf 80' lang='lat' dir='ltr'><strong>vel,</strong></span> <span class='ocrx_word' id='word_1_290' title='bbox 314 1965 358 1996; x_wconf 90' lang='lat' dir='ltr'><strong>ut</strong></span> <span class='ocrx_word' id='word_1_291' title='bbox 377 1959 529 2008; x_wconf 89' lang='lat' dir='ltr'><strong>quidam</strong></span> <span class='ocrx_word' id='word_1_292' title='bbox 550 1961 700 2006; x_wconf 86' lang='lat' dir='ltr'><strong>volunt,</strong></span> <span class='ocrx_word' id='word_1_293' title='bbox 728 1959 858 1996; x_wconf 86' lang='lat' dir='ltr'><strong>Strato</strong></span> <span class='ocrx_word' id='word_1_294' title='bbox 878 1958 949 1995; x_wconf 92' lang='lat' dir='ltr'><strong>XI.</strong></span> <span class='ocrx_word' id='word_1_295' title='bbox 969 1971 1004 2008; x_wconf 88' lang='lat' dir='ltr'><strong>p.</strong></span> <span class='ocrx_word' id='word_1_296' title='bbox 1027 1959 1132 1997; x_wconf 85' lang='lat'><strong>799.</strong></span> <span class='ocrx_word' id='word_1_297' title='bbox 1163 1961 1229 2007; x_wconf 76' lang='lat' dir='ltr'><strong>qui</strong></span> <span class='ocrx_word' id='word_1_298' title='bbox 1247 1958 1478 2007; x_wconf 82' lang='lat' dir='ltr'><strong>Euphratem</strong></span> 
     </span>
     <span class='ocr_line' id='line_1_33' title="bbox 41 2014 1478 2067; baseline 0.002 -15"><span class='ocrx_word' id='word_1_299' title='bbox 41 2029 127 2054; x_wconf 92' lang='lat' dir='ltr'><strong>cum</strong></span> <span class='ocrx_word' id='word_1_300' title='bbox 155 2015 286 2067; x_wconf 83' lang='lat' dir='ltr'><strong>Tigri,</strong></span> <span class='ocrx_word' id='word_1_301' title='bbox 315 2016 417 2052; x_wconf 87' lang='lat' dir='ltr'><strong>infra</strong></span> <span class='ocrx_word' id='word_1_302' title='bbox 437 2015 673 2066; x_wconf 84' lang='lat' dir='ltr'><strong>Babylonem</strong></span> <span class='ocrx_word' id='word_1_303' title='bbox 701 2015 748 2053; x_wconf 90' lang='lat' dir='ltr'><strong>ad</strong></span> <span class='ocrx_word' id='word_1_304' title='bbox 777 2029 862 2052; x_wconf 88' lang='lat' dir='ltr'><strong>aras</strong></span> <span class='ocrx_word' id='word_1_305' title='bbox 884 2014 1063 2051; x_wconf 85' lang='lat' dir='ltr'><strong>Herculis</strong></span> <span class='ocrx_word' id='word_1_306' title='bbox 1093 2028 1178 2051; x_wconf 90' lang='lat' dir='ltr'><strong>eum</strong></span> <span class='ocrx_word' id='word_1_307' title='bbox 1197 2016 1396 2066; x_wconf 86' lang='lat' dir='ltr'><strong>ingresso,</strong></span> <span class='ocrx_word' id='word_1_308' title='bbox 1435 2019 1478 2055; x_wconf 86' lang='lat' dir='ltr'><strong>in</strong></span> 
     </span>
     <span class='ocr_line' id='line_1_34' title="bbox 39 2068 1478 2124; baseline 0.001 -15"><span class='ocrx_word' id='word_1_309' title='bbox 39 2085 144 2109; x_wconf 86' lang='lat' dir='ltr'><strong>mare</strong></span> <span class='ocrx_word' id='word_1_310' title='bbox 163 2073 360 2110; x_wconf 86' lang='lat' dir='ltr'><strong>Persicum</strong></span> <span class='ocrx_word' id='word_1_311' title='bbox 379 2074 594 2119; x_wconf 83' lang='lat' dir='ltr'><strong>exonerari,</strong></span> <span class='ocrx_word' id='word_1_312' title='bbox 619 2072 740 2108; x_wconf 88' lang='lat' dir='ltr'><strong>docet.</strong></span> <span class='ocrx_word' id='word_1_313' title='bbox 767 2068 978 2124; x_wconf 73' lang='grc' dir='ltr'><strong>Περσικὴν</strong></span> <span class='ocrx_word' id='word_1_314' title='bbox 1004 2083 1096 2121; x_wconf 87' lang='lat' dir='ltr'><strong>ergo</strong></span> <span class='ocrx_word' id='word_1_315' title='bbox 1119 2071 1361 2108; x_wconf 88' lang='lat' dir='ltr'><strong>scribendum</strong></span> <span class='ocrx_word' id='word_1_316' title='bbox 1384 2080 1478 2110; x_wconf 88' lang='lat' dir='ltr'><strong>crat.</strong></span> 
     </span>
     <span class='ocr_line' id='line_1_35' title="bbox 40 2127 1477 2175; baseline 0.001 -10"><span class='ocrx_word' id='word_1_317' title='bbox 40 2128 146 2166; x_wconf 90' lang='lat' dir='ltr'><strong>Idem</strong></span> <span class='ocrx_word' id='word_1_318' title='bbox 173 2135 300 2165; x_wconf 87' lang='lat' dir='ltr'><strong>tamen</strong></span> <span class='ocrx_word' id='word_1_319' title='bbox 329 2127 547 2165; x_wconf 85' lang='lat' dir='ltr'><strong>Herodotus</strong></span> <span class='ocrx_word' id='word_1_320' title='bbox 577 2131 691 2165; x_wconf 87' lang='lat' dir='ltr'><strong>etiam</strong></span> <span class='ocrx_word' id='word_1_321' title='bbox 719 2127 885 2164; x_wconf 86' lang='lat' dir='ltr'><strong>affirmat</strong></span> <span class='ocrx_word' id='word_1_322' title='bbox 917 2127 942 2164; x_wconf 90' lang='grc' dir='ltr'><strong>Ι.</strong></span> <span class='ocrx_word' id='word_1_323' title='bbox 970 2128 1095 2167; x_wconf 84' lang='lat'><strong>189.-</strong></span> <span class='ocrx_word' id='word_1_324' title='bbox 1087 2154 1096 2174; x_wconf 82' lang='lat'>‚</span> <span class='ocrx_word' id='word_1_325' title='bbox 1137 2127 1236 2175; x_wconf 87' lang='lat' dir='ltr'><strong>quod</strong></span> <span class='ocrx_word' id='word_1_326' title='bbox 1266 2130 1396 2166; x_wconf 89' lang='lat' dir='ltr'><strong>nescio</strong></span> <span class='ocrx_word' id='word_1_327' title='bbox 1425 2142 1477 2166; x_wconf 86' lang='lat' dir='ltr'><strong>an</strong></span> 
     </span>
     <span class='ocr_line' id='line_1_36' title="bbox 39 2182 1477 2238; baseline 0.001 -17"><span class='ocrx_word' id='word_1_328' title='bbox 39 2196 120 2221; x_wconf 85' lang='lat' dir='ltr'><strong>non</strong></span> <span class='ocrx_word' id='word_1_329' title='bbox 141 2198 208 2234; x_wconf 92' lang='lat' dir='ltr'><strong>per</strong></span> <span class='ocrx_word' id='word_1_330' title='bbox 227 2183 465 2226; x_wconf 85' lang='lat' dir='ltr'><strong>catachresin</strong></span> <span class='ocrx_word' id='word_1_331' title='bbox 488 2183 806 2234; x_wconf 86' lang='lat' dir='ltr'><strong>synecdochicam</strong></span> <span class='ocrx_word' id='word_1_332' title='bbox 826 2185 1001 2220; x_wconf 83' lang='lat' dir='ltr'><strong>excusari</strong></span> <span class='ocrx_word' id='word_1_333' title='bbox 1020 2190 1157 2231; x_wconf 85' lang='lat' dir='ltr'><strong>queat,</strong></span> <span class='ocrx_word' id='word_1_334' title='bbox 1207 2190 1250 2220; x_wconf 92' lang='lat' dir='ltr'><strong>ut</strong></span> <span class='ocrx_word' id='word_1_335' title='bbox 1268 2199 1293 2235; x_wconf 77' lang='grc' dir='ltr'><em>η</em></span> <span class='ocrx_word' id='word_1_336' title='bbox 1316 2182 1477 2238; x_wconf 71' lang='grc' dir='ltr'><strong><em>ἐρυθρὰ</em></strong></span> 
     </span>
     <span class='ocr_line' id='line_1_37' title="bbox 40 2236 1479 2292; baseline 0.001 -15"><span class='ocrx_word' id='word_1_337' title='bbox 40 2236 239 2280; x_wconf 77' lang='grc' dir='ltr'><strong><em>θάλασσα</em></strong></span> <span class='ocrx_word' id='word_1_338' title='bbox 267 2243 379 2278; x_wconf 88' lang='lat' dir='ltr'><strong>etiam</strong></span> <span class='ocrx_word' id='word_1_339' title='bbox 416 2238 491 2292; x_wconf 68' lang='grc' dir='ltr'><strong>τὴι</strong></span> <span class='ocrx_word' id='word_1_340' title='bbox 523 2237 733 2291; x_wconf 67' lang='grc' dir='ltr'><strong><em>Περσικὴν</em></strong></span> <span class='ocrx_word' id='word_1_341' title='bbox 763 2239 1070 2289; x_wconf 86' lang='lat' dir='ltr'><strong>comprehendat.</strong></span> <span class='ocrx_word' id='word_1_342' title='bbox 1130 2239 1216 2276; x_wconf 83' lang='lat' dir='ltr'><strong>Etsi</strong></span> <span class='ocrx_word' id='word_1_343' title='bbox 1245 2242 1347 2277; x_wconf 90' lang='lat' dir='ltr'><strong>enim</strong></span> <span class='ocrx_word' id='word_1_344' title='bbox 1374 2244 1479 2279; x_wconf 89' lang='lat' dir='ltr'><strong>inter</strong></span> 
     </span>
     <span class='ocr_line' id='line_1_38' title="bbox 39 2297 1477 2348; baseline 0.002 -16"><span class='ocrx_word' id='word_1_345' title='bbox 39 2302 241 2346; x_wconf 87' lang='lat' dir='ltr'><strong>utrumque</strong></span> <span class='ocrx_word' id='word_1_346' title='bbox 261 2310 365 2333; x_wconf 85' lang='lat' dir='ltr'><strong>mare</strong></span> <span class='ocrx_word' id='word_1_347' title='bbox 383 2297 523 2334; x_wconf 86' lang='lat' dir='ltr'><strong>Arabia</strong></span> <span class='ocrx_word' id='word_1_348' title='bbox 539 2298 635 2334; x_wconf 84' lang='lat' dir='ltr'><strong>felix</strong></span> <span class='ocrx_word' id='word_1_349' title='bbox 657 2297 908 2333; x_wconf 89' lang='lat' dir='ltr'><strong>ducentorum</strong></span> <span class='ocrx_word' id='word_1_350' title='bbox 935 2298 1088 2332; x_wconf 73' lang='lat' dir='ltr'><strong>circ-iter</strong></span> <span class='ocrx_word' id='word_1_351' title='bbox 1105 2297 1327 2333; x_wconf 87' lang='lat' dir='ltr'><strong>milliarium</strong></span> <span class='ocrx_word' id='word_1_352' title='bbox 1348 2300 1477 2348; x_wconf 84' lang='lat' dir='ltr'><strong>spacio</strong></span> 
     </span>
     <span class='ocr_line' id='line_1_39' title="bbox 42 2351 1478 2402; baseline 0.003 -16"><span class='ocrx_word' id='word_1_353' title='bbox 42 2353 262 2399; x_wconf 72' lang='lat' dir='ltr'><strong>interiacet,</strong></span> <span class='ocrx_word' id='word_1_354' title='bbox 290 2360 438 2390; x_wconf 87' lang='lat' dir='ltr'><strong>veteres</strong></span> <span class='ocrx_word' id='word_1_355' title='bbox 460 2360 585 2390; x_wconf 89' lang='lat' dir='ltr'><strong>tamen</strong></span> <span class='ocrx_word' id='word_1_356' title='bbox 610 2360 732 2389; x_wconf 89' lang='lat' dir='ltr'><strong>totum</strong></span> <span class='ocrx_word' id='word_1_357' title='bbox 752 2352 846 2388; x_wconf 89' lang='lat' dir='ltr'><strong>illud</strong></span> <span class='ocrx_word' id='word_1_358' title='bbox 868 2353 1039 2402; x_wconf 87' lang='lat' dir='ltr'><strong>pelagus,</strong></span> <span class='ocrx_word' id='word_1_359' title='bbox 1059 2352 1159 2400; x_wconf 85' lang='lat' dir='ltr'><strong>quod</strong></span> <span class='ocrx_word' id='word_1_360' title='bbox 1178 2351 1361 2401; x_wconf 90' lang='lat' dir='ltr'><strong>Persiam,</strong></span> <span class='ocrx_word' id='word_1_361' title='bbox 1381 2354 1478 2391; x_wconf 89' lang='lat' dir='ltr'><strong>Ara-</strong></span> 
     </span>
     <span class='ocr_line' id='line_1_40' title="bbox 42 2407 1478 2460; baseline 0.002 -17"><span class='ocrx_word' id='word_1_362' title='bbox 42 2407 144 2444; x_wconf 89' lang='lat' dir='ltr'><strong>biam</strong></span> <span class='ocrx_word' id='word_1_363' title='bbox 165 2415 202 2444; x_wconf 88' lang='lat' dir='ltr'><strong>et</strong></span> <span class='ocrx_word' id='word_1_364' title='bbox 221 2409 389 2446; x_wconf 86' lang='lat' dir='ltr'><strong>Africam</strong></span> <span class='ocrx_word' id='word_1_365' title='bbox 412 2410 543 2455; x_wconf 89' lang='lat' dir='ltr'><strong>alluit,</strong></span> <span class='ocrx_word' id='word_1_366' title='bbox 574 2410 730 2446; x_wconf 87' lang='lat' dir='ltr'><strong>rubrum</strong></span> <span class='ocrx_word' id='word_1_367' title='bbox 750 2421 874 2455; x_wconf 90' lang='lat' dir='ltr'><strong>mare,</strong></span> <span class='ocrx_word' id='word_1_368' title='bbox 907 2421 986 2445; x_wconf 90' lang='lat' dir='ltr'><strong>non</strong></span> <span class='ocrx_word' id='word_1_369' title='bbox 1005 2409 1158 2458; x_wconf 86' lang='lat' dir='ltr'><strong>quidem</strong></span> <span class='ocrx_word' id='word_1_370' title='bbox 1183 2422 1205 2446; x_wconf 89' lang='lat' dir='ltr'><strong>a</strong></span> <span class='ocrx_word' id='word_1_371' title='bbox 1223 2409 1374 2456; x_wconf 87' lang='lat' dir='ltr'><strong>colore,</strong></span> <span class='ocrx_word' id='word_1_372' title='bbox 1411 2410 1478 2460; x_wconf 88' lang='lat' dir='ltr'><strong>qui</strong></span> 
     </span>
     <span class='ocr_line' id='line_1_41' title="bbox 43 2464 1478 2516; baseline 0.003 -18"><span class='ocrx_word' id='word_1_373' title='bbox 43 2475 68 2499; x_wconf 91' lang='lat' dir='ltr'><strong>a</strong></span> <span class='ocrx_word' id='word_1_374' title='bbox 86 2466 244 2502; x_wconf 86' lang='lat' dir='ltr'><strong>caeteris</strong></span> <span class='ocrx_word' id='word_1_375' title='bbox 271 2465 439 2502; x_wconf 86' lang='lat' dir='ltr'><strong>maribus</strong></span> <span class='ocrx_word' id='word_1_376' title='bbox 461 2465 559 2503; x_wconf 86' lang='lat' dir='ltr'><strong>nihil</strong></span> <span class='ocrx_word' id='word_1_377' title='bbox 580 2465 726 2511; x_wconf 81' lang='lat' dir='ltr'><strong>differt,</strong></span> <span class='ocrx_word' id='word_1_378' title='bbox 757 2464 823 2501; x_wconf 88' lang='lat' dir='ltr'><strong>sed</strong></span> <span class='ocrx_word' id='word_1_379' title='bbox 850 2477 1072 2513; x_wconf 85' lang='lat' dir='ltr'><strong>quacunque</strong></span> <span class='ocrx_word' id='word_1_380' title='bbox 1093 2466 1169 2501; x_wconf 85' lang='lat' dir='ltr'><strong>alia</strong></span> <span class='ocrx_word' id='word_1_381' title='bbox 1187 2464 1233 2500; x_wconf 88' lang='lat' dir='ltr'><strong>de</strong></span> <span class='ocrx_word' id='word_1_382' title='bbox 1256 2477 1391 2503; x_wconf 91' lang='lat' dir='ltr'><strong>caussa</strong></span> <span class='ocrx_word' id='word_1_383' title='bbox 1409 2479 1478 2516; x_wconf 85' lang='lat' dir='ltr'><strong>ap-</strong></span> 
     </span>
     <span class='ocr_line' id='line_1_42' title="bbox 41 2519 1477 2572; baseline 0.003 -17"><span class='ocrx_word' id='word_1_384' title='bbox 41 2521 226 2568; x_wconf 86' lang='lat' dir='ltr'><strong>pellasse,</strong></span> <span class='ocrx_word' id='word_1_385' title='bbox 259 2524 524 2558; x_wconf 82' lang='lat' dir='ltr'><strong>coniectamus.</strong></span> <span class='ocrx_word' id='word_1_386' title='bbox 567 2519 701 2557; x_wconf 82' lang='lat' dir='ltr'><strong>RHOD.</strong></span> <span class='ocrx_word' id='word_1_387' title='bbox 766 2520 916 2570; x_wconf 89' lang='lat' dir='ltr'><strong>Optime</strong></span> <span class='ocrx_word' id='word_1_388' title='bbox 943 2521 1162 2572; x_wconf 84' lang='lat' dir='ltr'><strong>corrigendi</strong></span> <span class='ocrx_word' id='word_1_389' title='bbox 1191 2522 1363 2568; x_wconf 87' lang='lat' dir='ltr'><strong>inpetum</strong></span> <span class='ocrx_word' id='word_1_390' title='bbox 1385 2535 1477 2559; x_wconf 90' lang='lat' dir='ltr'><strong>con-</strong></span> 
     </span>
     <span class='ocr_line' id='line_1_43' title="bbox 42 2572 1476 2629; baseline 0.003 -18"><span class='ocrx_word' id='word_1_391' title='bbox 42 2576 190 2623; x_wconf 87' lang='lat' dir='ltr'><strong>pescuit</strong></span> <span class='ocrx_word' id='word_1_392' title='bbox 208 2575 416 2623; x_wconf 80' lang='lat' dir='ltr'><strong>Rhodom.;</strong></span> <span class='ocrx_word' id='word_1_393' title='bbox 436 2577 632 2614; x_wconf 89' lang='lat' dir='ltr'><strong>Persicum</strong></span> <span class='ocrx_word' id='word_1_394' title='bbox 653 2579 754 2614; x_wconf 91' lang='lat' dir='ltr'><strong>enim</strong></span> <span class='ocrx_word' id='word_1_395' title='bbox 773 2579 898 2613; x_wconf 89' lang='lat' dir='ltr'><strong>sinum</strong></span> <span class='ocrx_word' id='word_1_396' title='bbox 918 2589 1028 2626; x_wconf 87' lang='lat' dir='ltr'><strong>saepe</strong></span> <span class='ocrx_word' id='word_1_397' title='bbox 1048 2573 1232 2629; x_wconf 70' lang='grc' dir='ltr'><strong><em>ἐρυθρὰν</em></strong></span> <span class='ocrx_word' id='word_1_398' title='bbox 1254 2572 1476 2616; x_wconf 70' lang='grc' dir='ltr'><strong><em>θάλασσαν</em></strong></span> 
     </span>
     <span class='ocr_line' id='line_1_44' title="bbox 43 2630 1475 2684; baseline 0.003 -16"><span class='ocrx_word' id='word_1_399' title='bbox 43 2633 206 2681; x_wconf 85' lang='lat' dir='ltr'><strong>optimus</strong></span> <span class='ocrx_word' id='word_1_400' title='bbox 239 2635 397 2681; x_wconf 87' lang='lat' dir='ltr'><strong>quisque</strong></span> <span class='ocrx_word' id='word_1_401' title='bbox 423 2635 641 2682; x_wconf 84' lang='lat' dir='ltr'><strong>appellavit.</strong></span> <span class='ocrx_word' id='word_1_402' title='bbox 684 2631 825 2670; x_wconf 86' lang='lat' dir='ltr'><strong>Strabo</strong></span> <span class='ocrx_word' id='word_1_403' title='bbox 848 2632 921 2670; x_wconf 89' lang='lat' dir='ltr'><strong>XI.</strong></span> <span class='ocrx_word' id='word_1_404' title='bbox 954 2645 991 2681; x_wconf 85' lang='lat' dir='ltr'><strong>p.</strong></span> <span class='ocrx_word' id='word_1_405' title='bbox 1026 2635 1128 2673; x_wconf 88' lang='grc'><strong>801.</strong></span> <span class='ocrx_word' id='word_1_406' title='bbox 1155 2632 1197 2668; x_wconf 89' lang='grc' dir='ltr'><strong>Β.</strong></span> <span class='ocrx_word' id='word_1_407' title='bbox 1238 2632 1294 2677; x_wconf 76' lang='grc' dir='ltr'><strong>εἷς</strong></span> <span class='ocrx_word' id='word_1_408' title='bbox 1326 2632 1370 2672; x_wconf 76' lang='grc' dir='ltr'><strong>δὲ</strong></span> <span class='ocrx_word' id='word_1_409' title='bbox 1399 2630 1475 2684; x_wconf 78' lang='grc' dir='ltr'><strong>τὴν</strong></span> 
     </span>
     <span class='ocr_line' id='line_1_45' title="bbox 42 2684 1475 2742; baseline 0 -18"><span class='ocrx_word' id='word_1_410' title='bbox 42 2684 268 2739; x_wconf 49' lang='grc' dir='ltr'><strong>ἓρυθραν*</strong></span> <span class='ocrx_word' id='word_1_411' title='bbox 256 2685 301 2735; x_wconf 82' lang='grc' dir='ltr'><strong>ό,</strong></span> <span class='ocrx_word' id='word_1_412' title='bbox 330 2703 372 2727; x_wconf 78' lang='grc' dir='ltr'><strong>τε</strong></span> <span class='ocrx_word' id='word_1_413' title='bbox 400 2684 635 2741; x_wconf 62' lang='lat' dir='ltr'><strong>Ez&#39;qudmygfl</strong></span> <span class='ocrx_word' id='word_1_414' title='bbox 655 2689 721 2727; x_wconf 80' lang='grc' dir='ltr'><strong>καὶ</strong></span> <span class='ocrx_word' id='word_1_415' title='bbox 760 2685 780 2728; x_wconf 78' lang='grc' dir='ltr'><em>ὃ</em></span> <span class='ocrx_word' id='word_1_416' title='bbox 818 2689 894 2741; x_wconf 78' lang='grc' dir='ltr'><strong>Τίγ</strong></span> <span class='ocrx_word' id='word_1_417' title='bbox 897 2703 970 2742; x_wconf 84' lang='grc' dir='ltr'><strong>ρις.</strong></span> <span class='ocrx_word' id='word_1_418' title='bbox 1023 2696 1060 2725; x_wconf 88' lang='lat' dir='ltr'><strong>et</strong></span> <span class='ocrx_word' id='word_1_419' title='bbox 1091 2689 1193 2725; x_wconf 86' lang='lat' dir='ltr'><strong>infra</strong></span> <span class='ocrx_word' id='word_1_420' title='bbox 1219 2688 1334 2725; x_wconf 89' lang='lat' dir='ltr'><strong>XIX.</strong></span> <span class='ocrx_word' id='word_1_421' title='bbox 1373 2691 1475 2729; x_wconf 88' lang='grc'><strong>100.</strong></span> 
     </span>
     <span class='ocr_line' id='line_1_46' title="bbox 40 2740 1476 2793; baseline 0.003 -15"><span class='ocrx_word' id='word_1_422' title='bbox 40 2740 246 2781; x_wconf 90' lang='lat' dir='ltr'><strong>Diodorus.</strong></span> <span class='ocrx_word' id='word_1_423' title='bbox 285 2743 419 2782; x_wconf 88' lang='lat' dir='ltr'><strong>Plures</strong></span> <span class='ocrx_word' id='word_1_424' title='bbox 439 2745 634 2782; x_wconf 81' lang='lat' dir='ltr'><strong>conduxel</strong></span> <span class='ocrx_word' id='word_1_425' title='bbox 637 2751 705 2782; x_wconf 91' lang='lat' dir='ltr'><strong>unt</strong></span> <span class='ocrx_word' id='word_1_426' title='bbox 725 2746 765 2782; x_wconf 86' lang='lat' dir='ltr'><strong>in</strong></span> <span class='ocrx_word' id='word_1_427' title='bbox 785 2758 903 2782; x_wconf 90' lang='lat' dir='ltr'><strong>unum</strong></span> <span class='ocrx_word' id='word_1_428' title='bbox 923 2744 1030 2781; x_wconf 91' lang='lat' dir='ltr'><strong>Gisb.</strong></span> <span class='ocrx_word' id='word_1_429' title='bbox 1054 2744 1203 2793; x_wconf 90' lang='lat' dir='ltr'><strong>Cuper.,</strong></span> <span class='ocrx_word' id='word_1_430' title='bbox 1226 2747 1290 2793; x_wconf 87' lang='lat' dir='ltr'><strong>qui</strong></span> <span class='ocrx_word' id='word_1_431' title='bbox 1312 2751 1349 2781; x_wconf 89' lang='lat' dir='ltr'><strong>et</strong></span> <span class='ocrx_word' id='word_1_432' title='bbox 1369 2743 1476 2783; x_wconf 88' lang='lat' dir='ltr'><strong>Rho-</strong></span> 
     </span>
    </p>
   </div>
   <div class='ocr_carea' id='block_1_3' title="bbox 42 2798 1361 2853">
    <p class='ocr_par' dir='ltr' id='par_1_5' title="bbox 42 2798 1361 2853">
     <span class='ocr_line' id='line_1_47' title="bbox 42 2798 1361 2853; baseline 0.002 -19"><span class='ocrx_word' id='word_1_433' title='bbox 42 2798 140 2836; x_wconf 85' lang='lat' dir='ltr'><strong>dom.</strong></span> <span class='ocrx_word' id='word_1_434' title='bbox 163 2803 324 2848; x_wconf 82' lang='lat' dir='ltr'><strong>taxavit,</strong></span> <span class='ocrx_word' id='word_1_435' title='bbox 352 2801 415 2840; x_wconf 88' lang='lat' dir='ltr'><strong>IV.</strong></span> <span class='ocrx_word' id='word_1_436' title='bbox 439 2799 531 2838; x_wconf 90' lang='lat' dir='ltr'><strong>Obs.</strong></span> <span class='ocrx_word' id='word_1_437' title='bbox 557 2803 626 2842; x_wconf 91' lang='grc'><strong>18.</strong></span> <span class='ocrx_word' id='word_1_438' title='bbox 637 2799 692 2853; x_wconf 57' lang='lat' dir='ltr'><strong>tet</strong></span> <span class='ocrx_word' id='word_1_439' title='bbox 711 2800 761 2838; x_wconf 88' lang='lat' dir='ltr'><strong>H.</strong></span> <span class='ocrx_word' id='word_1_440' title='bbox 782 2800 943 2839; x_wconf 85' lang='lat' dir='ltr'><strong>Reland.</strong></span> <span class='ocrx_word' id='word_1_441' title='bbox 961 2800 1064 2838; x_wconf 79' lang='lat' dir='ltr'><strong>Diss.</strong></span> <span class='ocrx_word' id='word_1_442' title='bbox 1085 2800 1133 2838; x_wconf 87' lang='lat' dir='ltr'><strong>ll.</strong></span> <span class='ocrx_word' id='word_1_443' title='bbox 1158 2802 1198 2841; x_wconf 88' lang='grc'><strong>6.</strong></span> <span class='ocrx_word' id='word_1_444' title='bbox 1227 2800 1361 2837; x_wconf 71' lang='lat' dir='ltr'><strong>Wsss.</strong></span> 
     </span>
    </p>
   </div>
  </div>
 </body>
</html>
