1828 3253
386 224 450 265 IN
480 224 592 265 L1B.
620 224 760 266 xnl.
791 216 917 266 CAP.
951 224 1024 266 74.
1047 246 1094 254 -
1120 228 1195 268 97.
1429 235 1521 276 699

184 339 292 381 619.
313 335 555 391 43.”Εγημε
579 335 654 390 τὴν
668 333 971 391 Ἑρμοκράτους
993 336 1205 392 θυγατέρα
1225 342 1299 382 τοῦ
1320 348 1520 389 καταπολ.

66 390 241 447 Ἀθην.]
281 395 349 434 Sic
371 408 502 433 omnes
522 408 661 447 magno
687 408 877 432 consensu
896 402 1128 443 memorant3
1166 404 1208 433 ut
1234 405 1409 440 excusari
1438 416 1519 442 non

74 455 196 501 possit
207 453 420 489 doctissimi
434 450 619 489 Maasvici
640 453 780 499 lapsus,
801 464 875 501 qua
885 449 1117 501 Dionysium
1129 451 1521 503 Hermocratis‚cuius

74 511 230 559 egregia
251 516 384 546 contra
405 507 659 544 Athenienses
681 510 822 544 enituit
840 509 986 555 virtus,
1015 507 1137 546 filium
1162 514 1312 549 censuit
1330 515 1377 550 ad
1400 515 1519 567 Poly-

78 577 163 602 aen.
187 565 229 602 V.
249 567 291 604 2.
314 567 356 604 2.
397 563 614 614 cogitasset
642 562 905 600 Hermocratis
930 576 1015 600 eum
1039 564 1156 602 filiam
1179 567 1253 604 sibi
1274 573 1516 609 matrimonio

74 622 272 668 iunxisse,
299 621 400 669 quod
432 620 610 670 deinceps
639 632 688 656 ex
717 620 851 657 Nostri
871 620 998 657 verbis
1016 627 1118 657 recte
1138 622 1337 672 admonet,
1366 635 1404 664 et
1423 629 1518 666 duos

75 677 245 714 eiusdem
263 678 430 714 nominis
450 678 567 723 viros,
591 676 871 713 nobilissimum
893 678 1242 722 alterum,alterum
1263 682 1414 720 infimae
1437 697 1520 721 sor-

77 735 149 778 tis,
179 745 257 770 non
280 732 530 770 confudisset.
564 733 756 782 Polyxeni
775 745 886 778 uxor,
914 731 1095 783 Dionysii
1117 746 1239 782 soror,
1270 737 1431 778 leestes
1451 753 1522 779 no..

74 790 178 826 mine
197 789 386 835 utebatur,
415 789 516 826 Plut.
537 790 578 825 in
600 787 717 825 Dion.
738 802 774 838 p.
797 790 904 829 966.
928 787 972 825 F.
995 795 1102 826 teste.
1133 790 1270 829 Wnss.

189 846 295 885 619.
327 846 399 884 50.
433 842 499 883 Ἐκ
525 843 801 896 γραμματέως
818 844 885 883 καὶ
905 846 979 883 τοῦ
1000 841 1197 895 τυχόντος
1216 845 1410 902 ἰδιώτου]
1443 851 1521 889 Ea-

76 899 162 938 dem
181 900 459 939 Demosthenes
479 901 525 937 de
537 900 728 951 Dionysio
750 901 818 937 Or.
840 904 879 938 in
894 900 1045 948 Leptin.
1071 914 1107 950 p.
1122 904 1240 951 313„
1264 907 1328 943 ubi
1351 910 1451 944 enim
1473 909 1520 946 de

75 954 408 1006 Syracusanorum
439 958 612 1006 potentia
641 959 833 1006 partisque
863 957 908 994 de
933 956 1314 1009 Carthaginiensibus
1346 971 1383 1000 et
1402 964 1523 1001 Athe-

74 1014 275 1051 niensibus
303 1015 480 1052 victoriis
511 1013 695 1060 dixisset,
725 1013 872 1050 subdit:
912 1008 982 1066 ὑφ’
1017 1009 1109 1061 ἑνὸς
1136 1017 1433 1068 γραμματέως,
1474 1018 1522 1068 ὃς

75 1063 283 1121 ἰἷ-πηρέτης
300 1063 364 1122 ἦν,
377 1066 433 1115 ὥς
453 1084 570 1123 φασι,
583 1065 992 1122 τυραννηθήσεσθαι.
1024 1071 1128 1114 Quae
1149 1086 1234 1110 cum
1255 1079 1524 1125 exscripsisset

77 1123 138 1161 Ill.
158 1125 495 1176 Ez.Spanhernius
514 1125 702 1163 Diss.1X.
729 1125 775 1162 de
794 1125 938 1163 Praest.
959 1125 1072 1164 Num.
1093 1141 1127 1177 p.
1154 1130 1258 1169 705.
1272 1158 1283 1177 ,
1312 1136 1522 1182 conpositis

77 1178 214 1219 Nostri
238 1183 396 1230 verbis,
425 1184 672 1219 conclusione
694 1181 792 1219 haud
816 1183 961 1219 iniusta
988 1183 1162 1231 conficit,
1190 1188 1399 1225 scribarum
1421 1189 1523 1237 apud

80 1235 346 1286 Syracusanos
375 1252 513 1275 munus
542 1240 636 1275 satis
665 1239 743 1275 vile
771 1239 903 1277 fuisse.
946 1238 1047 1276 Addi
1068 1243 1255 1289 potuisset
1282 1257 1330 1280 ex
1349 1247 1522 1283 oratione

81 1291 278 1332 Theodori
306 1293 566 1344 Syracusani,
597 1307 708 1344 quam
732 1294 774 1331 L.
792 1293 899 1337 XIV.
922 1297 993 1335 66.
1027 1294 1274 1345 habebimus,
1304 1300 1372 1338 καὶ
1405 1299 1520 1340 ταῦτ’

79 1345 274 1402 ἔπραξεν,
301 1343 334 1389 ὦ
357 1351 441 1389 Ζεῦ
472 1349 540 1389 καὶ
571 1349 664 1388 θεοὶ
687 1346 857 1397 πάντες,
885 1345 1091 1402 ὑπηρέτης
1120 1350 1316 1404 ἀρχείων,
1345 1353 1526 1408 &myrm-

79 1405 229 1457 σμένος
259 1403 497 1458 ἄνθρωπος.
534 1405 710 1443 Firmant
738 1408 841 1443 enim
874 1419 931 1453 ea,
967 1407 1012 1444 de
1035 1406 1226 1459 Dionysio
1247 1412 1386 1449 ibidem
1408 1414 1525 1461 dicta,

79 1464 149 1500 tali
170 1466 210 1500 in
229 1476 386 1500 munere
409 1461 614 1513 Syracusis
633 1461 730 1499 nihil
749 1462 868 1499 fuisse
883 1464 1049 1513 amplum
1074 1473 1140 1501 aut
1156 1468 1414 1517 magnificum.
1433 1469 1528 1506 Dis-

82 1520 202 1556 sentit
229 1518 405 1567 equidem
436 1517 625 1568 Ulpianus
655 1520 696 1555 in
724 1531 807 1555 eam
828 1517 1100 1557 Demosthenis
1123 1525 1355 1572 orationem,
1383 1526 1449 1562 sed
1472 1528 1528 1564 ita

80 1582 126 1612 ut
153 1576 194 1612 in
221 1575 336 1612 dubio
364 1574 539 1612 haereat:
568 1586 691 1623 neque
710 1576 828 1621 illius,
853 1577 926 1612 etsi
946 1579 1256 1616 constantissima
1274 1581 1387 1629 foret,
1417 1596 1528 1619 asse-

79 1633 231 1669 veratio
248 1633 494 1680 aequiparare
517 1629 679 1667 Diodori
698 1634 965 1668 auctoritatem
990 1639 1028 1668 et
1047 1643 1314 1684 monumenta,
1350 1650 1445 1686 quae
1467 1652 1529 1675 se·-

83 1695 195 1726 cutus
217 1686 351 1725 Sicula
370 1686 524 1724 Siculus
544 1689 625 1735 ipse
645 1692 716 1733 est,
734 1689 875 1736 poterit
890 1700 1069 1736 unquam.
1103 1689 1152 1726 At
1172 1687 1338 1744 ἰδιώτης
1357 1707 1435 1731 non
1456 1708 1529 1731 no..

83 1750 142 1781 tat
161 1743 315 1781 infimae
336 1745 452 1780 sortis
474 1742 686 1789 hominem,
717 1743 783 1779 sed
803 1745 1018 1793 privatum,
1048 1758 1166 1795 eoque
1186 1751 1341 1786 nomine
1361 1752 1529 1802 insigni-

82 1807 203 1838 untur
231 1801 308 1850 viri
338 1800 487 1836 summi.
527 1798 635 1836 Esto.
672 1798 885 1849 Dionysius
913 1813 993 1837 non
1022 1798 1210 1853 ἰδιώτης,
1236 1804 1300 1842 scd
1336 1801 1357 1845 ὃ
1392 1805 1527 1857 τυχὼν

86 1851 253 1907 ἰδιώτης
282 1855 368 1893 heic
387 1855 519 1902 audit,
546 1867 621 1904 quo
642 1856 754 1892 titulo
776 1857 905 1905 ecquis
927 1869 1160 1896 summorum
1179 1862 1351 1898 virorum
1372 1864 1530 1911 conspi-

85 1925 179 1950 cuus
201 1924 361 1962 usquam
383 1909 551 1962 legitur(²
580 1910 658 1947 Sed
678 1911 769 1960 quid
789 1913 909 1948 multa
931 1912 977 1948 de
998 1913 1312 1966 nobiliDionysii
1331 1931 1471 1969 genere
1492 1925 1530 1957 et

83 1966 197 2006 loco?
223 1969 339 2006 Pater
356 1969 432 2005 fuit
453 1980 502 2004 ex
519 1968 650 2004 eoi-um
671 1981 843 2013 numero,
873 1970 938 2017 qui
957 1971 1087 2006 asinos
1108 1978 1144 2007 et
1167 1974 1289 2009 mulos
1308 1975 1447 2012 fricare
1466 1989 1530 2013 so-

82 2025 226 2062 lebant.
262 2020 491 2075 Ὀνηλάτου
512 2022 590 2075 μὲν
613 2020 703 2070 υἱὸς
721 2019 943 2070 Διονύσιος
962 2018 1026 2075 ἦν,
1046 2020 1066 2064 ὅ
1099 2029 1173 2078 τῆς
1193 2024 1379 2076 Σικελίας
1400 2028 1531 2081 ἄρξας

84 2078 155 2133 ξ’τη
175 2077 501 2131 τεσσαράκοντα,
531 2079 646 2118 δυοῖν
668 2077 899 2118 ἀποδέοντα
929 2079 1130 2119 Helladius
1164 2088 1220 2121 ait
1242 2087 1283 2122 in
1308 2086 1436 2125 Photii
1454 2087 1529 2124 Bi-

83 2137 220 2175 blioth.
240 2150 275 2187 p.
304 2137 434 2177 1580.
469 2137 551 2180 Qua
571 2136 723 2186 quidem
744 2137 894 2186 origine
919 2138 983 2186 qui
1002 2139 1184 2186 superbit,
1212 2142 1245 2177 is
1266 2154 1342 2178 non
1364 2140 1531 2195 ἰδιώτης

85 2199 251 2240 tantum,
287 2193 354 2229 sed
385 2187 405 2232 ὃ
435 2189 571 2242 τυχῶν
603 2188 768 2243 ἰδιώτης
804 2193 829 2228 i.
853 2205 884 2229 e.
910 2194 1126 2231 vilissimae
1155 2198 1391 2236 conditionis
1418 2200 1530 2238 lzomo

87 2252 161 2287 erit
191 2255 305 2297 atque
335 2247 539 2286 habebitur
567 2261 726 2298 semper.
764 2248 872 2284 Adde
899 2248 1082 2298 Polyaen.
1115 2249 1235 2289 Strat.
1263 2253 1304 2291 V.
1325 2257 1368 2294 2.
1393 2257 1435 2296 2.
1464 2258 1532 2295 ubi

86 2300 309 2351 Διονύσιος
331 2300 639 2357 Ἑρμοκράτους
667 2303 966 2355 Συρακουσίοις
999 2301 1211 2360 ὑπηρετῶν
1243 2309 1309 2348 καὶ
1341 2325 1535 2363 γραμμα-

86 2358 217 2401 τεύων
237 2364 324 2407 τοῖς
343 2365 589 2414 στρατηγοῖς
607 2373 656 2397 ex
679 2362 835 2409 scriptis
856 2361 967 2398 libris
985 2365 1125 2412 optime
1145 2363 1365 2404 Maasvicus
1385 2371 1533 2407 instau-

92 2420 206 2455 ravit.
235 2417 369 2453 Wssss.

204 2474 309 2513 620.
332 2474 405 2514 67.
434 2467 704 2524 Ἐποιήσαντο
734 2470 906 2519 πολίτας
932 2469 1029 2520 τοὺς
1054 2474 1300 2530 μετοίκους]
1334 2478 1536 2521 ΙΠὲτοικοι

92 2531 158 2580 qui
180 2529 339 2566 Athenis
360 2528 598 2576 dicebantur,
627 2536 665 2566 et
685 2537 785 2566 terra
805 2536 843 2566 et
861 2532 956 2566 mari
979 2532 1171 2580 stipendia
1194 2534 1320 2572 facere
1345 2544 1535 2585 poterant,

91 2595 137 2623 ut
163 2593 312 2636 praeter
331 2584 627 2634 Xenophontem
649 2585 694 2621 de
719 2584 812 2635 Rep.
834 2585 970 2622 Athen.
994 2600 1030 2636 p.
1055 2588 1160 2628 548.
1193 2590 1417 2629 Ammonius
1450 2607 1535 2632 voc.

89 2638 294 2693 Ἰσοτελὴς
323 2648 496 2678 testatur.
535 2642 659 2686 Quare
689 2643 847 2679 civitate
874 2643 962 2678 illos
983 2642 1145 2681 donasse
1170 2646 1376 2694 videntur,
1405 2657 1447 2685 ut
1465 2649 1536 2688 hoc

95 2699 253 2736 vinculo
272 2697 502 2745 reipublicae
522 2700 640 2734 artius
664 2698 1009 2748 obstringerentur.
1058 2699 1263 2739 Accessere
1283 2704 1446 2741 fortasse
1467 2707 1537 2743 be-

99 2754 251 2800 neficia,
294 2754 429 2802 quihus
462 2753 697 2790 difficillimis
716 2752 776 2790 his
798 2754 1029 2802 temporibus
1055 2756 1100 2793 de
1123 2760 1303 2795 conmuni
1325 2758 1539 2799 Athenien-

99 2811 198 2847 sium
219 2811 359 2857 optime
379 2815 488 2846 erant
506 2811 645 2847 meriti.
673 2809 846 2858 Namque
866 2823 948 2846 eam
967 2813 1009 2848 in
1038 2809 1215 2851 donanda
1235 2816 1391 2853 civitate
1412 2818 1542 2869 legiti-

100 2879 199 2903 mam
223 2878 394 2902 caussam
415 2867 509 2902 iuris
531 2866 653 2903 Attici
672 2867 839 2903 consulti
857 2868 1070 2916 requirunt,
1082 2870 1196 2907 sicuti
1216 2883 1264 2907 ex
1283 2870 1541 2912 Demosthene
