1828 3253
335 160 427 202 746
797 156 1318 199 ANNOTATIONES

331 272 513 325 Κοίλης,
551 285 661 323 quem
691 271 872 309 Isocratis
901 271 1061 322 Except.
1092 273 1179 310 adv.
1200 271 1348 310 Callim.
1377 286 1412 322 p.
1441 274 1543 315 553.
1565 277 1773 326 legationis

331 333 494 380 pessime
515 337 661 380 gestae,
674 332 886 367 instaurata
907 330 1078 366 civitatis
1101 330 1320 375 concordia,
1346 330 1512 368 delatum
1530 333 1662 378 refert,
1674 333 1775 370 idem

331 394 445 434 atque
465 385 528 423 hic
555 385 715 425 Φείδων
737 392 807 433 est,
837 397 885 421 ex
905 384 1023 435 Lysia
1041 388 1154 435 proin
1174 392 1212 422 et
1230 385 1490 435 Xenophonte
1509 388 1772 439 corrigendus

330 443 467 481 Wssss.

448 500 554 539 668-
590 499 663 538 94.
701 496 1020 549 Παραγενηθεις
1051 496 1106 544 εἷς
1128 493 1354 549 Ἀθηνας]
1386 497 1587 548 Copiosius
1605 515 1685 538 rem
1707 515 1774 552 ge-

330 563 428 593 stam
457 561 719 604 exsequuntur
747 553 966 601 Xenophon
995 552 1084 590 Rer.
1108 554 1174 591 Gr.
1194 554 1235 590 L.
1256 554 1304 592 Il.
1323 569 1360 605 p.
1383 556 1487 595 373.
1508 555 1622 594 Corn.
1644 558 1774 616 Nepos

332 611 523 661 Thrasyb.
546 624 577 648 c.
600 612 640 649 3.
659 617 695 647 et
716 610 848 647 lustin.
869 610 911 646 L
935 610 1236 650 V210.W12ss.

445 670 550 708 668-
572 669 646 708 96.
692 662 851 717 Ammo
866 663 1081 717 Ἀθηιαῖοι
1100 665 1175 716 μὲν
1195 666 1439 717 ἕκομισαντο
1461 666 1536 720 τὴν
1560 667 1772 721 πατρίδα]

329 724 390 762 Ita
421 724 572 772 quidem
603 724 825 773 perfunctae
850 722 924 759 hac
952 724 1060 760 civili
1090 724 1280 760 discordia
1308 731 1346 760 et
1374 727 1588 762 calamitate
1617 727 1774 763 fuerunt

328 780 525 830 Athenae·
558 793 618 828 qu.
610 794 668 816 ιιιιι
689 786 822 815 auctor
841 781 880 815 in
902 786 1077 827 quartum
1095 791 1213 827 usque
1235 793 1378 817 annum
1401 795 1483 818 cum
1506 789 1699 832 prorogat,
1732 796 1771 819 se

330 846 367 874 et
388 839 516 885 piures
535 839 630 873 alios
652 838 693 872 in
714 848 881 871 errorem
901 835 1039 872 induit.
1067 835 1240 884 Namque
1260 835 1331 872 hoc
1349 838 1456 873 fonte
1467 837 1677 875 hauserunt
1691 838 1771 875 Eu-

329 895 470 939 sebius,
503 892 722 942 Syneellus,
753 899 789 927 et
810 890 1194 941 Chrouographorum
1216 893 1406 941 plerique,
1438 894 1552 930 finem
1572 895 1772 944 tyrannidi

328 957 463 998 quarto
483 962 584 986 anno
607 948 758 997 Olymp.
780 957 890 982 XC1V.
917 950 1157 995 inponentes,
1194 948 1317 985 Prave
1340 950 1524 998 profecto.
1555 949 1670 987 Solus
1690 950 1770 987 Eu-

328 1007 460 1051 clides,
490 1007 557 1053 qui
578 1018 765 1042 summum
784 1006 1049 1054 magistratum
1071 1017 1172 1041 anno
1203 1005 1370 1041 secundo
1392 1005 1546 1055 Olymp.
1572 1017 1682 1043 XCIV.
1703 1007 1772 1043 ad-

325 1063 583 1108 ministravit,
614 1062 660 1098 ab
689 1075 730 1097 ea
760 1062 941 1108 opinione
960 1060 1173 1097 Diodorum
1202 1068 1422 1110 ceterosque
1451 1062 1669 1099 abstrahere
1700 1063 1770 1099 de-

325 1120 473 1156 buerat.
523 1119 622 1155 Ante
647 1132 730 1154 eum
750 1118 877 1154 {uerat
897 1114 1087 1169 ἀναρχία,
1122 1117 1236 1165 quod,
1264 1130 1443 1167 oppressa
1463 1132 1484 1155 a
1505 1121 1685 1168 tyrannis
1707 1133 1770 1155 re·-

324 1177 501 1225 publica,
530 1175 775 1225 Pythodorus
804 1176 844 1209 in
871 1172 1106 1210 Archontum
1129 1170 1354 1225 ἐπωνύμων
1385 1187 1581 1212 numerum
1604 1189 1680 1212 non
1700 1189 1769 1226 ag-

325 1238 576 1283 gregaretur,
608 1233 721 1268 sicuti
743 1230 885 1266 dictum
905 1232 946 1266 in
969 1231 1242 1277 superioribus.
1278 1231 1335 1267 Eo
1359 1244 1451 1268 vero
1471 1235 1702 1278 constituto,
1730 1238 1769 1269 et

324 1289 482 1326 libertas
502 1290 653 1325 civitati
670 1287 808 1333 rediit,
836 1293 873 1322 et
892 1286 1085 1323 decretum
1107 1294 1163 1323 est
1191 1291 1278 1332 τοῖς
1310 1283 1453 1336 νόμοις
1475 1290 1665 1339 χρῆσθαι
1696 1285 1763 1326 ἀπ’

323 1344 549 1384 Εὐκλείδου
582 1342 781 1395 ἇρχοντθς
818 1343 918 1392 apud
946 1343 1133 1379 Andocid.
1156 1343 1223 1379 Or.
1248 1343 1292 1378 de
1315 1343 1473 1393 Myster.
1497 1356 1533 1391 p.
1563 1347 1631 1384 12.
1672 1343 1767 1382 Cum

325 1404 426 1438 enim
448 1400 716 1450 Thrasybulus
744 1412 822 1436 una
846 1412 932 1435 cum
962 1400 1138 1435 exulibus
1171 1400 1357 1445 redisset,
1398 1401 1521 1449 legem
1549 1409 1767 1451 rogaverat,

324 1464 368 1494 ut
385 1460 575 1504 utrimque
603 1459 769 1493 iniuriae
790 1457 920 1492 illatae
942 1457 1129 1492 oblivioni
1150 1456 1436 1493 mandarentur.
1472 1457 1593 1499 Quam
1612 1458 1677 1493 ubi
1699 1469 1767 1504 po-

323 1516 437 1563 pulus
457 1516 655 1559 scivisset,
680 1514 770 1549 lecti
794 1519 883 1548 sunt
906 1513 1046 1562 viginti
1067 1513 1166 1557 viri,
1196 1514 1261 1560 qui
1281 1513 1512 1560 reipublicae
1534 1520 1767 1561 praeessent,

324 1571 445 1606 donec
466 1572 569 1620 leges
596 1569 935 1619 perscriberentur.
973 1566 1025 1603 Ut
1044 1581 1137 1604 vero
1157 1570 1394 1604 examinatae
1418 1576 1507 1604 sunt
1526 1571 1765 1617 scriptaeque

321 1628 441 1677 leges,
470 1626 707 1663 Andocidem
732 1627 771 1660 in
794 1623 853 1660 his
873 1637 1023 1673 sequor,
1052 1624 1246 1660 decretum
1266 1624 1305 1659 id
1326 1633 1395 1671 est,
1431 1625 1529 1672 quod
1552 1626 1646 1662 dixi.
1680 1625 1765 1661 Du-

323 1683 428 1719 bium
449 1696 540 1732 ergo
562 1684 710 1720 nullum
734 1687 811 1725 est,
841 1683 934 1728 quin
957 1679 1150 1716 Archonte
1169 1680 1328 1717 Euclide
1349 1682 1552 1729 pristinu-m
1576 1682 1766 1719 libertatis

322 1741 383 1776 ius
414 1739 586 1776 Athenae
614 1739 886 1786 reciperarint,
921 1737 1194 1785 tyrannidique
1226 1744 1314 1774 ante
1344 1750 1428 1773 eum
1457 1738 1545 1774 finis
1572 1741 1623 1774 sit
1649 1739 1764 1775 facta.

324 1796 434 1839 Quod
465 1797 587 1843 ipsum
628 1802 665 1831 et
693 1793 845 1830 aliunde
879 1795 1050 1843 colligas.
1089 1793 1305 1841 Occupatae
1336 1796 1438 1830 enim
1468 1801 1557 1830 sunt
1591 1793 1763 1831 Athenae

321 1855 497 1899 murique
516 1853 625 1889 urbis
647 1852 783 1887 deiecti
809 1862 831 1885 a
854 1849 1054 1898 Lysandro
1077 1851 1356 1899 Olympxcm.
1376 1863 1476 1886 anno
1490 1852 1764 1897 ultimoffimen-

321 1922 361 1945 se
385 1908 659 1959 Munychione,
679 1914 773 1943 teste
794 1905 895 1941 Plut.
914 1907 953 1941 in
975 1906 1174 1955 Lysandro
1197 1920 1231 1955 p.
1246 1908 1351 1945 441.
1374 1907 1554 1955 brevique
1575 1915 1659 1955 post
1672 1918 1765 1944 xxx

320 1966 398 2002 viri
419 1967 505 2002 urbi
522 1966 693 2012 inpositi.
734 1964 960 2010 insequente
986 1962 1105 1998 hieme
1130 1962 1394 2012 Thrasybulus
1418 1962 1569 2011 Phylen
1589 1972 1763 2012 occupat,

319 2022 682 2069 accurrentibusque
713 2020 889 2069 tyrannis
917 2021 1038 2055 multa
1067 2021 1135 2054 nix
1166 2020 1279 2065 cadit,
1310 2015 1532 2070 ἐπὲγενήῧη
1555 2017 1683 2064 πολὺς
1703 2035 1765 2058 νι-

321 2074 469 2129 φετὸς,
501 2078 642 2115 Noster
661 2079 715 2113 ait
735 2090 765 2112 e.
787 2076 860 2114 32.
885 2081 923 2111 et
946 2075 1163 2122 Xenophon
1186 2075 1337 2111 Hellen.
1356 2075 1403 2111 ll.
1426 2088 1460 2122 p.
1485 2076 1588 2114 367.
1639 2076 1762 2118 Quam

319 2133 484 2171 hiemem
496 2135 667 2183 proxime
688 2134 882 2180 excepisse
903 2132 1166 2168 confirmatam
1182 2139 1433 2180 tyrannorum
1447 2132 1761 2179 dominationem,

321 2188 534 2228 Cleocritus
555 2190 655 2239 apud
675 2188 835 2226 eundem
856 2187 1106 2236 Xenophont.
1126 2201 1160 2235 p.
1185 2189 1289 2227 370.
1310 2187 1476 2233 indicat,
1499 2194 1585 2223 octo
1607 2201 1628 2224 a
1650 2189 1760 2225 lectis

319 2256 412 2282 xxx
439 2249 536 2284 viris
565 2259 736 2286 menses,
772 2258 856 2280 cum
881 2246 1024 2292 praelio
1047 2243 1186 2281 Critias
1208 2251 1244 2280 et
1264 2243 1547 2292 Hippomaehus
1568 2245 1761 2290 caderent,

318 2315 538 2340 numerans.
573 2305 698 2346 Quare
721 2302 843 2338 hieme
872 2303 964 2337 anni
984 2303 1096 2348 primi
1115 2301 1267 2350 Olymp.
1292 2310 1402 2336 xctv.
1427 2299 1692 2349 Thrasybulus
1712 2301 1762 2337 ad

318 2358 471 2407 Phylen
503 2368 540 2395 et
567 2357 815 2408 Munychiam
845 2370 925 2393 rem
952 2360 1082 2408 gessit.
1124 2358 1216 2394 Post
1234 2363 1395 2393 mortem
1418 2355 1558 2393 Critiae
1582 2359 1760 2406 tyrannis

320 2416 460 2453 cecidit
488 2417 657 2461 animus,
697 2416 951 2463 conmunique
975 2415 1114 2450 civium
1137 2415 1297 2450 arbitrio
1319 2414 1395 2449 illis
1416 2415 1614 2460 imperium
1632 2414 1761 2449 aufer-

319 2477 395 2517 tur,
425 2473 642 2509 substitutis
663 2472 901 2507 decemviris.
946 2471 1091 2513 Quibus
1111 2476 1298 2519 potestate
1319 2471 1480 2516 turpiter
1500 2470 1759 2516 abutentibus,

319 2527 561 2566 advenerunt
584 2527 764 2575 Spartani
784 2526 976 2576 Lysandri
996 2534 1033 2562 et
1053 2527 1263 2563 Pausaniae
1287 2525 1415 2572 ductu,
1443 2531 1658 2574 tractaeque
1680 2525 1760 2562 dis-

319 2586 471 2622 cordiae
496 2587 536 2621 in
557 2597 697 2632 paucos
727 2582 850 2620 adhuc
871 2596 1019 2619 menses
1041 2590 1141 2628 sunt,
1174 2583 1293 2618 donec
1316 2582 1364 2618 ad
1384 2589 1601 2618 extremum
1617 2581 1759 2618 Pausa-

319 2642 406 2678 niae
427 2642 631 2689 prudentia
652 2647 689 2676 et
716 2642 757 2676 in
788 2640 939 2676 exsules
971 2640 1241 2676 benevolentia
1262 2640 1410 2675 civitati
1429 2639 1586 2674 libertas
1608 2645 1645 2674 et
1665 2651 1758 2674 con-

318 2699 449 2735 cordia
470 2699 705 2746 postliminio
722 2699 1028 2732 restituerentur.
1055 2695 1160 2731 Haec
1176 2693 1393 2744 Xenophon
1413 2702 1598 2731 accurate.
1629 2692 1759 2730 Rediit

318 2750 584 2805 Thrasybulus
604 2755 646 2790 in
665 2752 797 2789 urbem
815 2765 945 2788 mense
964 2750 1240 2788 Boedromione
1263 2754 1344 2787 eius
1364 2753 1468 2797 anni,
1499 2754 1564 2798 qui
1584 2749 1758 2786 Archon-

317 2816 393 2848 tem
413 2810 545 2848 habuit
563 2809 783 2856 Euclidem,
821 2808 922 2856 quod
942 2806 1148 2844 Plutarcho
1171 2808 1218 2843 de
1238 2806 1376 2843 Athen.
1397 2806 1503 2843 Glor.
1528 2821 1563 2857 p.
1584 2807 1688 2846 349.
1709 2805 1756 2842 E.
