1828 3253
282 170 376 214 784
745 165 1265 207 ANNOTATIONES

393 284 499 323 708.
535 282 605 321 51.
639 275 926 330 Εὐβουλίδης]
970 278 1028 317 Ita
1058 292 1207 329 quoque
1231 280 1395 318 Aristidi
1425 282 1567 319 dicitur
1589 281 1637 319 T.
1657 282 1721 319 111.

279 355 316 391 p,
337 340 464 385 474.⁹
493 340 693 385 septimum
714 349 796 372 esse
817 349 840 373 a
859 335 1045 382 Lachete,
1076 338 1145 373 sub
1164 339 1271 373 cuius
1290 341 1520 388 magistratu
1543 338 1724 376 Socrates

279 400 385 435 vitae
420 407 535 431 usura
569 395 742 441 privatus
772 399 854 439 est,
888 391 1124 441 perhibenti
1157 400 1354 440 praetcrea
1375 408 1419 430 eo
1442 395 1634 431 Archonte
1655 409 1725 444 pu—

279 466 424 503 gnam
415 451 461 487 ad
486 449 698 485 Lechaeum
720 461 802 484 esse
823 455 1042 498 pugnatam
1074 448 1171 486 Vere
1192 456 1406 498 utrumque.
1439 450 1577 500 lysiae
1598 458 1724 487 tamen

281 509 350 547 Or.
375 508 420 544 de
448 504 691 554 Aristophan.
715 504 810 541 Bon.
833 518 864 540 c
887 508 926 544 8.
964 502 1199 554 Εὔβουλος,
1228 506 1294 541 sel
1318 509 1443 543 invito
1466 506 1517 542 Io.
1540 506 1720 545 Meursio.

280 563 498 612 Cogitasset
524 563 763 610 primitivum
795 567 833 596 et
856 562 1161 610 patronymicum
1190 574 1329 598 nomen
1355 562 1485 598 eodeni
1508 564 1546 598 in
1571 561 1723 599 homine

282 633 391 669 saepe
422 620 549 655 locum
578 617 774 662 obtinere,
810 623 848 652 et
880 629 923 652 ea
953 629 1067 665 opera
1099 619 1357 654 abstinuisset.
1398 618 1583 667 Exempla
1611 619 1725 655 obvia

279 684 392 722 sunt,
421 681 459 710 et
491 676 530 710 in
555 673 814 721 superioribus
838 685 860 708 a
882 685 942 708 me
964 673 1163 710 conducta.
1194 673 1279 710 Vid.
1301 673 1511 712 Clarissim.
1539 673 1585 712 T.
1607 673 1725 711 Hem-

280 731 512 769 sterhusium
531 729 578 766 ad
601 730 761 766 Luciani
781 727 937 767 Timon.
968 741 1000 764 c.
1025 729 1101 768 44.
1135 729 1270 765 Wnss.

395 788 498 826 708.
530 785 600 824 54
633 783 810 830 Σέξστος
837 782 1011 830 Κένοίος
1034 782 1132 834 ete]
1165 784 1398 834 Relegantor
1415 783 1592 831 Σέξστος
1619 784 1724 824 Κίν-

280 858 368 889 σιος
390 850 427 879 et
440 840 610 886 ,4νίτιος
636 837 863 890 Κάμιλλος,
896 841 937 876 in
957 841 1094 890 quibus
1111 841 1330 877 foedissime
1353 849 1519 877 erratum
1542 848 1610 880 est.
1649 841 1724 878 Re-

282 901 472 937 (lucuntor
495 904 620 933 autem
642 899 749 944 quasi
772 897 817 932 ab
838 898 955 932 exilio
974 892 1156 941 Λεύκιος
1182 892 1371 943 'J0[)cog·‚
1403 893 1586 942 Λεύκιος
1611 894 1725 935 (βού-

279 970 366 1009 ριος
386 953 451 993 καὶ
473 953 616 998 Amog
636 949 839 998 Mamor
870 951 1007 991 Ruon
1048 952 1307 989 Vitiosissima
1337 952 1428 989 haec
1455 959 1546 988 sunt
1568 956 1724 990 nomina

279 1019 319 1049 et
348 1011 590 1060 cognomina.
640 1007 942 1045 Rhodomannus
971 1011 1028 1046 uti
1056 1008 1235 1054 refinxit,
1270 1010 1323 1044 ita
1353 1009 1488 1045 Livius
1516 1008 1558 1044 L.
1582 1009 1625 1045 V.
1655 1011 1723 1049 16.

276 1068 424 1106 Auctor
446 1074 571 1102 tamen
592 1067 671 1115 ipse
696 1065 847 1101 idemne
865 1066 1078 1113 reliquerit,
1106 1077 1326 1101 asseverare
1345 1066 1477 1103 nolim.
1508 1064 1641 1101 IVEss.

395 1124 500 1163 709.
535 1123 608 1161 59.
653 1118 718 1159 Τὰ
747 1120 858 1171 τείχη
889 1121 955 1159 καὶ
987 1118 1038 1158 τὰ
1069 1117 1210 1172 μακρὰ
1247 1119 1368 1171 σκέλη
1393 1118 1491 1171 πα]
1535 1119 1646 1158 Conf.
1680 1120 1722 1157 L.

276 1179 387 1219 XIII.
418 1180 519 1219 107.
566 1177 705 1216 Muros
725 1179 877 1214 dirutos
899 1190 924 1213 (ι
957 1176 1187 1226 Ιᾷῃεαηιίτο,
1216 1183 1404 1226 utrosque
1433 1185 1473 1214 et
1492 1176 1657 1213 Piraeei
1689 1184 1729 1214 et

277 1236 549 1281 Athenarum,
576 1235 826 1283 reficiendos
842 1236 1023 1281 curavit,
1052 1233 1098 1270 de
1117 1231 1273 1270 Conone
1301 1233 1430 1282 Nepos
1451 1235 1505 1270 ait
1526 1231 1726 1270 Cornelius

278 1306 313 1330 c.
332 1294 375 1332 4.
403 1292 537 1328 WEss.
1238 1338 1241 1340 v

275 1364 279 1366 ’
392 1349 497 1388 709.
524 1347 595 1386 71.
625 1341 925 1398 Προαγόμενος
948 1342 990 1385 δ’
1015 1342 1142 1385 αὐτὸν
1163 1342 1265 1392 etc.']
1299 1344 1394 1382 Vide
1417 1342 1664 1394 Xenophont.
1681 1344 1724 1382 L.

277 1403 344 1443 lV.
359 1403 405 1441 R.
427 1403 494 1440 Gr.
517 1416 551 1451 p.
566 1403 673 1442 420.
701 1411 738 1439 et
749 1403 884 1452 Nepot.
907 1401 1020 1439 Corn.
1038 1401 1132 1438 Con.
1159 1416 1190 1438 c.
1211 1403 1248 1440 5.
1280 1401 1350 1437 hac
1371 1403 1412 1438 in
1432 1415 1473 1438 re
1494 1415 1572 1438 non
1593 1402 1724 1438 admo-

276 1462 366 1498 dum
387 1465 678 1496 consentaneos.
724 1459 865 1495 Necem
887 1458 1078 1504 Cononis,
1099 1471 1193 1508 quae
1216 1457 1285 1494 hoc
1308 1465 1434 1494 tamen
1463 1470 1564 1494 anno
1594 1465 1725 1505 poste-

274 1519 380 1564 rior,
411 1516 557 1552 indicat
576 1514 620 1553 L.
642 1513 734 1554 XV.
756 1516 831 1553 43.
861 1522 995 1551 auctor
1015 1517 1105 1563 ipse.
1130 1514 1262 1550 VVESS.

392 1573 495 1611 709.
527 1572 599 1610 74.
642 1572 738 1609 Τῶν
768 1569 969 1624 ἐπιθυμίᾳ
999 1566 1290 1621 κρατούντων]
1338 1567 1413 1606 Hic
1442 1569 1616 1606 mendam
1643 1582 1725 1606 esse

279 1630 473 1678 suspicor:
504 1633 543 1664 at
572 1639 646 1675 quo
676 1626 921 1672 emendetur,
948 1629 988 1662 in
1018 1633 1182 1662 mentem
1205 1628 1277 1662 iam
1311 1625 1409 1662 nihil
1438 1628 1557 1663 venit.
1587 1624 1724 1661 RHoDn

277 1685 426 1734 Opinor
447 1685 556 1731 plura
578 1682 639 1719 hic
659 1682 801 1719 deesse.
834 1681 973 1731 Liquet
993 1689 1094 1718 certe
1115 1682 1267 1732 quidem
1287 1694 1335 1717 ex
1355 1681 1611 1730 Xenophonte
1634 1680 1724 1718 Rer.

277 1741 414 1778 Graec.
446 1740 488 1776 L.
510 1738 574 1776 IV.
607 1751 641 1787 p.
665 1739 771 1778 406.
803 1741 985 1786 optimum
1015 1751 1200 1788 quemque
1228 1736 1513 1774 Corinthiorum
1542 1739 1654 1784 belli,
1684 1741 1724 1774 in

276 1797 488 1846 Spartanos
510 1797 695 1843 suscepti,
723 1796 841 1831 fuisse
862 1802 1099 1842 pertaesum,
1132 1795 1233 1842 quod
1254 1796 1423 1831 civitatis
1444 1808 1535 1845 ager
1554 1801 1724 1831 vastare-

273 1861 339 1890 tur
359 1859 396 1889 et
415 1853 460 1888 ab
484 1853 618 1887 amicis
640 1858 677 1887 et
697 1851 743 1887 ab
766 1850 962 1896 hostibus,
986 1851 1248 1898 foederatique
1268 1853 1414 1887 interea
1436 1864 1527 1899 pace
1549 1852 1724 1887 frueren-

273 1917 360 1956 tur,
401 1915 514 1957 atque
541 1920 656 1957 agros
686 1919 775 1944 suos
806 1908 890 1943 sine
912 1909 990 1943 ullo
1020 1907 1250 1944 inconmodo
1281 1913 1454 1943 ararent:
1487 1907 1723 1943 desiderasse

273 1972 477 2016 propterea
494 1976 636 2013 pacem.
684 1961 735 2002 Οἱ
765 1964 945 2002 πλεῖστοι
970 1962 1036 2001 καὶ
1056 1961 1261 2012 βέλτιστοι
1283 1960 1419 2002 αὐτῶν
1445 1959 1724 2014 εἰρήνης’ἐπε-

273 2017 472 2072 &tipasam
504 2018 723 2069 Xenophon
753 2022 820 2056 ait.
861 2018 1028 2065 Ceteris‚
1058 2022 1097 2056 in
1123 2031 1216 2067 quos
1246 2019 1367 2055 imber
1398 2027 1534 2055 aureus
1555 2031 1603 2054 ex
1624 2019 1721 2055 Per-

275 2078 358 2115 side
388 2078 605 2126 depluerat,
636 2078 775 2124 quique
805 2077 896 2112 belli
925 2082 1096 2112 auctores
1118 2077 1295 2121 fuerant,
1324 2077 1448 2112 visum
1470 2088 1489 2110 e
1518 2088 1558 2110 re
1588 2075 1720 2121 fuisse,

274 2146 407 2171 omnes
428 2146 492 2169 eos
513 2138 579 2169 aut
603 2134 739 2168 toliere
759 2145 778 2168 e
800 2132 939 2172 medio
963 2138 1030 2168 aut
1049 2132 1141 2168 urbe
1164 2133 1314 2167 eiicere.
1341 2130 1445 2166 Hinc
1467 2143 1609 2178 posses,
1628 2144 1721 2179 pau-

274 2193 331 2227 cis
350 2192 503 2226 mutatis
526 2195 565 2224 et
583 2188 745 2235 additis,
774 2189 852 2225 leri
874 2200 988 2235 opera
1006 2185 1208 2224 scribere
1191 2201 1232 2224 εν
1255 2185 1299 2224 δὲ
1318 2189 1367 2239 τῆ
1392 2186 1521 2238 Κοοίι
1526 2188 1591 2240 &sp
1616 2202 1678 2225 Tm
1682 2187 1721 2232 ἐς

274 2245 338 2284 ἐπὶ
353 2242 449 2290 τοὺς
468 2244 668 2298 ἐπιθυμια
692 2241 853 2296 εῗοηνης
873 2241 1175 2294 κοατουμέιῃοις
1196 2241 1431 2295 συστραφέι
1436 2257 1499 2288 τες
1522 2264 1569 2270 —-
1590 2239 1731 2296 φόνον

275 2301 485 2353 {nol-qam
521 2300 597 2336 Sed
618 2302 727 2348 plura
745 2301 876 2337 deesse
895 2307 1060 2336 autumo.
1093 2299 1143 2336 W
1149 2310 1228 2345 Ε55.

389 2359 492 2396 710.
526 2357 598 2396 91.
630 2354 689 2395 To
709 2356 863 2408 χωρίον
884 2354 928 2394 τὸ
950 2353 1063 2401 ἐντὸς
1088 2358 1161 2394 τοῦ
1181 2355 1286 2393 dtas.
1308 2350 1610 2406 εἷσεβιάζοντο]
1643 2352 1720 2391 Re-

274 2420 335 2451 cte
356 2412 628 2449 animadvertit
647 2411 968 2458 Rhodomannus‚
996 2413 1116 2448 fuisse
1146 2411 1229 2448 heic
1260 2412 1352 2447 olim
1382 2410 1437 2455 εἷς
1458 2408 1503 2449 τὸ
1530 2409 1644 2456 ἐντὸς
1666 2433 1713 2437 —-

276 2465 569 2520 doesffuk'govzol
591 2467 812 2516 Xenophon
831 2468 870 2505 id
892 2468 1060 2504 declarat
1079 2475 1207 2516 aperte
1229 2467 1268 2503 L.
1290 2466 1352 2505 lv.
1373 2465 1523 2503 Hellen.
1543 2479 1577 2515 p.
1597 2468 1717 2513 408„

272 2539 354 2563 rem
373 2534 519 2577 gestam
546 2525 720 2561 uberiore
744 2537 917 2561 sermone
943 2531 1156 2561 exsecutus.
1203 2523 1378 2561 Meminit
1397 2523 1563 2561 eiusdem
1586 2523 1717 2560 Ando-

275 2583 379 2619 cides
400 2582 466 2618 Or.
488 2581 534 2617 de
556 2581 644 2619 Pac.
672 2595 705 2630 Ρ.
731 2582 805 2621 25.
847 2580 996 2617 VVESS..

389 2639 493 2677 710.
521 2638 595 2676 99.
626 2634 850 2688 Ἔποίησαν
879 2638 1014 2675 θεῖναι
1043 2633 1116 2675 τὸν
1150 2633 1315 2687 ἀγῶνα]
1358 2635 1416 2671 Ad
1447 2649 1531 2673 eum
1562 2635 1715 2672 modum

272 2696 409 2733 θεῖναι
434 2691 486 2732 τὰ
506 2688 657 2732 Πύθια
679 2691 956 2730 Demosthenes
982 2692 1048 2728 Or.
1074 2692 1119 2728 de
1141 2692 1228 2728 Pac.
1247 2704 1281 2739 p.
1295 2693 1355 2730 42
1361 2719 1382 2738 .,
1415 2692 1480 2729 ubi
1503 2692 1591 2730 vide
1614 2691 1711 2728 And.

272 2749 500 2787 Dounaeum
530 2750 717 2788 Praelect.
750 2763 784 2798 p.
812 2751 914 2789 168.
952 2747 1196 2805 Isthmiorum
1224 2748 1363 2784 ludicri
1392 2748 1584 2796 praesides
1608 2755 1717 2784 erant

274 2805 489 2854 Corinthii,
526 2805 627 2855 quod
658 2818 706 2843 ex
727 2804 917 2844 Strabone
937 2804 979 2842 L.
999 2803 1100 2842 VIII
1122 2785 1157 2855 Ρ..
1183 2805 1298 2851 58οἿ
1331 2803 1584 2843 PausaniaL.
1607 2803 1654 2841 11.
1670 2806 1712 2843 2.
