1828 3253
285 18 379 61 446
749 12 1270 52 ANNOTATIONES

401 129 506 168 368.
538 128 610 167 62.
646 123 712 165 Τὰ
733 124 826 179 παρ’
849 124 1094 177 Αἶγυπτιόις
1117 125 1203 177 ἱερὰ
1227 123 1488 178 καλούμενα]
1526 128 1635 179 Apud
1655 129 1732 168 Eu-

286 187 434 226 sebium
464 187 551 229 τοΐς
583 182 815 234 Παγχαίοις
841 180 1056 235 γράμμασι
1095 183 1137 220 L.
1166 184 1212 220 ll.
1245 184 1377 233 Praep.
1407 184 1560 235 Evang‚
1593 198 1627 234 p.
1659 189 1731 227 60,

286 246 414 288 Quare
439 238 726 277 Panchaeorum
756 241 888 275 literae
920 242 1039 276 sacris
1071 240 1371 291 Aegyptiorum,
1400 241 1446 277 de
1473 243 1610 291 quibus
1633 255 1733 293 supr.

284 300 330 338 L.
349 297 416 336 111.
441 297 498 342 4.,
519 296 626 332 fuere
652 297 875 344 persimiles.
907 295 1046 332 Wssss.

402 354 506 393 368.
533 352 604 391 63.
625 346 804 403 Πράξεις
820 373 866 378 -
885 372 932 378 --
955 349 1328 404 ἀναγεγραμμώιαι]
1352 351 1543 389 Monitore
1558 355 1627 391 vix
1640 367 1732 403 opus

286 423 384 456 esse,
405 412 461 446 sic
481 410 679 456 scripsisse
693 406 918 454 Diodorum,
932 406 1100 445 Doctiss.
1113 407 1259 444 lensius
1269 408 1390 458 Epist.
1411 409 1456 445 ad
1472 409 1500 445 1.
1524 409 1570 446 G.
1594 409 1732 447 Graev.

284 481 323 518 p.
343 467 450 506 417.
479 471 583 501 recte
603 463 815 512 profitetur.
844 464 959 500 Aliud
980 477 1072 501 vero
1094 463 1157 501 hic
1179 471 1258 511 est,
1283 465 1393 501 nobis
1418 464 1518 502 haud
1553 479 1644 502 sane
1666 479 1733 502 ne·-

283 522 521 575 gligendum.
549 520 739 556 Eusebius
759 532 807 556 ex
826 519 961 556 Nostri
981 519 1063 557 Lib.
1078 519 1142 556 VI.
1175 518 1367 572 Οὐρανοῦ
1389 520 1457 558 καὶ
1477 517 1642 571 Κρόνου
1667 520 1734 560 καὶ

283 578 392 625 Διὸς
412 573 576 628 πράξεις
597 577 795 612 columnae
813 576 1019 625 inscriptas
1031 578 1096 613 ait.
1126 577 1209 620 Quo
1220 577 1379 623 factum,
1395 583 1437 614 ut
1453 575 1607 614 Clariss.
1620 576 1733 615 Sevi-

285 649 360 674 nus
380 638 421 672 in
434 633 632 670 Conment.
645 630 950 680 Acad.1nscript.
962 631 1009 668 T.
1020 632 1091 668 X1.
1104 646 1137 681 p.
1155 635 1173 672 l
1186 635 1256 672 71.
1285 634 1547 680 arbitraretur,
1565 630 1732 687 Κρόνου

284 693 370 730 sive
392 690 562 728 Saturni
584 700 722 724 nomen
741 686 832 724 hinc
854 690 1091 738 negligentia
1110 689 1353 726 librariorum
1376 692 1603 740 emigrasse:
1632 690 1732 739 quod

287 750 362 785 etsi
382 747 554 784 districte
573 757 715 795 negare
733 744 868 790 nolim,
891 744 976 780 fieri
996 750 1125 780 tamen
1145 745 1284 791 potuit,
1311 752 1354 781 ut
1371 754 1503 783 auctor
1524 747 1604 794 ipse
1625 759 1734 794 prae-

283 806 457 850 terierit,
487 802 602 838 sicuti
624 799 722 849 apud
755 799 896 836 Euseb.
928 812 989 836 res
1019 800 1209 849 Apollinis
1241 806 1279 836 et
1298 799 1449 838 Dianae
1485 801 1624 852 dignas
1655 815 1734 839 non

284 862 459 905 censuit,
487 870 580 905 quas
602 869 686 893 eum
706 857 747 892 in
769 856 893 892 locum
916 855 1085 892 adderet.
1120 856 1254 893 lVssss.

403 916 510 954 368.
548 914 619 951 72.
665 908 752 951 Διὰ
779 908 856 963 τὴν
876 907 1004 962 ὃμων.
1033 908 1113 951 ἀπὸ
1143 914 1218 963 τῆς
1238 927 1387 965 παρακ.
1409 915 1459 966 τῇ
1479 914 1576 952 παλ.
1605 909 1734 969 Σάμῳ

290 967 491 1024 Θράκης]
522 967 686 1005 Diodori
712 967 811 1004 hanc
831 981 913 1004 esse
930 981 1107 1015 manum,
1140 968 1315 1005 dubitare
1346 971 1438 1006 noli.
1473 969 1639 1020 Vulgata
1669 973 1734 1007 in-

285 1014 409 1066 sula‘m
432 1026 590 1063 Samum
610 1023 896 1061 Samothraciae
927 1025 1103 1073 proxime
1129 1024 1412 1075 adiungebant,
1442 1037 1516 1074 quo
1546 1027 1637 1075 quid
1667 1027 1735 1063 ab-

285 1081 467 1122 surdius?
523 1079 826 1117 Samothraciam
865 1081 1074 1117 censebant
1104 1082 1195 1117 olim
1232 1082 1272 1118 id
1311 1083 1478 1118 nominis
1510 1084 1736 1130 inpetrasse,

285 1140 391 1190 quod
409 1140 536 1176 insula
556 1144 690 1173 contra
715 1135 921 1173 Thraciam
942 1143 1043 1173 esset
1060 1138 1216 1185 posita,
1244 1144 1360 1186 utque
1391 1139 1436 1174 ab
1457 1139 1580 1176 altera
1604 1138 1734 1186 Samo,

285 1196 440 1246 Epheso
463 1196 637 1239 obiecta,
670 1192 983 1243 distingueretur.
1022 1193 1208 1244 Virgilius
1231 1193 1326 1230 Aen.
1351 1193 1433 1230 Vll.
1458 1196 1567 1235 208.

411 1251 715 1299 Threiciamque
735 1248 916 1295 Samum,
950 1262 1051 1299 quae
1071 1263 1172 1286 nuuc
1197 1248 1480 1287 Samothracia
1491 1251 1652 1296 fertur.

286 1307 370 1347 Nos
387 1309 584 1345 meliorem
606 1308 848 1356 cognominis
870 1307 951 1342 eius
971 1306 1265 1356 originationem
1290 1319 1338 1342 ex
1356 1306 1531 1356 Scythici
1549 1308 1736 1344 sermonis

285 1367 461 1415 reliquiis
483 1363 656 1399 dedimus
679 1362 720 1398 L.
744 1361 809 1398 111.
837 1363 908 1401 55.
946 1361 1082 1400 WEss.

402 1421 508 1460 369.
542 1420 614 1458 79.
644 1414 873 1469 Ἐσχήκασι
895 1415 939 1456 δὲ
960 1414 1139 1456 παλαιὰν
1164 1416 1273 1456 ἰδίαν
1305 1413 1515 1458 διάλεκτον
1544 1415 1584 1458 οἳ
1613 1415 1734 1458 αὐτό-

282 1474 460 1529 χθονὲς]
488 1476 663 1512 Veterem
683 1473 780 1510 hanc
801 1476 971 1525 linguam
990 1473 1257 1512 aPhoenicum
1277 1487 1451 1511 sermone
1470 1475 1570 1512 nihil
1589 1476 1736 1514 discre—

285 1545 419 1583 passe,
450 1531 490 1568 S.
520 1530 732 1567 Bochartus
756 1529 798 1566 L.
825 1530 853 1566 Ι.
883 1529 1029 1567 Phoen.
1052 1529 1186 1567 Colon.
1222 1544 1254 1567 c.
1283 1532 1354 1570 12.
1380 1532 1594 1580 pertendit,
1624 1545 1735 1582 quem

285 1588 385 1627 Tol».
408 1586 682 1625 Gutberlethus
703 1589 875 1634 sequitur
905 1587 951 1623 de
972 1586 1131 1636 Myster.
1169 1584 1294 1624 Cabir.
1329 1600 1360 1623 c.
1384 1590 1440 1634 8.,
1459 1600 1655 1638 perperam
1678 1596 1735 1625 ta-

284 1659 374 1684 men
398 1644 470 1681 huc
498 1644 671 1680 referens
701 1639 790 1694 ἱρόν
820 1657 911 1681 τινα
938 1639 1060 1695 λόγον
1090 1655 1139 1679 ex
1154 1642 1338 1680 Herodot.
1368 1643 1418 1682 Il.
1445 1646 1516 1684 51.
1546 1651 1589 1681 ut
1609 1647 1736 1681 locum

283 1702 510 1750 inspicienti
531 1700 730 1747 adparebit
752 1701 974 1738 clarissime.
1017 1698 1137 1746 Mihi,
1167 1700 1265 1748 quod
1296 1702 1463 1750 ingenue
1494 1702 1637 1747 fateor,
1662 1700 1735 1738 Sa-

282 1757 524 1796 mothracum
543 1757 826 1793 vetustissimus
847 1769 970 1793 sermo
992 1758 1045 1792 ita
1074 1757 1274 1805 expeditus
1294 1756 1464 1793 nondum
1494 1757 1666 1804 videtur,
1692 1764 1735 1794 ut

283 1827 416 1852 eorum
437 1814 478 1849 in
501 1813 682 1861 opinione
703 1813 948 1861 acquiescere
970 1825 1102 1849 secure
1123 1815 1276 1861 possim.
1308 1812 1442 1849 W⁷Ess.

400 1870 505 1909 369.
534 1869 605 1909 84.
642 1869 730 1907 Τοῦ
750 1867 841 1919 περὶ
864 1865 938 1914 τὰς
960 1866 1150 1913 Κυανέας
1169 1864 1377 1918 στόματος
1399 1865 1616 1921 ῥαγέντος]
1645 1869 1736 1907 Νοῐι

284 1927 361 1963 alia
390 1927 465 1962 fuit
498 1924 692 1961 Stratonis
723 1926 934 1971 sententia,
974 1925 1172 1970 arbitrati,
1212 1922 1285 1963 τὸν
1318 1921 1508 1970 Εὔξεινον
1541 1923 1599 1977 μὴ
1632 1923 1734 1976 ἔχειν

283 1978 489 2034 πρὸτξρον
513 1978 558 2019 τὸ
584 1977 691 2019 κατὰ
709 1975 934 2028 Βυζάντιον
955 1976 1114 2031 στόμα,
1140 1977 1237 2026 τοὺς
1268 1979 1311 2019 δὲ
1345 1978 1557 2031 ποταμοὺς
1584 1978 1734 2031 βιάσα-

285 2042 391 2077 σθαι
415 2036 482 2075 καὶ
506 2034 678 2084 ἀνοῖξαι,
709 2033 808 2082 τοὺς
829 2035 883 2082 εἷς
907 2033 1033 2075 αὐτὸν
1056 2032 1350 2086 ἐμβάλλοντας.
1387 2033 1453 2075 εἶτ’
1478 2036 1657 2076 ἐκπεσεῖν
1685 2035 1732 2077 τὸ

284 2090 399 2146 ὕδωρ
424 2093 478 2139 εἷς
497 2090 572 2143 τὴν
591 2092 863 2143 Προποντίδα
884 2092 951 2130 καὶ
972 2090 1044 2131 τὸν
1063 2088 1388 2143 ιΕλλήσποντον.
1417 2093 1585 2130 Pontum
1607 2093 1734 2131 Eua-z·—

284 2163 376 2188 num
406 2151 585 2186 caruisse
616 2150 707 2185 olim
737 2150 860 2195 ostio,
895 2150 999 2199 quod
1025 2150 1081 2186 ad
1110 2148 1351 2198 Byzantium
1373 2156 1455 2186 est:
1484 2152 1528 2188 id
1547 2152 1733 2200 flumina,

286 2219 390 2257 quae
412 2208 451 2242 in
483 2219 568 2242 eum
589 2205 868 2254 effunduntur,
899 2208 940 2242 vi
955 2207 1184 2256 aflei-aies&
1211 2213 1289 2242 tum
1311 2219 1458 2256 aquam
1490 2209 1530 2243 in
1552 2207 1732 2258 Propon—

285 2264 404 2301 tidem
436 2269 476 2298 et
507 2261 808 2313 Hellespontum
839 2264 1039 2313 erupisse,
1095 2264 1136 2298 in
1166 2260 1348 2301 Strabon.
1382 2263 1423 2299 L.
1454 2262 1484 2298 I.
1514 2276 1548 2312 p.
1582 2266 1652 2304 85.
1683 2263 1728 2302 B.

283 2317 381 2356 Eam
402 2324 514 2355 vetus
539 2316 828 2354 Samothracum
850 2319 1007 2354 traditio
1038 2317 1138 2354 haud
1161 2319 1298 2354 leviter
1317 2318 1515 2365 adfirmat,
1545 2331 1729 2368 quaeque,

284 2377 457 2411 locorum
480 2374 636 2423 ingenio
660 2374 866 2423 diligenter
888 2375 1129 2419 examinato,
1171 2374 1382 2421 disputavit
1412 2373 1568 2412 Clariss.
1597 2375 1728 2412 Pitton

285 2430 526 2468 Tournefort
547 2429 670 2478 Epist.
693 2429 798 2466 xlv.
821 2444 855 2479 p.
879 2431 952 2470 (54.
986 2429 1095 2467 Tom.
1116 2428 1162 2465 11.
1191 2429 1323 2466 Itiner.
1344 2433 1414 2467 sui.
1448 2431 1584 2468 WESS.

403 2487 508 2525 369.
534 2487 604 2526 89.
645 2485 730 2524 Καὶ
750 2483 906 2537 πολλὴν
926 2484 1002 2536 μὲν
1022 2489 1097 2537 τῆς
1118 2482 1259 2532 ζ4σι’(ις
1285 2509 1332 2514 -
1353 2485 1590 2538 ἐπέκλυσεν]
1623 2489 1727 2531 Quae

285 2541 331 2578 (le
352 2540 488 2579 Rhodo
512 2549 549 2578 et
569 2541 666 2578 Delo
687 2543 825 2578 insulis
848 2543 1086 2591 produntur,
1119 2555 1162 2577 eo
1183 2543 1347 2580 fortasse
1369 2550 1535 2593 tempore
1556 2546 1726 2594 contige·

282 2606 385 2634 runt.
412 2599 589 2635 Philonis
608 2599 726 2636 verba
746 2597 819 2635 huc
839 2600 1031 2648 pertinent
1048 2612 1067 2635 c
1087 2599 1153 2634 lib.
1190 2599 1235 2635 de
1257 2599 1401 2636 Mundo
1431 2613 1508 2636 non
1527 2598 1721 2649 Corrump.

280 2667 316 2704 p·
341 2656 448 2695 959.
468 2655 513 2694 Ε.
544 2654 612 2694 καὶ
630 2651 714 2707 μὴν
737 2651 762 2706 ἢ
784 2669 826 2707 γε
848 2651 1062 2703 θάλασσα,
1089 2654 1232 2708 φασὶν,
1260 2653 1339 2708 ἤδη
1361 2655 1592 2707 μεμείωται.
1612 2653 1722 2707 μάρ-
