1828 3253
252 133 311 173 70
708 128 1218 170 ANNOTATIONES

367 245 441 284 49.
464 244 536 284 50.
562 238 800 298 ΠοΗιγονος
828 242 901 285 οὐκ
929 261 978 285 αν
997 238 1064 297 ἦν]
1100 245 1221 292 Feli]
1218 259 1262 282 er
1281 250 1384 313 potu
1410 245 1526 283 Nilus
1548 246 1686 284 (licitur

259 301 385 338 Plinio
413 299 494 337 VII.
518 298 566 336 H.
586 299 635 340 N.
659 302 700 341 3.
739 308 777 338 et
796 304 876 338 eius
895 314 993 351 aqua
1012 299 1142 407 ῧῬὸωρ
1145 298 1480 354 ποὶωιῃονώτατον
1500 302 1565 340 καὶ
1588 304 1686 355 ssv—

262 371 437 395 κιτατον
459 355 777 405 Theophrastum
810 358 946 394 Athen.
973 358 1020 394 II.
1041 359 1083 399 4.
1147 359 1247 397 .Il.
1304 358 1391 395 Non
1423 358 1543 405 addo,
1579 361 1687 406 aquis

263 415 342 448 eius
383 412 623 449 fecundiores
650 415 811 451 feminas
846 414 953 459 fimi,
999 420 1036 450 et
1069 415 1235 450 sobolem
1264 415 1392 451 ovium
1420 427 1688 463 caprarumque

262 468 419 504 mirifice
437 468 627 519 adaugeri.
685 469 781 506 Vide.
805 469 977 507 Eustath.
1008 474 1048 506 in
1076 469 1230 506 Homer.
1268 484 1302 519 p.
1340 471 1472 510 1499.
1507 476 1543 506 et
1575 468 1691 506 Stan-

262 525 379 561 lcium
405 526 445 561 in
470 524 646 574 Aeschyl.
677 525 844 576 Supplic.
871 528 972 566 570.
1029 527 1132 569 Quae
1171 533 1377 574 sequuntur
1418 529 1610 563 examinat
1636 524 1689 562 Μ.

262 578 326 617 Fr
359 580 576 618 Wendelin.
604 581 825 619 Admirand.
862 582 944 619 Nili
976 594 1006 618 c.
1037 584 1107 622 10.
1143 582 1192 619 W
1196 593 1276 621 ESS.
1306 579 1435 621 ποὶίνν
1412 597 1552 634 γονος,
1591 581 1694 630 quod

262 638 438 687 analogia
457 639 574 688 πολιῇ
578 651 632 675 ω
635 652 680 684 ος
693 639 807 675 scribi
826 639 948 685 iubet,
976 645 1052 675 tam
1072 646 1291 675 constanter
1308 639 1550 685 tenentlibri‚
1582 646 1624 675 ut
1633 638 1692 675 fa-

264 694 336 729 cile
354 696 540 730 assentiar
565 692 795 731 Buttmanno
811 694 983 742 Gr.11.p.
1000 695 1102 734 374
1122 701 1320 732 accentum
1340 696 1447 732 illum
1464 696 1597 731 tuenti.
1625 695 1693 731 Vi-

264 749 334 784 deo
354 749 504 798 quidem
528 746 752 802 πολυγόνον
782 751 897 788 scribi
913 753 954 787 in
977 750 1147 800 Geopon.
1170 750 1273 787 XIV.
1289 753 1324 791 l.
1345 752 1408 790 3.:
1433 750 1497 787 sed
1517 751 1556 787 id
1568 750 1694 787 need-

265 803 398 842 hamus
428 808 544 842 tacite
583 808 855 854 interpolavit,
907 820 1022 856 quum
1050 803 1274 858 πολύγονον
1313 808 1525 844 invenisset
1561 809 1602 843 in
1635 806 1694 842 ed.

263 859 379 898 Basil.
371 889 395 908 .,
420 865 645 912 propagavit
672 869 796 899 autem
816 864 1019 911 Nicolaus,
1043 870 1086 900 ut
1113 865 1188 900 alia
1210 863 1395 900 eiusmodi
1412 864 1457 900 ab
1477 862 1695 899 Needhamo

263 918 391 964 illata,
427 920 548 955 veluti
583 918 673 955 ibid.
699 920 736 958 5
766 918 871 973 πισῳ
895 931 990 967 pro
980 921 1108 973 mod,
1147 922 1320 969 quamvis
1341 919 1438 958 nihil
1456 919 1607 955 adiutus
1628 932 1696 955 au-

266 976 444 1010 ctoritate
463 972 578 1012 MSS.
610 988 785 1022 suorum,
823 976 921 1023 quod
941 975 1034 1012 mibi
1052 961 1243 1024 exemplar
1265 977 1311 1013 ab
1339 974 1380 1012 C.
1400 975 1443 1012 P.
1472 974 1643 1012 Gesncro
1661 976 1698 1012 ei

267 1029 542 1066 commodatum
558 1031 737 1067 lustranti
755 1034 846 1068 satis
865 1034 1048 1068 constitit.

384 1086 453 1124 50.
488 1087 558 1125 56.
595 1086 816 1138 Οἰνοπίδης
851 1086 894 1125 δὲ
928 1083 947 1126 ὃ
980 1087 1098 1137 Xrog]
1138 1086 1288 1124 Floruit
1319 1087 1535 1137 Oenopides
1569 1087 1699 1125 eadem

269 1152 388 1189 paene
407 1148 552 1188 aetate,
578 1155 652 1191 qua
672 1142 932 1194 Anaxagoras,
960 1146 1021 1180 cui
1041 1151 1079 1180 et
1095 1145 1267 1194 iungitur
1282 1145 1323 1180 in
1341 1144 1512 1181 Platonis
1533 1143 1700 1180 Amator.

268 1209 305 1245 p-
342 1198 457 1245 132..
502 1206 708 1247 nactusque
745 1207 802 1236 est
842 1213 1042 1251 magnum,
1087 1208 1285 1249 postquam
1311 1200 1526 1250 Aegyptum
1555 1200 1702 1237 adierat

269 1254 339 1290 inf.
357 1267 388 1290 c.
410 1256 496 1302 98,
524 1255 569 1291 ob
592 1258 763 1303 peritiam
785 1269 911 1293 rerum
933 1258 1153 1293 coelestium
1175 1269 1325 1303 nomen,
1346 1256 1445 1304 quod
1458 1257 1702 1304 praeteritum.

270 1321 350 1345 non
378 1317 436 1347 est
455 1324 476 1347 a
495 1312 589 1348 viris
607 1315 771 1362 egregiis
792 1313 884 1363 Aeg.
905 1312 1080 1362 Menagio
1109 1316 1150 1349 in
1169 1312 1333 1363 Diogen
1373 1311 1446 1351 IX.
1463 1313 1536 1352 37.
1567 1319 1604 1349 et
1627 1312 1702 1350 Iac.

269 1363 473 1404 Perizonio
492 1367 539 1403 ad
558 1366 703 1405 Aelian.
696 1342 773 1405 ζ)Χ.
792 1368 837 1405 V.
857 1368 906 1406 H.
928 1371 968 1409 7.
1004 1369 1050 1406 W
1056 1379 1135 1406 ESS.

386 1423 457 1462 50.
482 1425 553 1463 60.
573 1420 747 1463 ‘'I-[mota
768 1422 813 1464 τὸ
841 1422 953 1478 v'dwo
972 1423 1156 1476 ψυχρὸν]
1189 1423 1307 1461 Recte
1339 1423 1485 1461 Seneca
1511 1425 1702 1472 rescribit,

274 1476 360 1515 Non
381 1480 491 1516 calor
495 1493 551 1516 em
570 1479 694 1518 hieme
713 1481 778 1518 sub
801 1489 862 1518 ter
864 1494 920 1518 res
943 1494 1002 1518 ess
1005 1496 1024 1519 e
1044 1494 1171 1518 macor
1174 1495 1242 1518 em
1299 1481 1414 1531 Aqua
1448 1488 1488 1518 et
1505 1493 1641 1532 specus
1663 1488 1705 1518 et

264 1537 383 1586 putei
401 1542 544 1587 tepent,
575 1550 668 1587 quea
689 1544 762 1575 αέν
766 1551 789 1574 (ι
811 1541 1000 1588 figentem
1023 1540 1267 1575 efflttziuseeus
1285 1550 1360 1574 uon
1382 1540 1590 1589 recipiunt.
1632 1536 1701 1575 Ita,

271 1603 348 1628 non
370 1593 539 1630 calorem
556 1593 713 1642 habent,
737 1595 958 1644 seclfvigus
977 1596 1199 1632 escludunt.
1227 1594 1291 1631 Est·
1314 1596 1447 1632 eadem
1468 1606 1610 1631 caussa
1632 1607 1702 1630 ae·-

272 1653 376 1685 state
396 1649 687 1698 refrigescunt:
719 1654 812 1701 quia
829 1653 895 1688 illo
915 1659 1087 1688 temones
1106 1652 1363 1701 seductusque
1384 1656 1457 1688 ue'r
1478 1650 1703 1697 calefactus

271 1708 560 1756 nonperveust,
590 1707 649 1744 IV.
674 1708 1094 1752 Q.Nat11r..‘2.WEss.

388 1762 458 1802 50-
482 1764 553 1802 64.
585 1764 670 1829 Ίῆς
696 1778 747 1816 vy
750 1766 824 1816 οᾶς
866 1761 1026 1813 οὐσίας]
1071 1762 1189 1810 Mihi,
1223 1769 1267 1799 ut
1298 1764 1526 1812 simplicius,
1554 1764 1608 1799 ita
1626 1763 1703 1799 ele-

273 1818 425 1866 gantius
463 1819 615 1856 videtur
649 1834 698 1872 vy
702 1819 858 1871 οασιᾞας
879 1818 1012 1856 RHOD.
1069 1819 1158 1857 Non
1189 1818 1326 1855 accedo
1356 1821 1441 1855 viro
1469 1818 1702 1855 doctissimo.

275 1871 403 1910 Codex
424 1873 478 1911 Cl.
499 1877 540 1916 2.
533 1903 553 1922 .,
581 1887 654 1924 quo
674 1875 770 1915 etH.
802 1876 1038 1925 Stephanum
1063 1878 1154 1913 olim
1176 1888 1284 1912 usum
1302 1875 1421 1911 fuisse
1443 1873 1539 1911 mihi
1557 1875 1703 1922 liquido

274 1936 445 1978 constat,
482 1943 560 1968 non
591 1934 778 1984 infringet
811 1940 1024 1970 ceterorum
1072 1939 1110 1968 et
1147 1930 1426 1980 Tlieopbylacti
1465 1944 1704 1968 consensum.

269 1978 397 2048 ιΥφρά
430 2001 477 2025 οι
481 2001 549 2026 ota
578 2001 694 2038 aeque
713 1963 901 2038 ὃΡιὌΐεοῐο
936 1988 1133 2026 humorem
1174 1989 1387 2037 exprimere
1417 1993 1506 2038 apta
1557 1994 1614 2025 cst
1660 2000 1705 2024 ac

271 2033 375 2093 2190&
395 2038 452 2094 (μ’)
457 2056 517 2089 σις
535 2046 575 2080 in
595 2058 675 2113 cap.
698 2047 736 2085 7.
768 2045 900 2083 WEss.

343 2125 345 2127 ·
389 2099 459 2138 50.
482 2101 553 2139 70.
594 2099 680 2148 Ἰὰς
700 2097 854 2153 ῥεύσεις
881 2096 1134 2152 ποιοῦιιενοι]
1167 2098 1277 2138 Nihil
1295 2099 1498 2137 admodum
1531 2100 1706 2136 intererit

273 2149 438 2189 hoccine
449 2156 583 2202 probes
614 2170 663 2194 an
701 2157 981 2209 Theophylacti
1010 2153 1156 2211 ῥύσεις.
1204 2155 1350 2193 Tamen
1371 2154 1562 2193 Diodorus
1590 2156 1617 2192 l.
1631 2156 1703 2195 34

272 2214 444 2260 ποαεΐαν
471 2214 544 2249 τοῦ
576 2213 673 2252 Νεί)
679 2229 725 2253 ου
752 2212 827 2266 τὴν
860 2210 997 2282 ῥυσιν
1007 2210 1262 2264 ποιουμένου.
1307 2212 1411 2250 etde
1432 2211 1537 2248 Pado
1569 2211 1703 2262 Polyb.

273 2262 321 2302 Π.
347 2267 415 2305 16
447 2263 685 2318 ποιούιιειος
711 2267 786 2322 τὴν
823 2267 938 2323 ρὺσιν
969 2265 1024 2315 ὥς
1047 2268 1110 2308 ἐπὶ
1131 2267 1403 2322 μεσημβριᾞαν
1463 2267 1575 2306 Mitto
1595 2266 1705 2305 Stra·

275 2319 412 2357 b0¹lffl¹1
434 2321 496 2358 IV·
528 2335 562 2371 Ι)-
584 2327 688 2365 284.
704 2325 748 2365 Β.
777 2326 868 2364 XII.
897 2340 935 2376 p.
959 2327 1061 2366 852.
1080 2325 1124 2362 A.
1152 2325 1287 2363 WEss.

386 2378 457 2416 50.
479 2380 549 2418 76.
584 2378 648 2418 Ἐν
666 2387 752 2428 τοῖς
770 2380 875 2420 κατὰ
895 2379 942 2433 τὴ
948 2397 969 2420 ν
989 2378 1240 2430 Αἷθιοπιαν]
1277 2379 1401 2417 Docet
1420 2379 1557 2417 Strabo
1578 2379 1701 2417 XVII.

270 2443 307 2479 Ρ.
333 2434 465 2473 1138.
495 2436 562 2471 sub
593 2438 747 2487 regibus
774 2438 1001 2475 Ptolemaeis
1028 2437 1068 2473 id
1089 2450 1220 2487 reapse
1241 2438 1360 2473 fuisse
1379 2439 1574 2486 cognitum
1590 2443 1701 2484 atque

269 2490 508 2544 exploratum
538 2466 658 2542 Aegyo
650 2496 760 2540 ptiis·
750 2522 760 2540 7
798 2493 1070 2531 Eratosthenes
1090 2507 1205 2540 vero,
1240 2506 1317 2529 non
1337 2499 1509 2541 oportere
1529 2506 1572 2529 ea
1595 2492 1640 2529 (le
1660 2505 1701 2528 re

271 2555 494 2594 quemquam
526 2549 567 2583 in
598 2549 711 2585 dubio
740 2563 845 2596 esse,
888 2550 1192 2599 quandoquidem
1221 2549 1269 2585 ad
1304 2548 1386 2585 Nili
1405 2549 1530 2585 fontes
1550 2549 1702 2597 quidam

271 2599 437 2638 adierint
471 2609 508 2638 et
536 2603 772 2654 largissimos
790 2606 928 2642 imbres
950 2607 1029 2642 suis
1061 2607 1182 2642 oculis
1200 2605 1436 2653 usurparint:
1454 2607 1644 2671 σαφῶς·
1634 2619 1702 2642 ,em

267 2652 527 2724 ἀφικομένων
546 2673 667 2698 τινων
690 2660 745 2706 εἷς
767 2658 841 2707 τὰς
862 2662 937 2700 τοῦ
956 2660 1107 2700 Νείλου
1127 2658 1280 2712 πηγὰς,
1310 2675 1377 2698 και
1396 2674 1492 2705 τους
1520 2658 1701 2712 όμβοους

268 2709 366 2759 τοὺς
385 2712 621 2765 γινομένους
640 2711 904 2765 {conanti-mnf,
937 2717 979 2754 in
997 2717 1127 2756 Procli
1158 2715 1366 2755 Comment.
1390 2718 1433 2753 in
1457 2715 1606 2754 Platon.
1632 2713 1702 2752 Ti-

266 2780 413 2807 maeum
450 2782 484 2820 Ρ.
509 2771 581 2811 37
641 2772 750 2816 Quod
779 2772 949 2821 profecto
986 2774 1126 2809 iustius
1154 2785 1257 2809 nunc
1286 2774 1420 2823 oggeri
1445 2771 1702 2809 dubitantibus
