1828 3253
482 162 546 202 ΙΝ
577 162 688 202 LIB.
714 162 838 203 xlv.
866 162 994 202 CAP.
1024 166 1097 205 47.
1130 167 1204 205 45.
1485 167 1575 205 759

245 278 351 317 680
386 275 456 318 15
495 274 801 323 ..εἶινουντιόυς
826 290 870 316 τε
898 272 1107 344 παρόδω
1097 289 1356 328 7poaa70pc÷²
1360 276 1429 326 ος]
1471 277 1574 327 lego

131 329 175 370 ἓν
192 328 377 385 παρόδω.
405 339 448 368 ut
465 344 502 381 p.
524 333 632 373 426.
665 329 790 380 αὐτὸς
820 330 855 371 δ
887 331 928 371 ἐν
949 318 1119 387 παροδω
1139 330 1205 371 διὰ
1224 332 1448 386 προδοσίας
1470 328 1574 372 ἑλὼν

120 384 230 441 “Epz
232 403 298 427 κα.
327 388 480 425 STEPH-

242 444 347 484 680-
375 445 449 483 27.
476 440 584 494 Τὴν
611 441 654 482 ἔκ
685 442 984 496 Καρχηδονίων
1005 440 1200 494 δυιαμιν,
1233 440 1280 483 οὐ
1304 458 1442 482 κατεπ.
1465 450 1537 481 etc.
1549 442 1568 496 ]

128 496 204 535 Hic
231 495 405 549 δι’ναμιν
436 501 478 537 in
497 513 582 537 eum
601 501 726 536 locum
746 502 896 538 traiecit
926 502 1128 536 curiositas
1155 502 1247 536 vel
1238 503 1387 536 incuria
1407 501 1568 545 librarii,

129 556 195 602 qui
220 550 424 607 βοήθειαν
453 568 476 592 a
497 568 538 592 se
557 557 747 593 removeri
769 568 845 592 non
876 558 1030 604 patitur.
1071 552 1158 607 1502]
1166 560 1283 594 θειαν
1307 559 1426 606 igitur
1446 568 1566 604 quan-

114 611 320 657 ‚tumlibet‚
335 617 568 660 ututpotens
587 607 772 662 δύναμις,
791 611 862 648 hoc
881 611 1033 660 quidem
1047 614 1129 650 ioco
1149 613 1415 659 subsequatur.
1430 610 1566 648 Rnon.

127 664 250 716 Saepe
268 666 418 717 quidem
441 662 617 717 βοήθεια
638 667 683 704 de
707 669 877 705 exercitu
898 676 934 704 et
952 669 1071 717 copiis
1093 674 1312 716 usurpatur,
1341 668 1497 705 docente
1517 667 1565 703 ad

128 720 346 772 Thucydid.
361 721 404 758 L.
415 721 479 759 lv.
495 725 534 762 8.
556 721 777 762 Clarissimo
796 722 966 760 Dukero.
991 724 1177 773 P01>bius
1190 723 1423 760 distincteL.
1434 723 1477 758 V.
1490 724 1563 762 95-

126 773 203 828 τήν
224 791 266 816 τε
283 773 424 829 χώραν
444 776 655 829 κατέσυρε,
685 778 751 816 καὶ
771 776 845 830 τὴι
865 776 1067 830 βοήθειαι
1090 777 1226 818 αἰτῶι
1250 778 1466 830 συιέτοιψε
1489 778 1563 824 ‹Sl-g

124 832 177 870 Et
195 832 416 882 Xenophon
435 833 582 884 Agesil
597 847 631 882 p.
654 836 728 874 20.
756 835 815 873 ed
841 836 967 873 Oxon.
994 850 1031 873 οι
1059 833 1100 873 δ’
1124 850 1176 874 av
1196 833 1357 886 Πέρσαι
1382 849 1436 879 (υς
1456 830 1564 873 εἶδον

123 903 201 940 την
228 885 433 939 βοηθειαν
453 897 526 926 etc.
574 889 618 927 ln
644 891 782 939 quibus
809 898 935 928 tamen
969 892 1128 940 aliisque
1157 898 1328 928 veterum
1350 892 1445 927 locis
1477 903 1564 927 cum

123 947 254 994 copiae
275 947 484 984 auxiliares
512 946 783 997 designentur,
812 960 891 984 non
912 947 1097 987 dissentio
1126 960 1150 984 a
1169 945 1468 992 Rhodomanno.
1494 959 1564 983 vo-

124 1014 211 1038 cum
229 1000 402 1040 ordinem
431 1009 695 1040 conmutatum
716 1003 913 1040 arbitrato.
951 1001 1072 1040 Favet
1099 1009 1233 1041 auctor
1255 1016 1286 1039 c.
1310 1004 1380 1042 51·
1412 1002 1457 1038 de
1479 1001 1565 1038 Μο-

123 1057 328 1107 tyensibus
345 1055 394 1096 οὗ
413 1054 754 1111 κατεπλάγησαν,
777 1061 977 1107 inquiens,
997 1056 1075 1109 τὴν
1094 1060 1168 1098 τοῦ
1191 1057 1417 1099 Διονυσίου
1441 1053 1565 1096 δύνα-

119 1128 205 1164 μιν.
227 1112 363 1152 WRSS.

237 1170 344 1209 680
372 1170 445 1210 31
475 1170 685 1222 Πρῶτον]
710 1171 881 1224 Πρῶτοι
902 1169 997 1222 Reg
1020 1172 1055 1210 l.
1068 1168 1134 1210 Co.
1148 1169 1364 1208 Praestaret
1384 1164 1567 1222 πρώτηι,

122 1230 168 1262 ut
177 1222 369 1266 Rhodam.
391 1227 527 1263 voiuit.
559 1226 609 1263 W
614 1237 702 1266 sss

237 1282 344 1322 680
376 1281 453 1322 38-
474 1279 554 1320 ‘Hv
573 1297 611 1320 οι
635 1283 748 1321 Μοτ.
769 1277 862 1325 τότε
883 1279 1141 1333 διὲσκαψαν]
1177 1281 1246 1318 Sic
1265 1282 1380 1327 malo,
1410 1287 1563 1318 secutus

123 1339 350 1385 optimarum
378 1338 682 1375 membranarum
710 1337 839 1378 fidem.
884 1338 1009 1386 Supra
1037 1337 1077 1374 L.
1102 1337 1146 1375 ΙΙ.
1181 1338 1251 1378 13.
1290 1335 1485 1385 διέσκαψε
1514 1334 1562 1376 τὸ

122 1390 415 1444 προειρημένον
432 1390 529 1445 ὅρος
549 1392 655 1434 κατὰ
673 1390 748 1443 τὴν
769 1390 896 1444 §fijan
927 1393 1017 1430 Mox
1039 1389 1095 1439 ὡς
1112 1391 1170 1443 μὴ
1191 1388 1422 1441 προσόδους
1439 1390 1565 1442 ἔχοιεν

123 1455 237 1487 erunt
262 1449 450 1495 fortasse,
477 1451 542 1499 qui
575 1449 861 1498 praeoptabunt.
903 1449 986 1498 Ego
1017 1448 1113 1486 nihii
1137 1450 1302 1485 demuto.
1351 1448 1563 1496 Utrumque

123 1505 227 1541 enim
242 1503 342 1542 haud
364 1505 457 1543 mali
479 1507 691 1549 commatis,
714 1506 832 1544 sicuti
849 1504 904 1542 Cl.
927 1504 990 1542 Ti.
1013 1504 1325 1543 Hemsterhusius
1345 1505 1393 1542 ad
1404 1504 1565 1543 Luci-'mi

121 1559 318 1599 Prometh.
335 1573 369 1597 c.
392 1562 435 1601 6.
464 1560 631 1601 docebit..
653 1560 787 1597 Wess.

237 1618 342 1657 680.
372 1617 449 1656 45.
481 1616 698 1668 Λεπτίνην
715 1614 788 1656 τὸν
808 1611 1033 1668 ναύαρχον]
1059 1617 1237 1668 Tyranni
1252 1618 1372 1654 frater
1385 1615 1564 1665 Leptines

125 1678 228 1719 erat,
256 1678 301 1713 ut
326 1672 467 1710 diserte
496 1686 532 1710 c.
564 1674 666 1713 102.
697 1679 736 1708 et
767 1674 808 1710 in
827 1671 927 1709 Pint.
958 1671 1074 1710 Dion.
1106 1688 1139 1723 p.
1163 1676 1268 1714 961.
1296 1673 1341 1709 Ε.
1374 1673 1562 1720 proditur,

125 1729 236 1766 cuius
256 1728 346 1765 fidei
367 1741 410 1764 ac
434 1741 546 1766 curae
568 1735 606 1765 et
627 1730 786 1766 classem
808 1735 845 1764 et
867 1727 1079 1778 Syracusas
1105 1743 1214 1778 saepe
1236 1730 1454 1778 permisisse
1477 1741 1561 1765 me-

125 1792 250 1823 morat
274 1782 350 1823 Dio
369 1782 630 1834 Chrysostom.
655 1784 763 1821 Orat.
784 1783 971 1821 Lxxffl
989 1797 1023 1832 p.
1045 1787 1150 1825 63⁴).
1170 1785 1217 1824 E.
1256 1785 1394 1822 Wess

237 1842 344 1881 681.
375 1841 452 1882 47.
494 1839 661 1881 Σικανοὶ
687 1839 763 1890 μὲν
784 1835 963 1889 πάιτες]
993 1840 1069 1879 Aut
1091 1840 1259 1882 Σικανοὶ
1274 1839 1349 1890 μὲν
1370 1855 1441 1879 ουν
1460 1834 1563 1876 πάν-

123 1911 206 1943 τες,
229 1904 296 1936 aut
312 1911 378 1936 και
401 1895 567 1936 Σικανοι
586 1896 667 1946 μὲι
679 1891 827 1941 πάντες
846 1897 1010 1932 dicerem
1031 1897 1232 1947 legendum
1253 1909 1348 1942 esse,
1374 1898 1452 1932 nisi
1473 1895 1562 1930 aliis

122 1954 271 1990 inlocis
286 1951 397 1990 huius
417 1953 616 2020 scriptoris
638 1952 891 1988 eodemmodo
910 1967 959 2001 με
944 1950 984 1989 ἐι
1006 1956 1167 2002 positum
1181 1955 1396 2002 reperirem.
1408 1952 1564 1988 8ΤΕΙΗ.

236 2010 346 2049 681.
381 2009 451 2049 5--1
474 2003 705 2074 Ἀγκύραι,
736 2006 818 2046 Σο)
823 2007 925 2056 οὓς]
961 2007 1046 2045 Hoc
1066 2022 1200 2047 verum
1219 2009 1322 2045 urbis
1341 2009 1563 2057 posterioris

123 2077 288 2112 nomen,
314 2077 363 2102 ex
388 2060 561 2111 Σολόεις
588 2071 850 2109 contractum,
878 2066 935 2101 uti
963 2063 1154 2104 Σολεντΐι
1148 2080 1219 2111 οι,
1243 2066 1307 2101 vel
1328 2066 1454 2112 potius
1481 2061 1561 2099 Σο-

121 2122 327 2160 λουντΐνοι
356 2123 461 2158 cives
483 2120 671 2157 indicant
716 2119 861 2156 Auctor
887 2121 968 2167 ipse
998 2119 1212 2159 Σολοῦντα,
1238 2117 1405 2169 adpeiiat
1435 2132 1466 2154 e.
1488 2119 1559 2157 78.

125 2184 165 2214 et
181 2176 224 2214 Ι..
248 2175 341 2215 XX.
363 2178 438 2218 70.
465 2175 524 2214 De
542 2178 692 2226 priore,
711 2178 774 2212 cui
796 2174 882 2211 heic
901 2187 1039 2212 nomen
1053 2172 1256 2228 Ἀγκύραι,
1284 2178 1391 2212 cuius
1414 2175 1562 2211 incolae

120 2228 368 2285 Ἀγκυραῖοι
390 2240 476 2281 post
492 2245 610 2281 pauca
630 2238 902 2275 memorantur,
928 2244 1114 2271 summum
1133 2232 1231 2281 apud
1251 2233 1347 2268 alios
1367 2232 1562 2267 silentium

127 2295 199 2325 est.
217 2287 287 2325 Ph.
308 2289 459 2338 quidem
479 2287 682 2326 Cluverius
703 2287 812 2324 Sicii.
832 2286 965 2335 Anti-q.
988 2288 1030 2324 L.
1051 2288 1097 2326 ΙΙ.
1119 2302 1153 2339 p.
1177 2289 1283 2328 373.
1324 2286 1479 2325 Siciliae
1495 2298 1561 2322 ur-

125 2343 261 2390 bibus,
280 2344 413 2382 Nostri
434 2347 661 2381 auctoritate
678 2350 818 2389 motus,
844 2343 1027 2393 Ancyra&
1047 2347 1308 2394 transcripsit:
1337 2343 1402 2379 sed
1426 2349 1562 2379 contra

125 2402 237 2438 venit
255 2399 328 2437 lac.
346 2399 590 2446 Gronovius,
616 2399 665 2436 ad
686 2398 920 2448 Stephanum
938 2413 1021 2437 voc.
1042 2395 1242 2446 Ἀλικύαι,
1263 2399 1347 2437 heic
1367 2393 1560 2444 ‘Altam-at,

127 2461 167 2492 et
190 2458 319 2493 statim
342 2451 581 2496 Ἀλικυαίων
604 2457 785 2504 scriptum
813 2457 989 2504 primitus
1010 2456 1153 2503 fuisse,
1179 2457 1398 2492 decernens.
1442 2452 1561 2489 Caus-

127 2524 208 2549 sam
227 2514 289 2549 vir
306 2515 515 2560 praestanti
541 2511 753 2549 eruditione
767 2538 778 2557 ‚
805 2523 878 2559 qua
897 2519 1136 2562 expugnatus
1155 2515 1197 2549 in
1217 2511 1314 2548 hauc
1341 2511 1559 2558 opinionem

129 2567 392 2614 descenderit,
416 2568 554 2605 addere
577 2569 721 2614 noluit3
750 2566 846 2604 hanc
871 2573 999 2605 tamen
1020 2570 1203 2619 suspicor.
1231 2567 1373 2604 Auctor
1393 2568 1559 2613 quinque

128 2623 318 2661 duntaxat
345 2622 573 2662 Sicanorum
601 2625 715 2660 urbes
733 2625 773 2660 in
801 2621 1172 2674 Carthaginiensium
1193 2624 1266 2660 fide
1286 2633 1559 2672 perseverasse,

129 2681 266 2716 ceteris
295 2679 342 2717 ad
380 2679 613 2730 Dionysium
643 2692 724 2716 sese
753 2678 1070 2728 adiungentibus‚
1108 2680 1296 2718 adfirmat.
1357 2677 1408 2714 Et
1432 2684 1559 2713 tamen

129 2749 163 2772 c.
187 2735 258 2775 54·
292 2730 547 2782 Ἀλικυαίους
573 2733 943 2786 Carthaginiensium
973 2738 1120 2783 socios,
1153 2749 1239 2773 eum
1268 2747 1397 2771 eorum
1427 2745 1560 2783 agrum

132 2797 301 2830 vastaret
331 2798 541 2842 tyrannus,
571 2789 618 2828 ad
647 2793 756 2829 iilum
787 2791 986 2828 transiisse
1014 2791 1165 2830 demum
1195 2791 1338 2829 subdit.
1391 2788 1563 2826 Necdum
