1828 3253
496 173 560 214 IN
592 173 702 214 LIB.
733 173 763 212 Ι.
797 172 922 212 CAP.
957 173 1027 215 15.
1415 171 1476 212 25

49 289 195 337 κτίσαι.
229 291 298 328 illa
326 290 425 327 enim
453 301 631 339 magnam
663 286 845 338 Scythiae
875 293 1051 338 partem
1049 285 1096 323 ad
1121 288 1311 323 mitiorem
1338 286 1482 322 cultum

49 349 268 385 traduxisse
297 347 431 384 fertur.
472 351 509 382 et
537 358 567 381 e.
595 346 669 384 40.
699 343 764 382 καὶ
795 345 864 396 ssa)
871 345 1112 388 οπονοῦντες
1141 342 1378 393 ἐξηιιερουσι
1405 338 1481 393 τὴν

48 401 243 456 Ἵνὸικηνς
267 402 480 440 interfectis
501 402 616 448 feris,
649 413 744 449 quae
766 413 847 437 eam
868 401 1063 437 infestant.
1091 397 1307 435 Herodotus
1328 397 1355 435 Ι.
1380 399 1483 438 126.

53 457 185 511 πάντη
206 454 352 498 τοῦτόν
373 471 445 510 σφι
466 455 538 496 τὼ
553 459 876 508 Za39ov1n9oeane
897 456 1173 506 ἐξημερῶσαι,
1217 457 1485 492 silvescentem

54 524 92 554 et
112 518 231 565 spinis
250 514 475 551 horrentem.
496 513 678 550 Libanius
701 510 1268 575 ’1.Ι[.Ρ.121.1).πρωτον
1296 509 1372 561 μὲν
1396 511 1486 561 χῶ-

55 588 127 626 ρον
156 568 446 638 ἐξηγριωμένον
477 569 539 608 ἐπὶ
572 565 762 624 Θρακης,
806 570 996 607 πὶεΐστον
1025 565 1123 606 ὅσον
1143 562 1352 617 ἡμέρωσε,
1389 580 1486 612 τους

53 642 203 682 γεωργ
185 643 205 665 1
212 641 284 665 σον
288 640 361 672 τας
385 623 624 679 παρασχών.
677 625 827 662 Dicitur
847 632 884 661 et
903 624 1109 669 Hercules,
1141 629 1398 659 monstrorum
1419 623 1488 659 do-

54 687 182 731 mitor,
201 682 486 735 ἐξημερῶσαι)
489 687 593 720 ἀἶαν
612 681 789 731 Euripidi
810 680 924 718 Here.
945 679 986 717 F.
1007 682 1081 720 20.
1102 687 1139 716 et
1159 678 1412 729 Alexander
1395 679 1488 731 ἑξη-

53 743 239 795 μεριῦσαι
259 736 334 789 τὴν
312 736 491 778 νἈσίαν
511 737 715 775 Plutarcho
737 736 784 776 ’1.
805 737 850 776 11.
870 752 905 786 p.
927 738 967 776 3
957 739 1030 776 28.
1051 735 1098 772 D.
1136 735 1186 772 ΝΝ
1190 746 1270 772 ess.

171 796 242 838 19
263 795 336 834 95
370 795 498 846 Ψιλγο
476 792 652 847 ¹eco926v
672 792 744 834 τὸν
755 791 930 843 ’Uo-1911]
970 791 1197 830 libullusl.
1221 795 1259 833 8.
1280 791 1354 831 29.

223 851 381 890 Primus
408 864 459 888 ar
461 826 568 888 altra
584 864 701 888 mana
729 852 834 889 soler
839 853 871 887 ci
884 850 1001 897 fecit
1027 848 1140 887 Θεῖν’
1125 861 1172 895 28,

285 908 337 947 Et
366 914 540 946 teneram
556 907 682 953 ferro
715 908 949 944 sollicitavit
977 905 1141 943 hamum.

226 963 383 1002 Primus
410 966 875 1016 inexpertae·conmcisz't
907 964 1055 1000 semina
1086 969 1235 1009 terrae,

281 1020 479 1070 Pomaque
504 1033 587 1058 non·
608 1022 712 1057 notis
740 1021 839 1067 legit
867 1019 915 1056 ab
942 1019 1161 1056 arboribus.

229 1075 312 1114 Hie
345 1078 479 1114 docuit
506 1084 681 1114 teneram
700 1077 813 1127 palis
840 1078 1058 1125 adiungere
1087 1076 1220 1122 vitem,

284 1132 366 1170 Hic
393 1134 559 1170 <cit-idem
585 1134 686 1171 dara
713 1134 880 1170 caedere
895 1133 1014 1179 falce
1039 1143 1200 1169 comam.

63 1189 129 1227 ubi
148 1188 228 1226 Ian.
247 1187 485 1235 Broekhuis.,
511 1188 672 1226 Diodori
692 1188 790 1226 haud
811 1190 983 1235 oblitum,
1012 1188 1112 1225 vide.
1143 1187 1278 1224 WVESS.

182 1246 250 1286 19.
272 1246 344 1285 96.
384 1246 471 1296 Τῆς
500 1244 741 1295 εὐύαιζιιονος
765 1243 962 1297 Ἀραβίας
993 1243 1034 1282 ἐν
1063 1239 1203 1297 Νύσῃ]
1237 1241 1344 1278 Haec
1364 1253 1498 1290 parum

62 1301 296 1350 respondent
316 1308 447 1350 poetae
466 1303 653 1347 versibus,
686 1303 752 1349 qui
771 1308 992 1349 sequuntur.
1028 1299 1072 1337 Si
1091 1299 1200 1350 Nysa
1218 1311 1333 1348 prope
1353 1298 1498 1345 Nilum,

65 1358 252 1407 quomodo
283 1359 323 1394 in
352 1356 493 1394 Arabia
521 1356 657 1394 felice?
709 1357 940 1394 Prudentius
960 1352 1108 1395 Νύσαν
1128 1358 1202 1407 τῆς
1217 1353 1412 1407 Ἀραβίας
1433 1353 1500 1391 ΙΙΙ.

64 1416 142 1455 64.
163 1421 200 1451 et
218 1411 294 1466 τὴν
314 1410 400 1452 κατ’
426 1411 624 1465 Ἀραβίαν
645 1410 793 1453 Νύσαν
814 1413 880 1450 ΙΙΙ.
902 1415 974 1454 65.
994 1415 1177 1462 appellat:
1208 1419 1247 1449 at
1265 1423 1354 1447 mox
1373 1424 1404 1447 e.
1430 1411 1501 1450 19.

66 1468 162 1511 κατ’
194 1467 409 1522 Aisssvntov
440 1477 478 1506 et
504 1469 566 1509 IV.
585 1472 628 1511 2.
656 1467 810 1521 μεταξὺ
836 1469 1028 1520 Φοινίκης
1057 1469 1124 1508 καὶ
1145 1468 1296 1507 Νείλου
1327 1468 1503 1514 collocat,

67 1539 202 1576 parum
231 1538 378 1575 quoqne
408 1527 614 1564 commode.
654 1526 837 1564 Herodot.
859 1526 904 1563 ΙΙ.
929 1526 1030 1566 146.
1055 1529 1096 1563 in
1118 1525 1357 1574 Aethiopiam
1377 1530 1504 1560 trans-

66 1585 155 1622 fert.
197 1582 302 1620 Adeo
333 1583 407 1619 sibi
427 1589 605 1620 constant
622 1583 786 1620 fabulae.
837 1583 922 1620 Vid.
942 1585 1069 1621 virum
1090 1583 1244 1619 doctiss.
1261 1583 1303 1617 in
1325 1579 1504 1617 Marmor.

72 1639 198 1676 Oxou.
218 1653 253 1688 p.
277 1640 379 1678 102.
413 1635 556 1677 Νύσαν
576 1646 702 1678 autem
721 1647 759 1676 et
777 1635 953 1677 Νύσσαν
978 1640 1172 1685 scribunt,
1210 1637 1274 1674 sed
1297 1639 1329 1674 si
1347 1633 1504 1676 Διόνυ-

71 1709 159 1742 σος,
191 1702 233 1732 ut
252 1694 314 1731 lv.
334 1696 377 1734 2.
396 1697 510 1732 etiam
529 1703 669 1742 censet,
699 1695 787 1733 hinc
808 1696 930 1733 dictus
952 1702 1021 1743 est,
1049 1700 1153 1745 prior
1174 1696 1362 1742 scriptura
1381 1695 1508 1742 potior

73 1755 158 1795 erit.
199 1749 310 1787 Conf.
328 1750 599 1801 Etymologum
620 1754 659 1788 in
682 1748 887 1797 Διόνυσος
900 1783 908 1798 ,
943 1759 1000 1798 et,
1028 1754 1060 1789 si
1080 1752 1282 1789 Arabicam
1301 1752 1408 1787 vocis
1429 1751 1507 1787 ori-

72 1810 202 1859 ginem
223 1806 437 1853 desideras,
460 1807 531 1844 Ed.
550 1805 698 1844 l'okok.
719 1807 828 1856 Spee.
847 1807 946 1844 Hist.
967 1807 1080 1845 Arab.
1101 1821 1135 1855 p.
1160 1809 1260 1848 106.
1290 1806 1424 1843 Wess.

191 1864 262 1904 19.
287 1865 323 1902 l.
347 1860 412 1900 Ἐν
432 1867 518 1909 τοῖς
537 1860 696 1913 ’ἷῖ,ιινοις]
729 1863 970 1914 Hymnorum
991 1871 1029 1900 et
1049 1864 1109 1900 hie
1142 1871 1180 1900 et
1199 1863 1265 1899 111.
1287 1864 1359 1903 65.
1380 1862 1442 1899 lV.
1464 1864 1507 1902 2.

75 1918 285 1958 Homerum
304 1920 398 1956 facit
417 1927 630 1967 parentem,
662 1927 704 1958 ut
723 1920 777 1957 Ιο.
799 1920 884 1957 Alb.
901 1919 1049 1958 Fabrie.
1070 1920 1116 1957 ll.
1136 1919 1178 1956 B.
1199 1919 1246 1957 G.
1271 1921 1312 1959 2.
1333 1919 1375 1957 4.
1405 1931 1510 1955 com-

73 1977 291 2021 monefecit.
328 1973 454 2012 Habet
483 1983 520 2012 et
549 1974 677 2013 Schol.
698 1976 873 2025 Apollon.
895 1974 1017 2012 Rhod.
1039 1975 1086 2013 11.
1112 1977 1243 2016 1215.
1276 1974 1345 2011 bos
1362 1987 1510 2021 versus,

75 2032 146 2076 ,sed
168 2034 244 2069 levi
266 2044 350 2068 cum
372 2032 603 2078 discrimine,
628 2033 673 2070 de
701 2044 774 2080 quo
798 2032 864 2069 [ll.
890 2033 962 2072 65.
982 2033 1146 2069 dicetur:
1177 2031 1277 2081 quod
1298 2044 1361 2069 eos
1384 2037 1511 2068 autem

75 2087 302 2134 Herodoto,
351 2090 457 2124 cuius
481 2086 770 2140 Ἀργοναυτικὰ
803 2096 840 2125 et
869 2089 957 2125 libri
988 2088 1076 2141 περὶ.
1101 2084 1344 2139 Ἶ-Ῑρακλειάς
1374 2100 1421 2123 ex
1451 2087 1511 2123 his

82 2143 250 2182 Scholiis
270 2157 313 2180 ac
336 2142 531 2193 Stephano
551 2148 633 2182 noti
657 2153 760 2191 sunt,
787 2146 942 2191 tribuit,
973 2148 1054 2182 eius
1077 2158 1146 2195 ego
1167 2146 1295 2194 eulpae
1317 2146 1512 2181 inmunem

77 2208 196 2250 ,put03
238 2201 353 2237 verba
373 2203 473 2237 enim
494 2200 658 2238 hominis
680 2209 768 2239 sunt
787 2201 956 2248 defecta,
984 2214 1053 2238 nee
1083 2203 1294 2249 posteriora
1322 2201 1512 2249 prioribus

83 2257 310 2303 cohaerent,
347 2264 389 2293 ut
409 2257 595 2294 excidisse
615 2258 789 2296 videatur
808 2262 963 2307 poetae„
982 2260 1045 2294 eui
1064 2271 1197 2295 versus
1216 2258 1413 2304 debentur,
1443 2269 1514 2293 no-

84 2326 184 2353 men.
210 2312 344 2350 W'ESS.
389 2311 479 2350 Mox
499 2321 600 2350 reete
619 2322 749 2351 monet
768 2313 952 2352 Rhodom.
986 2314 1093 2361 „Pro
1116 2311 1203 2360 ὅτε,
1234 2310 1336 2352 ὅτιῦί.

201 2370 272 2410 19·
293 2371 333 2410 6·
361 2369 540 2422 Πρῶτον
563 2367 659 2423 οἴνῳ
678 2366 938 2422 χρήσασθαι]
968 2370 1085 2418 Atqui
1105 2372 1231 2407 nullae
1252 2376 1361 2406 erant
1378 2371 1419 2406 in
1442 2368 1515 2406 Ae-

87 2432 206 2477 gypto
226 2428 348 2471 vites,
383 2432 653 2475 proptereaque
674 2429 818 2464 incolae
838 2433 903 2463 aut
921 2429 1013 2465 vino
1037 2439 1084 2463 ex
1112 2427 1252 2463 hordeo
1274 2433 1340 2463 aut
1363 2425 1517 2462 aliunde

84 2484 284 2530 ,inportato
304 2481 530 2528 utebantur,
554 2485 585 2519 si
606 2483 698 2519 fides
718 2482 911 2519 Herodoto
932 2483 977 2520 ll.
999 2485 1070 2523 77.
1091 2490 1127 2519 et
1150 2483 1215 2520 ΙΙΙ.
1237 2485 1277 2523 6.
1307 2482 1437 2530 Neque
1456 2495 1518 2518 re-

84 2550 158 2589 ,ges
179 2538 217 2575 id
236 2544 324 2574 ante
344 2536 660 2589 Psammetichum
685 2539 882 2586 bibebant,
913 2547 1057 2587 natum,
1087 2541 1145 2576 uti
1164 2539 1358 2585 serebant,
1388 2551 1435 2574 ex
1455 2551 1518 2575 eo-

86 2605 178 2638 ,rum
197 2596 403 2644 sanguine,
431 2596 496 2642 qui
519 2594 621 2631 Deos
641 2597 732 2632 olim
753 2599 915 2644 pessimo
933 2609 1027 2633 ausu
1048 2602 1334 2645 oppugnarant,
1361 2594 1519 2631 docente

93 2647 298 2686 Plutarcho
327 2648 433 2688 '1‘.11.
463 2662 498 2698 p.
520 2652 623 2690 355.
643 2651 685 2688 B.
721 2651 796 2688 Sed
819 2654 935 2688 vitem
954 2654 1105 2702 regioni
1125 2665 1201 2688 non
1221 2653 1332 2700 plane
1353 2650 1520 2687 defuisse

94 2704 269 2743 indicant
296 2708 470 2752 querelae
498 2706 721 2745 ludaeorum
750 2707 949 2744 Numer-or.
977 2707 1070 2745 XX.
1107 2709 1145 2747 5.
1184 2714 1228 2744 ut
1257 2708 1302 2744 de
1333 2706 1521 2743 Strabone

95 2759 223 2799 XVII.
241 2773 277 2808 1)-
293 2763 423 2801 1163.
441 2761 483 2799 Β.
502 2762 629 2801 Plinio
648 2763 753 2801 ΧΠ.
777 2766 815 2803 7.
834 2771 872 2801 et
888 2764 1026 2802 Athen.
1047 2764 1076 2803 1.
1098 2776 1134 2813 p.
1156 2765 1228 2803 33.
1247 2763 1417 2800 habitum
1435 2775 1523 2812 pro-

97 2829 262 2864 vinciae,
291 2829 364 2866 quo
384 2830 451 2856 sua
471 2826 552 2856 erat
571 2826 716 2867 aetate,
736 2821 1015 2870 spectantibus,
1043 2834 1087 2858 ac
1106 2821 1152 2858 de
1171 2833 1264 2859 voce
1286 2817 1418 2874 ἕρπις,
1450 2830 1526 2867 qua
