1828 3253
272 139 329 176 38
729 131 1241 173 ANNOTATIONES

272 247 380 284 venit
407 244 665 284 Dicaearchus
693 245 734 283 in
765 246 896 287 Schol.
926 247 1102 298 Apollon.
1124 245 1248 285 Rhod.
1269 247 1332 285 IV.
1353 249 1460 288 272.
1502 250 1603 297 quod
1632 263 1703 301 ego

272 310 396 340 tamen
418 315 555 340 nomen
574 301 743 340 Diodoro
765 306 900 341 invitis
930 303 1047 341 Codd.
1077 305 1277 342 obtrudere
1305 318 1382 341 non
1417 308 1597 342 sustineo.
1654 308 1708 344 lo.

273 358 437 395 'rzetzes
464 354 671 397 Σεσόωσιν
710 358 892 398 sesoosin
921 374 990 398 sua
1019 367 1140 397 aetate
1172 361 1346 398 hocloco
1368 364 1540 408 invenit,
1566 369 1608 398 ut
1628 364 1709 410 ipse

271 415 416 451 indicat
443 413 604 452 Chiliad.
632 415 679 452 II.
707 418 778 457 84.
811 417 954 467 Estque
985 419 1025 454 in
1045 418 1198 468 regibus
1219 417 1326 468 Aegy
1330 420 1384 465 pti
1402 417 1504 454 haud
1523 419 1709 466 insolens,

270 477 315 507 ut
349 466 543 520 ὁιώνι-,ιιοι
573 470 640 510 καὶ
669 486 910 523 maminot,
942 473 1083 523 duplici
1088 448 1326 523 t>triplicique
1355 476 1507 511 nomine
1538 475 1711 525 insignes

271 529 531 575 reperiantur,
557 534 654 565 teste
685 528 868 579 Syncello
888 542 923 578 p.
946 531 1018 570 63.
1043 528 1088 569 Α.
1081 557 1115 577 .,
1146 533 1419 580 praecipueque
1439 533 1480 568 in
1498 530 1570 567 hoc
1594 531 1713 569 ,Seso-

272 586 371 631 stri,
408 586 474 632 qui
502 591 540 621 et
571 585 781 623 Ramesses
811 593 849 623 et
881 586 1060 624 Sethosis
1101 594 1259 624 vocatus
1296 588 1391 635 fuit,
1432 587 1631 638 Scaligero
1663 587 1713 624 ad

272 639 411 677 Euseb.
430 653 533 677 num.
554 651 742 679 loxxxlv.
763 643 934 680 docente.
968 643 1103 682 WEss.

386 698 459 736 62.
484 697 556 736 35.
588 694 732 745 Τάξεις
753 698 1064 738 ἐπιτελέσασθαι
1085 697 1151 737 καὶ
1172 694 1363 751 πράξεις]
1387 698 1554 736 Omnino
1581 695 1715 746 τάξεις

273 754 604 791 exterminandum
623 768 707 792 cum
718 755 783 793 καὶ
797 769 864 792 suo
875 762 961 805 post
973 753 1298 794 ἐπιτελέσασθαι.
1333 756 1430 800 Quid
1444 759 1545 792 enim
1556 752 1686 802 τάξεις
1698 755 1716 792 ‚2

274 808 351 844 Sed
362 813 627 859 paronomasia
643 824 709 848 seu
729 811 931 862 rhythmus
947 814 1103 860 puerilis
1124 811 1338 849 Glossatori
1356 819 1551 862 tantopere
1568 813 1714 849 arrisit.

272 863 408 902 RHOD.
462 863 800 906 Ἐπιτελέσασθαι
831 864 1027 920 πράξεις]
1054 867 1172 905 Recte
1201 866 1523 916 Rhodomannus3
1553 869 1716 906 similem

271 923 461 960 maculam
481 924 643 960 eluimus
674 937 753 974 cap.
774 925 817 963 4.
852 925 901 961 W
906 935 987 963 Ess.

387 980 459 1018 62.
481 979 552 1019 38
590 977 642 1018 Oc
673 978 741 1018 δια
769 982 844 1031 τῆς
875 978 985 1034 ιῦὄῆς
1013 975 1356 1032 ἕγκωμιάζοιτες]
1402 978 1516 1017 Haud
1553 982 1633 1017 scio
1665 993 1716 1017 an

273 1033 322 1071 ad
353 1030 462 1088 ᾠδὸν
492 1042 633 1072 cantor
636 1049 693 1072 em
721 1049 765 1073 ea
797 1038 1037 1086 pertineant,
1077 1038 1139 1072 cui
1177 1042 1326 1083 praeter
1357 1034 1524 1073 Deorum
1553 1036 1717 1086 hymnos

272 1103 407 1140 regum
441 1093 557 1128 etiam
594 1098 701 1139 acta,
739 1099 782 1129 ut
812 1095 1087 1139 recitarentur,
1122 1105 1235 1129 curae
1265 1099 1375 1128 erant
1401 1093 1499 1141 apud
1531 1091 1715 1131 Clement.

272 1146 384 1183 ΑΙεΧ.
415 1145 481 1186 VI.
513 1146 695 1187 Stromat.
717 1162 752 1198 p.
775 1150 879 1189 757.
908 1149 1063 1199 Alioqui
1081 1150 1218 1185 referri
1239 1154 1390 1197 oportet
1417 1149 1464 1184 ad
1494 1151 1718 1196 cantilenas,

273 1203 410 1252 quibus
437 1206 560 1241 veteri
595 1218 689 1242 aevo
717 1218 846 1242 rerum
867 1208 1019 1256 egregie
1039 1211 1233 1256 gestarum
1253 1208 1474 1242 memoriam
1495 1212 1718 1254 perpetuare

274 1259 469 1308 solebant,
515 1261 664 1297 erudite
703 1263 902 1311 explicitas
939 1275 961 1299 a
992 1261 1066 1299 Iac.
1093 1261 1271 1300 Perizon.
1319 1261 1495 1298 Animad.
1532 1260 1582 1298 H.
1613 1275 1645 1298 c.
1677 1263 1719 1301 6.

274 1313 409 1352 WEss.

388 1373 461 1411 62.
485 1372 556 1413 51.
605 1371 690 1412 Καὶ
720 1368 890 1426 πόνοις]
928 1371 1245 1419 Κακοπαθειάις
1283 1375 1325 1410 in
1352 1380 1574 1410 contextum
1600 1373 1722 1423 recipi

275 1427 418 1464 malim.
442 1426 576 1466 Rflon.
622 1429 707 1468 Καὶ
728 1429 1048 1480 κακοπαθείαις]
1075 1430 1164 1466 Non
1185 1429 1391 1467 intercedo.
1429 1429 1530 1467 Sunt
1549 1428 1720 1467 Diodoro

276 1479 551 1523 κακοπάθειαι
579 1498 781 1523 aerumnae
813 1499 1025 1537 gravesque
1053 1487 1228 1533 labores,
1258 1487 1393 1534 quibus
1423 1488 1561 1523 rustici
1589 1492 1627 1522 et
1645 1487 1723 1524 viri

276 1540 462 1576 militares
485 1549 712 1580 exercentur
733 1555 812 1591 cap.
838 1544 909 1583 36.
932 1543 977 1579 ll.
1005 1544 1042 1582 1.
1066 1550 1104 1579 et
1122 1544 1195 1581 25.
1229 1542 1294 1578 111.
1317 1543 1389 1582 64.
1413 1549 1483 1578 etc.
1511 1542 1646 1579 XVESS.

391 1598 464 1636 62.
492 1598 563 1637 53.
595 1593 753 1664 ,Υπῆοξ
756 1614 806 1637 αν
838 1596 1048 1651 ἀθληται]
1098 1599 1182 1636 Usa
1211 1601 1354 1650 periti.
1412 1598 1550 1635 Solent
1584 1597 1724 1635 Graeci

278 1663 409 1689 omnes
437 1666 523 1701 eos,
550 1657 616 1704 qui
642 1657 761 1693 multo
789 1669 860 1692 usu
891 1655 1134 1692 confirmati
1124 1668 1165 1692 in
1184 1656 1297 1692 rebus
1319 1655 1497 1705 gerendis
1518 1656 1723 1701 excellunt,

279 1703 470 1760 ἇθὶητὰς
489 1723 639 1748 vocare.
667 1707 768 1765 130)
771 1727 827 1750 ων
856 1713 933 1750 7107
940 1714 1087 1761 εμικῶι
1109 1708 1292 1762 αθ).ηταὶ
1318 1710 1406 1748 ΧΠ.
1443 1711 1514 1750 75.
1540 1708 1724 1761 ἀθὶηταὶ

277 1765 362 1802 τῶν
391 1762 496 1803 κατὰ
525 1762 621 1805 πολ.
608 1782 705 1817 εμον
735 1765 863 1819 ἔρρων
892 1767 966 1804 XV
972 1767 1036 1804 Ill.
1069 1768 1110 1807 9.
1137 1765 1320 1818 ἀθληταὶ
1349 1765 1450 1806 ποὶῧ
1418 1782 1538 1818 accunt
1570 1765 1722 1804 Philon.

279 1818 363 1856 Iud.
393 1819 423 1857 l.
450 1821 526 1858 Vit.
563 1821 659 1859 Mos.
695 1836 729 1872 p.
763 1824 868 1864 642.
900 1823 948 1861 D.
981 1830 1070 1860 sunt
1097 1827 1154 1860 rei
1176 1825 1354 1860 militaris
1375 1824 1607 1871 peritissimi.
1665 1822 1726 1858 Ad

280 1887 392 1924 quem
410 1877 563 1915 modum
584 1876 767 1930 ἀθληταὶ
786 1883 862 1932 τῆς
879 1878 930 1918 αὶ
934 1882 1060 1932 ηθιιΓ
1040 1894 1086 1932 ης
1114 1878 1259 1926 λέξεως
1279 1879 1443 1930 Dionys
1473 1878 1643 1915 Halicar.
1678 1877 1726 1916 'l.

280 1931 328 1968 Π.
356 1934 477 1972 173.
467 1961 478 1981 ,
519 1932 708 1987 amos-1729
735 1938 820 1975 τῶν
849 1934 955 1975 κατὰ
985 1934 1137 1989 σοφιαν
1165 1932 1417 2001 πραίιξιιάτων
1446 1934 1628 1972 Philostr.
1646 1933 1727 1971 He-

280 1991 375 2025 roic·
394 1988 442 2027 Π.
469 1991 540 2030 ll.
574 2003 609 2039 p.
644 1993 749 2032 685.
778 1989 962 2043 ἀθληταὶ
989 1995 1074 2032 τῶν
1105 1991 1284 2031 καλιηιὲ
1269 1992 1329 2045 ἔρ)
1330 2007 1396 2032 ων
1415 1990 1695 2029 Demostheni
1684 2003 1727 2028 ιιι

282 2042 483 2095 Aristogit.
503 2046 529 2083 Ι.
550 2060 586 2097 p.
605 2048 712 2088 495.
738 2047 846 2085 Adde
867 2048 916 2085 Is.
937 2047 1094 2086 Casaub.
1125 2051 1168 2086 in
1190 2048 1328 2099 Polyb.
1350 2048 1381 2085 I.
1407 2051 1448 2089 6.
1480 2047 1615 2085 WVEss.

397 2074 469 2141 6θ3.
494 2103 564 2143 58.
590 2101 817 2157 Ἀοαβίαν]
846 2105 892 2142 V.
911 2103 1110 2142 Iablonski
1133 2104 1530 2155 Opusc.ll.p.100.

399 2159 471 2196 63.
494 2161 566 2199 69.
603 2158 662 2199 'lb
694 2159 809 2213 γιέιος
838 2177 948 2201 απαν
976 2159 1023 2201 τὸ
1055 2163 1138 2201 τῶν
1165 2158 1422 2215 βαοβάρων]
1456 2161 1627 2198 Nimium
1655 2157 1729 2195 hoe

286 2217 356 2249 est.
411 2212 508 2251 Puto
530 2218 713 2264 scriptum
731 2217 850 2254 fuisse
870 2220 953 2257 τῶν
975 2214 1187 2269 apsidam,
1220 2230 1378 2267 quorum
1399 2224 1554 2270 gentem
1572 2217 1731 2261 domuit,

286 2280 367 2304 non
400 2282 509 2307 omne
538 2272 777 2310 barlriricum
809 2287 943 2324 genus.
1001 2273 1130 2312 Simili
1165 2277 1262 2312 vitio
1297 2274 1385 2312 XV.
1424 2275 1498 2314 20.
1537 2269 1731 2323 βασιλεὺς

288 2321 537 2378 βαρβάρων,
577 2331 640 2377 qui
674 2332 757 2366 sine
795 2331 1057 2368 controversia
1096 2331 1272 2369 Arabum
1311 2343 1383 2368 rex
1419 2329 1602 2367 dicendus
1641 2333 1732 2363 erat.

288 2379 422 2418 Wssss.
482 2383 556 2426 Qui
581 2381 807 2439 βαοβαοων
838 2387 1040 2434 defendat,
1072 2394 1204 2424 utatur
1232 2389 1312 2425 illis
1343 2401 1374 2424 e.
1405 2388 1479 2427 20.
1500 2398 1535 2434 p.
1563 2385 1636 2423 23.
1660 2383 1732 2422 53.

291 2436 338 2473 de
359 2436 510 2474 osiride
538 2440 688 2479 Λυκοῖ·
683 2456 741 2492 (12
744 2457 789 2480 ον
818 2439 892 2482 τὸν
911 2441 1085 2493 βασιλέα
1106 2458 1190 2482 των
1209 2439 1437 2511 βαρβάοων
1458 2439 1647 2480 (inomao
1651 2454 1705 2478 αι.

405 2495 478 2534 63.
503 2497 576 2535 61.
608 2494 864 2537 Ἀὸούλιοτον
891 2497 964 2538 τὸν
994 2501 1150 2551 προτοῦ
1175 2495 1358 2551 χρόνον]
1400 2498 1516 2544 Nini,
1552 2498 1733 2546 Assyrio-

291 2560 378 2586 rum
393 2553 521 2601 regiS,
552 2558 696 2599 aetate,
724 2554 886 2592 necdum
914 2555 1049 2592 domiti
1079 2556 1186 2592 suere
1207 2554 1255 2592 ll.
1277 2557 1337 2594 1.·
1328 2583 1338 2602 ,
1367 2567 1489 2603 neque
1508 2560 1637 2602 postea
1667 2556 1734 2588 aut

293 2603 563 2655 Assyriorum,
599 2615 665 2645 aut
692 2608 922 2658 Persarum,
958 2618 1026 2648 aut
1050 2611 1324 2658 Macedonum,
1348 2611 1499 2647 tametsi
1518 2621 1647 2646 omnes
1673 2608 1735 2644 illi

295 2659 464 2699 Arabum
491 2664 662 2701 libertati
690 2666 819 2702 acerbi
840 2667 1009 2714 fuerint,
1037 2670 1170 2718 iugum
1189 2668 1337 2704 subiere
1358 2667 1405 2704 Π.
1424 2667 1498 2706 48
1527 2663 1638 2702 XIX·
1659 2664 1734 2702 97·

296 2714 544 2822 Πειῖιίῖῗίἱ
548 2726 683 2813 taxrpen
713 2733 737 2758 a
763 2719 933 2761 Sesostri
960 2725 1004 2762 in
1033 2723 1218 2762 ditionem
1237 2723 1391 2763 redacta
1410 2729 1449 2760 et
1471 2721 1608 2760 Strabo
1627 2718 1734 2758 XVI.

640 2786 720 2814 ess.
