1828 3253
317 163 413 206 718
769 157 1317 203 ‘ANNOTATIONES

315 270 406 316 ἀλλ’
428 271 762 314 ANAPXIAN
777 268 851 313 τὸν
869 269 1057 314 ἐνιαυτὸν
1078 275 1275 316 καλοῦσιν
1300 273 1522 326 Xenophon
1541 276 1694 316 Hellen.
1719 277 1767 317 11.

315 346 353 383 p
373 331 479 372 359.
512 329 618 367 Haec
639 337 698 367 est
716 327 894 381 ἀναρχία
924 328 1003 399 πρὸ
1026 328 1273 380 Εὐκλείδου,
1311 345 1424 382 quam
1446 333 1626 371 Suidas
1607 334 1670 373 mi
1693 337 1769 386 τῆς

316 388 612 439 ἓννενηκοστῆς
635 386 776 440 τρίτης
784 383 1062 437 Ὀλυμπιάδος
1082 389 1202 426 fuisse
1222 402 1309 427 cum
1330 390 1495 427 scribit'
1485 404 1526 428 ιη
1542 405 1637 429 voce
1664 387 1767 431 Θεό-

316 459 503 497 πομπος,
532 450 665 492 peccat
684 446 989 511 προχρονισμῦ.
1017 444 1152 482 WEss.

432 502 538 542 610
572 502 646 540 62.
682 495 809 546 Γάϊος
841 485 1052 554 Φλουὶος]
1080 500 1259 540 Auctoris
1280 505 1470 554 scriptura
1491 510 1550 541 est
1573 499 1766 556 Φούριος,

318 564 359 596 et
377 571 445 609 pro
467 555 711 606 Νουμέιιος,
725 555 970 608 Νουμεᾝριος
1000 556 1137 596 Rflon.
1164 559 1305 597 Iustam
1317 559 1588 597 Rhodomanni
1603 574 1685 598 esse
1697 562 1766 598 ol)-

317 616 589 659 servationem,
617 613 751 651 Livius
772 613 814 650 L.
836 612 898 650 [V.
920 614 994 653 57.
1015 616 1262 665 manifestat,
1294 617 1412 655 Furio
1435 623 1633 667 praeterea
1655 617 1768 656 Lucii

314 681 549 722 praenomen
567 672 769 720 inponens.
817 667 1051 721 Νουμέριος
1069 673 1377 711 membranarum
1398 673 1473 711 fide
1500 680 1613 722 atque
1633 682 1768 712 aucto-

313 731 430 767 ritate
450 727 578 764 sedem
599 740 706 764 suam
725 729 883 775 recepit.
913 726 1047 765 lVEss.

430 785 536 826 640.
569 784 641 824 65.
681 780 796 822 Καθ’
830 780 881 835 ἢν
910 782 1022 823 ἐνίκα
1058 780 1228 825 στάδιον
1255 782 1494 838 Κορκίνας]
1544 786 1688 825 Addidi
1717 799 1766 824 ex

313 839 682 893 Reg.l.0m‹510v
713 852 860 877 vocem.
899 841 1068 879 Victoris
1091 854 1229 879 nomen
1249 844 1388 880 leviter
1407 844 1647 892 deturpatum
1669 857 1766 891 esse,

314 896 467 936 monuit
490 895 759 934 10.Meursius
780 895 886 936 Lect.
910 896 1027 935 Attio.
1052 898 1092 935 L.
1117 899 1179 936 lV.
1201 900 1276 938 29
1313 899 1588 949 Adpellabatur
1606 900 1765 955 Κροκί-

313 970 402 1003 νας.
420 955 556 992 Wssss.
585 952 794 1020 Κροκίνας
812 953 1067 1004 adscripserat
1086 954 1274 1006 Scaliger.
1300 955 1407 992 IDEM
1429 958 1469 993 in
1493 955 1594 996 Add.

428 1013 534 1053 640
560 1012 631 1051 72.
669 1006 758 1061 Την
778 1008 959 1049 παλαιὰν
979 1007 1235 1051 κατάστασιν
1262 1009 1425 1065 ἔφασαν
1445 1011 1763 1064 mammae-9021]

309 1067 584 1106 Demosthenis
612 1034 907 1117 διανεΙιμασθαι
937 1064 989 1106 τὰ
1018 1071 1193 1122 πατριῦα
1223 1075 1261 1106 et
1290 1068 1504 1107 Heracliani
1537 1069 1765 1121 νειμασθαι

310 1122 389 1178 τὴν
422 1123 553 1192 ἀρχὴν
583 1137 662 1162 non
684 1125 799 1174 longe
820 1122 910 1161 hinc
928 1125 1124 1162 recedunt.
1153 1124 1355 1173 volebant,
1385 1126 1619 1174 reipublicae
1641 1125 1765 1164 admi-

308 1182 578 1221 nistrationem
607 1193 656 1218 ex
685 1182 951 1228 antiquissima
981 1181 1104 1219 forma
1133 1185 1235 1220 inter
1258 1195 1398 1232 paucos
1430 1193 1514 1219 esse
1539 1183 1764 1220 describen-

310 1240 420 1287 dam,
449 1237 782 1285 revocandamque
805 1236 1119 1286 Aristocratiam,
1155 1250 1250 1288 quae
1276 1238 1438 1276 Athenis
1467 1245 1558 1276 ante
1577 1237 1763 1277 Solonem

309 1297 511 1348 viguerat.
554 1296 616 1333 hic
637 1296 739 1331 euim
761 1293 1024 1346 Oligarchiam
1049 1294 1227 1343 sustulit,
1256 1297 1429 1346 populari
1449 1303 1553 1333 statu
1573 1297 1765 1333 constitu-

310 1360 363 1391 to.
396 1355 522 1398 Quare
540 1352 724 1390 Solonem
745 1350 974 1388 Aristoteles
996 1351 1109 1389 Polit
1134 1351 1277 1393 11.10.
1317 1350 1556 1404 ὀλιγαρχίαν
1581 1353 1763 1391 καταλῦ·

306 1424 377 1450 σαι
401 1412 467 1458 ait,
496 1407 589 1448 λίαν
609 1404 791 1460 α’κρατον
815 1399 958 1455 οὖσαν,
977 1423 1046 1447 και
1069 1404 1319 1448 δουλεύοντα
1340 1406 1412 1448 τὸν
1436 1409 1570 1460 δῆμον
1590 1411 1762 1457 παῦσαι,

305 1466 375 1507 καὶ
398 1463 683 1518 δημοκρατίαν
705 1466 964 1515 καταστῆσαι
986 1462 1062 1508 τὴν
1070 1461 1288 1534 πάτριον,
1327 1464 1452 1516 μιξαι
1456 1481 1507 1504 τα
1529 1466 1666 1512 καλῶς
1685 1463 1762 1518 τὴν

305 1522 528 1563 πολιτειαν.
561 1521 705 1559 Contra
724 1534 768 1558 ea
789 1520 860 1558 alii
879 1517 954 1572 τὴν
974 1518 1163 1574 πατέριον
1184 1521 1407 1569 πολιτείαν,
1436 1524 1463 1561 i.
1484 1536 1516 1560 e.
1539 1535 1635 1569 eam,
1663 1534 1760 1571 quae

307 1581 358 1619 ad
379 1580 537 1618 Solonis
566 1580 671 1629 leges
702 1584 785 1614 erat
806 1579 1045 1616 conformata
1065 1585 1103 1615 et
1134 1590 1289 1627 prorsus
1309 1575 1599 1625 Democratica‚
1625 1591 1762 1627 praeo-

308 1638 480 1687 ptabant.
520 1635 695 1672 Pertinet
715 1632 789 1671 huc
812 1635 970 1686 egregia
990 1634 1066 1674 Iac.
1089 1634 1285 1673 Perizonii
1311 1635 1518 1686 disputatio
1539 1636 1587 1673 ad
1606 1633 1758 1673 Aelian.

306 1694 398 1734 Var.
428 1692 529 1730 Hist.
552 1692 595 1729 L.
616 1691 662 1728 V.
691 1692 760 1732 13.
793 1690 933 1729 Wnss.

421 1750 528 1791 641.
560 1750 632 1790 81.
672 1746 757 1787 Και
788 1744 1018 1800 ὀληαρχίαι
1050 1745 1092 1786 ἓν
1120 1751 1212 1795 ταῖς
1240 1746 1449 1795 πλείσταις
1468 1743 1759 1799 καθίσταντο]

305 1807 552 1856 Aequiesco
542 1819 583 1843 1n
604 1812 713 1843 tanto
733 1806 962 1854 scriptorum
984 1802 1104 1844 Codd.
1126 1818 1329 1843 consensu.
1370 1804 1512 1842 Decem
1533 1807 1592 1842 illi
1612 1791 1759 1842 iffielli-

303 1872 472 1917 guntur,
501 1865 543 1901 in
562 1873 790 1911 unaquaque
811 1863 971 1898 civitate
993 1861 1154 1909 delecti,
1192 1861 1329 1911 quibus
1350 1874 1536 1899 summum
1556 1861 1758 1910 imperium

303 1928 605 1973 potestatemque
627 1921 798 1956 omnium
817 1929 947 1955 rerum
966 1918 1166 1968 Lysander
1185 1920 1440 1956 conmitteret.
1462 1916 1758 1970 Λεκαδαρχίας

301 1980 386 2016 sive
417 1975 636 2027 δεκαρχίας
665 1972 740 2021 τὰς
764 1974 1104 2021 κατασταθείσας
1126 1970 1205 2014 υπὸ
1228 1977 1302 2015 τοῦ
1320 1970 1623 2028 Λυσάνδρου
1605 1989 1645 2013 εν
1665 1978 1758 2021 ταῖς

303 2030 470 2074 πόλεσιν
498 2031 719 2082 Xenophon
751 2031 920 2082 adpellat
948 2030 1101 2068 Hellen.
1126 2031 1192 2069 111.
1213 2044 1248 2082 p.
1274 2032 1379 2072 387.
1413 2031 1506 2068 Mox
1526 2043 1757 2080 supervaca-

303 2104 415 2130 neam
436 2104 519 2127 esse
539 2090 708 2140 negandi
727 2100 874 2135 vocem,
904 2089 999 2126 bene
1015 2085 1319 2125 Rhodomannus
1339 2088 1528 2125 admonet.
1555 2087 1693 2124 VVESS.

417 2148 524 2188 641.
560 2148 618 2187 8-
593 2149 632 2182 ³
666 2142 768 2195 Οὐχ,
797 2141 897 2195 ὅπερ
918 2138 970 2197 ἦν
991 2141 1125 2196 εικὸς]
1164 2144 1261 2182 Dele
1290 2141 1666 2196 01‘27.RHOD.Ov7
1688 2143 1757 2180 de-

304 2206 405 2243 letur
423 2217 445 2241 a
467 2203 679 2253 Scaligero.
707 2202 756 2240 W
763 2213 848 2238 Ess
869 2203 909 2239 in
930 2200 1028 2238 Add.

416 2261 523 2301 641.
548 2261 622 2300 90.
654 2255 959 2309 Συνεβοὺλευσε
977 2262 1064 2305 τοῖς
1079 2254 1337 2309 ΗΑθηναιοις
1359 2253 1529 2296 ἑλέσθαι
1548 2254 1646 2307 etc.]
1666 2255 1755 2294 vid.

304 2316 571 2355 casaubonum
603 2316 652 2353 ad
683 2315 863 2352 Sti-abun.
895 2314 938 2354 L.
971 2314 1043 2354 lX.
1076 2327 1111 2364 p.
1142 2315 1247 2355 609.
1276 2314 1335 2351 De
1364 2313 1566 2365 Lysandro
1597 2315 1754 2360 eiusque

303 2375 490 2420 oratione,
524 2386 598 2422 qua
624 2381 717 2409 xxx
746 2375 852 2410 viros
876 2371 1175 2408 Atheniensibus
1194 2372 1373 2418 obtrusit,
1403 2372 1597 2408 consentit
1616 2369 1753 2420 Lysias

304 2431 372 2469 Or.
396 2432 437 2467 in
449 2429 692 2467 Eratosthen.
716 2442 748 2466 c.
773 2431 843 2469 18.
835 2456 857 2475 .,
888 2428 934 2465 de
956 2427 1224 2465 Theramene
1214 2441 1255 2466 in
1277 2429 1429 2465 diversa
1451 2428 1554 2475 abit,
1593 2439 1752 2475 eumque

302 2489 545 2540 praecipuum
573 2493 768 2524 auctorem
788 2485 909 2523 fuisse
932 2484 1086 2522 illorum
1109 2494 1200 2521 xxx
1223 2484 1578 2522 constituendorum
1597 2482 1753 2533 profite-

302 2552 367 2582 tur
386 2546 533 2593 palam:
574 2545 638 2592 qui
662 2541 815 2591 quidem
835 2544 869 2578 si
890 2540 972 2579 odii
1000 2554 1153 2578 caussas
1177 2542 1312 2590 procul
1334 2541 1533 2588 habuerit,
1573 2539 1665 2588 quid
1684 2538 1752 2576 fiet

302 2599 502 2639 Diodoro?
533 2602 641 2638 cuius
662 2599 877 2636 narrationi
899 2605 938 2634 et
959 2598 1065 2636 obita
1083 2611 1198 2645 mors,
1227 2610 1339 2646 quam
1357 2598 1539 2635 factionis
1558 2599 1640 2634 eius
1659 2608 1761 2632 cru-·‚

305 2657 462 2696 delirate
491 2658 674 2724 oppetiit,
710 2662 748 2692 et
781 2654 976 2692 Plutarchi
1005 2657 1047 2692 in
1073 2654 1162 2694 Nic.
1193 2667 1228 2705 p.
1250 2655 1354 2695 5⁰4.
1373 2655 1649 2700 testimonium,
1675 2663 1751 2700 quo

301 2717 454 2765 optimis
475 2716 638 2761 civium,
672 2717 758 2758 τοῖς
779 2710 1009 2762 βελτίστοις
1033 2714 1117 2752 τῶν
1146 2712 1347 2759 πολιτῶν,
1375 2716 1624 2757 accensetur,
1649 2706 1751 2746 haud

300 2773 386 2811 leve
401 2770 551 2820 pondus
575 2769 773 2807 adiiciunt.
802 2766 939 2805 Wnss.

414 2827 520 2869 641.
551 2828 625 2868 98.
658 2822 926 2865 ’Λνετείνατο
951 2843 1000 2854 -·
1032 2844 1081 2854 --
1109 2819 1185 2872 τὰς
1210 2822 1406 2878 μεγίστας
1428 2819 1622 2874 ἀπειλὰς]
1651 2819 1751 2859 Suc-
