1828 3253
303 101 394 141 586
774 95 1293 139 ANNOTATIONES

295 213 509 249 tramittere
537 223 582 248 ac
601 210 695 248 novi
725 210 808 248 illic
827 209 940 261 regni
960 209 1209 249 fundamenta
1229 224 1384 262 ponere,
1405 225 1500 262 quae
1520 213 1668 252 erudita
1679 213 1736 253 Cl.

296 267 356 306 De
378 267 477 304 Boze
496 268 663 315 suspicio
683 274 740 303 est
762 269 802 304 in
821 265 1062 304 Conmentar.
1082 267 1198 305 Acad.
1220 269 1397 319 Inscript.
1420 268 1467 307 T.
1487 268 1560 306 IX.
1582 284 1616 319 p.
1629 272 1735 311 243,

295 324 453 361 Praeter
487 322 588 359 hunc
618 321 747 359 Schol.
777 322 963 359 Nicandri
986 321 1164 361 Theriac.
1191 338 1228 362 v.
1253 327 1356 365 612.
1382 327 1475 362 citat
1495 326 1733 376 Archaeum,

297 382 381 418 sive
402 383 435 417 is
454 380 626 416 Alcaeus
645 393 711 416 seu
731 379 916 416 Achaeus
935 379 1065 427 fuerit,
1083 378 1125 418 ἐν
1144 385 1231 427 τοῖς
1250 381 1338 434 περὶ
1352 379 1733 434 ζ4ρχαιανακτίδην,

295 438 436 485 datque
468 436 563 473 adeo
593 438 717 484 ipsum
744 437 964 485 regulorum
995 434 1130 473 horum
1156 449 1317 484 nomen,
1354 438 1419 474 sed
1441 437 1538 474 nihil
1558 441 1732 488 amplius.

293 493 430 541 Neque
453 495 555 529 enim
576 494 708 541 liquet,
738 494 821 541 quis
843 492 907 528 ille
927 492 1108 541 scriptor,
1141 495 1255 541 quive
1275 493 1636 542 Archaeanactides,
1667 508 1735 531 cu-

291 552 355 587 ius
383 562 445 585 res
472 545 742 598 descripserit?
780 548 920 585 Parum
942 550 1071 597 itaque
1092 562 1177 587 cum
1197 549 1289 586 haec
1310 552 1467 597 iuvent,
1502 551 1734 588 coniecturis

291 605 600 653 supersederem,
633 606 675 640 ni
703 617 857 640 manum
876 603 925 640 ad
945 606 1021 641 alia
1040 608 1258 654 properanti
1278 607 1455 643 iniiceret
1475 605 1733 644 Doctissimus

291 661 336 699 Ρ.
357 661 403 700 Ε.
427 661 598 707 Souciet,
626 667 739 708 atque
758 659 959 697 historiam
979 674 1023 697 ac
1045 668 1215 710 tempora
1232 675 1364 712 regum
1377 661 1570 700 Cimmerii
1588 662 1735 711 Bospo-

289 720 326 756 ri
349 718 528 769 digerens
558 717 723 754 Dissert.
748 715 794 753 de
812 716 937 754 Numo
958 715 1170 767 Pythodor.
1200 731 1235 768 p·
1267 719 1339 758 50.
1371 719 1616 766 admoneret,
1639 717 1732 771 Ἀρ-

284 773 586 826 χαιανακῑίδας
606 786 654 809 ex
673 773 780 811 vocis
801 775 951 824 origine
978 785 1057 810 non
1081 776 1177 811 alios
1199 774 1326 811 videri
1351 787 1396 811 ac
1415 777 1571 826 primos
1590 787 1731 825 reges:

289 831 522 868 Strabonem
556 836 750 867 auctorem
781 841 862 865 esse
892 828 935 868 L.
961 828 1044 866 VII.
1064 841 1100 877 p.
1123 831 1229 870 476.
1259 833 1372 880 regni
1400 833 1483 868 sive
1512 831 1731 881 tyrannidis

287 889 391 925 inter
423 886 665 936 Bosporanus
694 887 923 934 principium
954 885 1156 923 inchoasse
1187 885 1397 923 Parisaden
1427 893 1466 923 et
1493 886 1729 925 Leuconem:

287 944 454 980 scribere
488 945 589 979 enim
619 937 839 993 ἀοξάμειοι
874 937 955 980 ἀπὸ
989 938 1238 995 Παρισάὸου
1269 957 1337 981 και
1369 937 1609 988 Λεύκωνος.
1660 942 1732 980 Illa

287 1000 406 1039 verba
426 998 650 1036 tantundem
669 1000 798 1036 valere
833 1010 879 1034 ac
904 994 1265 1050 Ἀρχαιανακτίὸαι
1287 997 1362 1037 εισι
1384 994 1634 1051 Παρισάδης
1662 997 1731 1037 καὶ

284 1052 482 1103 Λεύκων,
511 1057 535 1092 i.
559 1067 590 1091 e.
609 1054 1000 1101 Arclzaeanactidae,
1028 1067 1094 1091 seu
1105 1056 1235 1106 primi
1253 1056 1370 1105 regni
1391 1056 1628 1102 conditores,
1655 1053 1730 1092 Pa-

284 1112 434 1151 risades
467 1118 505 1148 et
533 1110 689 1148 Leucon
709 1111 837 1148 fuere:
874 1123 985 1159 posse
1005 1116 1132 1148 tamen
1150 1113 1191 1148 in
1212 1125 1341 1148 eorum
1362 1124 1560 1149 numerum
1579 1110 1729 1162 Sagau-

284 1183 372 1208 rum
399 1169 507 1215 addi,
539 1179 651 1216 quem
680 1165 820 1203 Strabo
851 1167 962 1203 brevi
993 1174 1093 1204 ante·
1110 1167 1247 1205 iisdem
1275 1168 1514 1204 adiunxerat.
1552 1166 1618 1205 Sic
1638 1170 1727 1206 ille.

285 1239 382 1276 quae
405 1232 449 1261 ut
467 1225 687 1273 probarem,
715 1222 847 1260 induci
866 1224 1029 1259 fortasse
1051 1235 1222 1271 possem,
1252 1224 1328 1260 nisi
1347 1223 1727 1262 Archaeanactidae

283 1283 549 1333 patronymica
568 1282 690 1317 forma
708 1278 986 1315 descenderent
1006 1280 1051 1315 ab
1065 1279 1508 1328 Archaeanacte,atque
1528 1293 1612 1317 eum
1635 1293 1725 1317 suae

284 1353 326 1376 se
346 1340 473 1389 gentis
496 1344 689 1374 auctorem
709 1348 941 1386 agnoscere,
969 1342 1011 1371 ut
1031 1335 1255 1373 Seleucidae
1277 1343 1315 1372 et
1336 1335 1503 1386 Lagidae
1523 1335 1727 1374 Seleucum

283 1402 323 1432 et
344 1394 512 1445 Lagum,
543 1392 803 1430 ostenderent.
856 1391 1040 1439 Sequitur
1064 1391 1176 1440 hinc,
1207 1392 1418 1429 Parisaden
1446 1398 1484 1428 et
1510 1391 1727 1431 Leuconem

282 1464 363 1489 non
386 1452 505 1488 fuisse
527 1452 668 1499 primos
688 1449 771 1484 eius
800 1449 911 1498 regni
931 1447 1173 1494 conditores,
1204 1448 1346 1485 nedum
1371 1447 1726 1485 Archaeanactidas.

281 1507 383 1546 Nam
409 1506 549 1543 Strabo
573 1504 679 1542 aliud
697 1505 809 1554 regni
829 1506 910 1540 eius
933 1505 1162 1552 principium
1183 1516 1344 1541 exorsus
1363 1511 1432 1541 est.
1473 1503 1595 1541 Fuere
1622 1507 1726 1542 inter

283 1564 354 1601 hos
368 1564 523 1613 regulos
544 1560 699 1598 Leucon
718 1567 756 1596 et
778 1559 982 1597 Parisades
1004 1561 1154 1609 opibus,
1180 1563 1407 1598 auctoritate
1428 1567 1465 1597 et
1491 1562 1635 1598 illustri
1654 1574 1726 1598 no-

279 1623 396 1658 minis
414 1621 515 1656 fama
536 1617 840 1663 eminentissimi,
862 1618 918 1653 uti
939 1615 1090 1653 dicetur
1111 1618 1220 1653 alias.
1250 1618 1326 1660 Qui
1346 1630 1410 1654 eos
1430 1623 1596 1666 tempore
1616 1630 1726 1666 prae-

277 1681 481 1715 verterunt
504 1673 850 1711 Archaeanactidae
873 1678 912 1709 et
931 1685 1062 1709 eorum
1084 1686 1346 1718 successores,
1385 1685 1463 1709 non
1483 1674 1537 1710 ita
1555 1675 1725 1711 inclaru-

280 1740 405 1770 erunt.
445 1730 556 1768 Hanc
588 1742 760 1767 caussam
789 1729 977 1775 arbitror,
1018 1742 1086 1766 cur
1107 1728 1358 1780 Geographus
1379 1730 1425 1765 ab
1452 1728 1511 1766 his
1541 1730 1724 1767 ambobus

277 1790 391 1841 regni
413 1791 494 1825 eius
513 1789 703 1837 originem
721 1787 953 1835 auspicetur,
979 1786 1168 1836 neglectis
1187 1788 1335 1823 ceteris.
1366 1785 1504 1823 VVESS.

391 1846 501 1885 498.
528 1845 600 1884 85-
622 1840 839 1893 Ἐνίκησαν
860 1842 909 1894 τῇ
929 1839 1161 1896 ναυμαχία]
1188 1838 1276 1892 Τὴν
1296 1840 1530 1892 ναυμαχίαν
1548 1841 1615 1891 qui
1635 1853 1724 1889 pro-

276 1903 365 1950 het,
393 1902 452 1938 uti
480 1902 621 1950 poterit
649 1899 855 1947 exemplis,
882 1910 978 1946 quae
997 1900 1038 1934 in
1059 1899 1319 1945 superioribus
1345 1897 1534 1935 adducere
1551 1899 1722 1935 memini.

277 1958 493 2006 Utrumque
513 1968 585 1992 usu
605 1957 738 1992 tritum
761 1961 843 2000 est,
870 1965 992 2001 neque
1011 1953 1107 1990 adeo
1129 1955 1290 1991 multum
1311 1955 1455 2001 refert,
1482 1954 1526 1991 in
1547 1960 1634 1992 utro
1657 1967 1722 1991 ac-

277 2018 465 2065 quiescas.
497 2011 556 2049 De
575 2012 739 2050 victoria
756 2011 839 2060 ipsa
860 2007 1108 2059 Thucydides
1130 2008 1159 2048 I.
1185 2011 1259 2049 29.
1288 2009 1422 2047 WVESS.

391 2071 498 2110 499.
528 2069 601 2108 97.
644 2069 769 2113 Τῖτος
792 2064 1004 2118 Κοΐντιος]
1044 2065 1080 2102 Is
1091 2065 1205 2103 Livio
1224 2067 1343 2104 estT.
1359 2063 1560 2111 Κλοίλιος.
1578 2063 1719 2106 ΒΗοο.

277 2126 362 2165 Rev
366 2140 460 2164 ocav
465 2129 477 2163 i
495 2132 664 2163 veterem
682 2126 919 2173 scripturam.
970 2121 1185 2169 Κλοίλιος,
1214 2133 1326 2170 quem
1344 2123 1594 2159 substituerat
1611 2121 1721 2160 Rho-

279 2185 509 2228 domannus,
539 2193 726 2230 nusquam
744 2180 910 2217 vetustis
929 2180 970 2215 in
991 2177 1140 2215 schedis
1159 2181 1361 2226 reperitur,
1387 2178 1527 2215 nedum
1546 2180 1586 2215 in
1607 2178 1721 2216 Livio

277 2239 332 2277 lv
337 2268 345 2276 .
373 2242 412 2279 7.
436 2237 635 2289 Sigonius,
664 2237 798 2284 illique
816 2235 1036 2272 adsentiens
1055 2233 1231 2286 Pighius,
1263 2242 1300 2272 et
1321 2234 1409 2272 huic
1429 2240 1467 2270 et
1485 2233 1658 2272 Diodoro
1680 2234 1721 2272 id

278 2309 421 2335 nomen
445 2293 707 2331 reddiderunt.
737 2292 872 2329 WESS.

391 2352 499 2391 499.
524 2350 563 2388 5.
594 2346 683 2394 Τὰς
703 2346 746 2387 δὲ
767 2344 1040 2399 πεπονηκυίας
1060 2341 1340 2414 ἐθεράπευον]
1369 2345 1438 2383 Sic
1457 2346 1500 2385 L.
1523 2346 1634 2384 X111.
1646 2347 1720 2386 41.

277 2408 325 2446 de
346 2407 524 2445 Mindaro
552 2400 627 2450 τάς
649 2418 692 2443 τε
720 2402 995 2455 πεπονηκυίας
1022 2404 1123 2448 ναῦς
1144 2398 1399 2442 ἐπεσκεύασε.
1441 2402 1493 2439 Et
1519 2403 1565 2439 de
1586 2403 1719 2440 eodem

276 2478 312 2503 c.
334 2467 409 2504 47.
438 2460 514 2508 τὰς
546 2459 822 2511 πεπονηκυίας
849 2474 950 2506 ναυς
980 2472 1263 2498 κατεσκευασε.
1309 2458 1531 2507 passimque
1551 2461 1638 2496 alii:
1675 2466 1718 2496 ut

276 2525 396 2559 mirer
413 2524 588 2567 suspecta
607 2519 693 2554 viro
713 2516 824 2553 docto
847 2515 940 2552 haec
960 2515 1143 2552 Aristidis
1167 2514 1214 2552 T.
1236 2514 1283 2551 11.
1307 2528 1341 2565 p.
1367 2517 1476 2555 217.
1508 2512 1644 2567 ὥσπερ
1677 2512 1716 2554 οἱ

277 2575 354 2623 τὰς
385 2571 659 2624 πεπονηκυίας
682 2571 813 2618 οἳκίας
841 2567 1204 2624 ἀναλαμβάνοντες
1234 2573 1326 2608 etin
1346 2570 1605 2617 πεπτωκυίας
1625 2583 1716 2608 con-

275 2633 465 2672 vertenda
486 2631 604 2668 fuisse
624 2631 720 2666 visa.
748 2629 884 2666 Wnss.

390 2689 496 2728 499.
519 2688 561 2727 6.
594 2682 698 2736 Καὶ]
730 2683 908 2722 Dicerem
927 2682 1130 2735 legendum
1148 2682 1211 2720 hic
1236 2680 1280 2722 ὁέ
1300 2681 1381 2731 καὶ,
1410 2684 1487 2720 nisi
1508 2683 1648 2730 passim
1667 2683 1714 2719 il-

274 2748 350 2784 lam
370 2743 727 2784 animadvertissem
741 2743 782 2781 in
801 2739 1018 2780 huiusmodi
1034 2740 1131 2778 locis
1147 2740 1321 2791 copulam
1339 2740 1545 2791 negligere.
1557 2737 1710 2777 STEPH.
