1828 3253
249 88 343 131 506
713 79 1232 120 ANNOTAT'IONES

332 198 465 238 423.
487 194 562 237 65.
582 189 759 234 Κύκνων
778 208 822 233 τε
828 195 1006 261 πλῆθος
1025 191 1081 240 εἷς
1100 190 1230 261 αὐτὴν
1246 191 1592 264 καταζῑταμένων]
1604 195 1686 234 Me-

245 258 323 295 lius
343 255 398 292 ita
415 251 636 302 procederet
647 253 771 288 oratio
791 246 964 290 κύκ7ων
973 264 1016 288 τε
1032 245 1237 301 ’πλήθους
1245 250 1301 297 εἷς
1321 248 1450 302 αὐτὴν
1471 266 1686 291 καταπτα-

248 309 324 377 μέν
328 326 388 351 ου.
411 310 547 346 Posset
565 314 602 344 et
616 309 756 357 malem
766 304 827 358 (ut
847 309 1150 345 essetaccusativ
1154 320 1197 343 us
1207 307 1403 343 absolutus
1412 321 1480 356 pro
1491 307 1686 360 genitivo)

249 382 408 408 κυκιων
440 380 482 404 τε
512 365 565 402 717
567 360 675 415 ἦθός
706 363 760 409 εἷς
790 360 918 414 αἰτὴν
942 358 1182 412 καταπτάιιε
1186 378 1267 401 νο).
1300 361 1402 399 Citat
1421 371 1546 401 autem
1564 364 1687 400 Athe-

248 437 368 462 naeus
388 423 490 459 hunc
510 422 636 457 locum
658 420 701 457 L.
720 418 813 456 XII.
837 432 868 455 c.
898 420 966 459 ll.
991 418 1146 469 ΞΤΕΡῌ.
1182 415 1357 458 Κΰκνων
1379 434 1420 458 τε
1445 421 1497 457 717
1501 422 1608 471 ἦθος
1631 420 1687 466 εἷς

246 477 379 531 αὐτὴν
402 471 765 541 natantapce'vovgi
785 474 948 512 Retineo
971 482 1147 523 quartum
1168 488 1309 521 casum,
1329 488 1353 512 a
1374 477 1528 524 scriptis
1550 477 1686 524 proha-

248 543 332 579 tum
357 535 487 580 libris,
519 535 592 571 cui
618 534 768 569 numeri
798 533 1026 582 generisque
1054 532 1250 582 enallage,-
1280 535 1326 568 ut
1353 534 1395 568 in
1425 533 1687 580 superioribus

246 591 451 629 ostendere
473 590 643 636 memini,
659 587 765 625 -nihil
787 588 952 625 nocebit.
968 586 1181 638 ..Defungar
1200 601 1286 624 cum
1304 591 1470 625 maxime
1491 589 1619 626 verbis
1639 600 1689 625 ex

244 647 289 686 L.
312 647 421 685 XIV.
447 648 519 687 78.
557 646 641 684 τοῦ
663 645 716 682 π)
720 639 854 695 ήθους
884 642 1175 695 συντρέχοντος
1208 665 1256 670 -
1286 643 1353 682 καὶ
1382 642 1480 690 τοὺς
1506 641 1690 695 μισθοὺς

244 699 493 757 πικοότερον
521 695 817 741 ἀπαιτούντων.
873 699 952 737 Iam
981 699 1083 748 quod
1109 698 1409 748 Rhodomannus
1444 700 1499 747 εἰς
1527 697 1688 752 τοοφὴν

245 761 427 811 praefert,
460 758 612 795 tametsi
631 755 701 793 hae
721 770 746 793 v
750 769 836 793 oees
858 768 1130 805 saepenumero
1149 763 1418 793 conmutentur
1446 764 1484 793 et
1503 755 1544 793 hi
1563 758 1688 805 pisces

245 816 302 863 εἷς
320 813 396 861 τὰς
417 812 627 866 δημοσίας
640 807 839 857 ἑστιάσεις
859 813 1018 849 insumti
1040 811 1313 860 perhibeantur
1331 811 1372 847 L.
1392 812 1505 850 XIII.
1521 815 1611 858 82.
1629 813 1688 849 fa-

243 880 347 909 ctum
369 873 522 911 nollem.
545 869 762 920 Iunguntur
779 865 916 921 τρυφὴ
943 867 1012 907 καὶ
1033 861 1139 906 ἀπό)
1143 882 1261 913 αυσις
1288 867 1388 904 haud
1418 881 1518 905 raro.
1560 868 1626 905 Sic
1648 868 1690 904 L.

239 927 314 967 XI.
340 929 412 967 57.
445 922 551 976 ποὸς
573 898 802 964 ἀηὸόλαυσιν
832 923 901 962 καὶ
931 920 1095 977 τρυφὴν
1122 918 1399 974 ἁρμόζουσαν.
1438 923 1490 960 Et
1510 924 1552 961 L.
1572 922 1688 963 XIX.

242 987 319 1026 22.
343 980 395 1022 τὰ
423 980 528 1033 πρὸς
556 978 719 1033 τουφὴν
739 975 1073 1019 καὶιάπόλαυσιν.
1107 978 1189 1016 Nec
1211 982 1305 1016 citat
1324 981 1435 1016 aliter
1456 979 1688 1025 Athenaeus,

242 1043 353 1079 cuius
369 1041 411 1076 in
431 1037 491 1075 his
512 1037 774 1074 describendis
794 1043 948 1087 peccata
971 1039 1033 1073 vir
1053 1049 1215 1086 magnus
1239 1035 1420 1073 animadv
1410 1039 1526 1073 ertit.
1554 1035 1688 1072 IVESS.

332 1095 463 1135 ,423.
499 1094 572 1135 69.
610 1089 700 1144 Τὴν
728 1092 774 1132 δὲ
800 1089 944 1146 χώοαν
963 1089 1131 1131 ἅπασαν
1153 1089 1319 1144 ἀγαθὴν
1340 1085 1497 1143 οἶσαν]
1528 1092 1625 1130 Vide
1644 1092 1688 1129 Ι..

240 1131 352 1197 ΧΙΙΙ.
377 1153 449 1191 81.
479 1150 614 1187 Wssss.

245 1247 247 1249 .
353 1208 462 1247 423.
478 1207 559 1246 73.
585 1201 673 1245 Διά
702 1201 749 1244 τὸ
780 1201 984 1257 μέγεθος]
1003 1204 1178 1242 ,Videtur
1204 1203 1410 1254 legendum
1430 1202 1504 1243 καὶ
1536 1199 1606 1242 διὰ
1625 1199 1689 1250 τὸ,

241 1265 307 1303 vel
326 1261 393 1302 διὰ
418 1261 462 1301 δὲ
482 1258 543 1301 τό.
575 1261 653 1298 Sed
670 1263 802 1298 malim
822 1260 890 1300 καὶ
910 1273 1023 1310 quam
1049 1259 1116 1308 δὲ,
1145 1261 1247 1311 quod
1266 1262 1520 1308 praecesserit
1537 1261 1614 1297 iam
1632 1257 1688 1299 δέ.

240 1320 401 1359 δΤΕΡΗ
420 1325 461 1355 et
480 1317 618 1355 RHon.

242 1417 245 1419 a
357 1375 462 1416 424
496 1376 569 1415 89.
603 1368 834 1423 Ἐποαξατο
857 1371 902 1412 δὲ
921 1388 1004 1426 παρ
1039 1369 1177 1411 αυτῶν
1195 1378 1266 1408 etc.
1276 1371 1296 1421 ]
1329 1347 1435 1408 Haec
1453 1372 1618 1408 fortasse
1638 1379 1688 1409 ex
1728 1394 1732 1399 -

245 1431 425 1479 Timaeo,
463 1433 529 1479 qui
552 1430 593 1466 L.
610 1428 716 1466 XIV.
748 1430 794 1466 de
818 1432 979 1479 pecunia
1001 1429 1070 1465 hac
1089 1431 1339 1474 memoravit,
1375 1429 1619 1464 monentibus
1639 1428 1688 1465 ad

240 1489 404 1527 Pindari
425 1486 606 1537 Pythion.
632 1485 831 1525 Od.11.3.
866 1484 1019 1522 Criticis
1032 1484 1220 1530 Graecis,
1242 1485 1472 1533 insuperque
1492 1496 1540 1520 ex
1559 1483 1688 1521 Theo-

241 1545 400 1596 phrasto
421 1543 670 1588 docentibus,
697 1543 799 1578 inter
816 1542 985 1579 foederis
1005 1541 1248 1578 conditiones
1267 1541 1410 1587 fuisse,
1434 1556 1492 1591 μη
1514 1537 1564 1578 ἀι
1568 1542 1687 1592 θρω-

241 1603 466 1646 ‘noth-vetit,
506 1601 532 1637 i.
556 1612 587 1635 e.
615 1611 663 1634 ne
686 1595 1024 1648 Carthaginienses
1043 1599 1289 1646 inposterum
1319 1595 1488 1633 Saturno
1515 1597 1687 1634 victimis

241 1656 420 1694 humanis
440 1657 632 1692 facerent:
664 1654 796 1702 quod*
785 1668 913 1703 lpsum
929 1652 1170 1690 aPIutar-cho
1190 1654 1307 1689 semel
1326 1655 1537 1702 iterumque
1557 1652 1686 1701 prodi-

243 1720 330 1750 tum'
356 1714 560 1749 memoriae
590 1717 649 1747 est
676 1717 715 1747 et
743 1709 1020 1760 Apophthegm.
1053 1722 1088 1757 p.
1114 1709 1213 1749 175.
1234 1709 1278 1746 A.
1313 1715 1351 1745 et
1378 1709 1424 1745 de
1451 1707 1538 1748 Ser.
1556 1709 1684 1746 >Num.

236 1769 427 1807 Vindicta
447 1782 482 1818 p.
508 1768 612 1807 552.
635 1766 680 1803 A.
703 1766 782 1803 Sed
800 1766 889 1803 vide
909 1767 1071 1803 inferius
1092 1765 1133 1802 L.
1153 1764 1251 1804 XX.
1283 1765 1353 1805 14.
1384 1765 1518 1802 Wrss.

234 1866 238 1870 ,
355 1826 462 1865 424.
498 1824 572 1863 94.
610 1824 674 1876 TI]
706 1821 865 1874 γυναικὶ
889 1825 962 1861 τοῦ
984 1820 1062 1861 Γέ)
1068 1836 1171 1867 ωνος
1187 1821 1365 1872 Λαμαρε
1360 1819 1441 1874 ’τη]
1480 1820 1689 1868 Theronis,

241 1881 585 1933 Agrigentinorum
603 1881 776 1929 tyranni,
806 1885 887 1915 erat
904 1879 996 1924 filia,
1026 1889 1122 1925 quae
1145 1877 1322 1925 deinceps
1341 1877 1539 1927 Polyzelo,
1571 1877 1687 1913 Gelo-

242 1940 307 1976 nis
334 1939 462 1984 fratri,
491 1935 682 1973 mandato
701 1935 878 1973 morituri
904 1936 1058 1971 iamiam
1088 1936 1217 1970 mariti
1236 1936 1409 1981 enupsit,
1444 1933 1688 1982 quemadmo-

244 1995 333 2031 dum
355 1993 565 2030 Timaeus
556 2005 597 2029 m
618 1991 748 2028 Schol.
767 1990 927 2027 Pindari
948 1990 1101 2039 Olymp.
1125 1989 1198 2026 Od.
1214 1989 1262 2026 11.
1284 1992 1321 2029 l.
1342 1991 1417 2028 29.
1443 1989 1565 2025 docet.
1588 1988 1685 2026 Dio-

236 2051 360 2088 -dorus
383 2046 639 2100 Λαμαρέτην
668 2053 784 2085 vocat
811 2044 1029 2083 Siculorum
1057 2045 1243 2092 dialecto,
1280 2047 1398 2082 ceteri
1416 2043 1705 2097 Ammpe'vm,

240 2120 357 2156 quaxn
388 2112 425 2142 et
462 2102 795 2143 ‹DIAIETIAA
823 2104 1001 2153 reginam
1026 2104 1068 2139 in
1088 2100 1429 2151 Syracusanorum
1459 2104 1586 2138 numis
1614 2102 1687 2138 ad-

234 2164 379 2213 pellari
397 2162 557 2198 coniicit
576 2159 631 2196 CI.
651 2158 740 2196 Hav
731 2171 940 2208 ercampus
959 2158 1169 2196 Introduct.
1194 2158 1242 2195 ad
1263 2159 1427 2195 Parutae
1448 2156 1545 2209 Reg.
1565 2156 1686 2209 Syra-

245 2232 324 2256 cus.
348 2230 385 2266 p.
410 2217 564 2262 1015.
582 2223 707 2252 motus
727 2217 983 2265 argumentis,
1012 2226 1108 2262 quae
1127 2214 1183 2251 ibi
1201 2216 1318 2265 leges.
1354 2214 1488 2251 WESS.

357 2274 464 2313 424.
497 2273 571 2312 99.
613 2273 749 2310 Τοῦτο
782 2269 815 2309 δ’
849 2274 953 2321 εἰγεν
973 2267 1162 2316 Ἀττικὰς
1197 2267 1386 2322 δραχμὰς
1416 2268 1539 2321 δέκα]
1579 2269 1686 2307 Haec

240 2331 358 2368 lectio
379 2329 480 2366 nihil
500 2328 615 2365 habet
639 2327 809 2374 absurdi,
833 2328 970 2365 fateor.
996 2326 1074 2363 Sed
1092 2326 1187 2363 mihi
1203 2328 1323 2363 multo
1341 2329 1464 2378 magis
1488 2326 1686 2373 arrideret,

243 2389 278 2424 si
296 2398 364 2435 pro
388 2381 491 2436 εἷχεν
510 2386 703 2435 legeretur
722 2379 780 2422 εἷ)
784 2399 883 2454 κενῖ
898 2385 1058 2421 minima
1079 2384 1291 2420 mutatione
1311 2390 1350 2419 et
1372 2383 1543 2420 dictione
1561 2385 1684 2433 magis

241 2443 409 2495 propria.
437 2441 567 2477 PMALM
611 2441 747 2479 Τοῦτο
769 2438 802 2478 δ’
839 2442 941 2490 εἶχεν
959 2436 1146 2485 Ἀττικὰς
1167 2436 1356 2491 δραχμὰς
1381 2437 1508 2488 δέκα]
1550 2438 1595 2475 In
1616 2438 1687 2475 hac

236 2501 435 2546 ¹scriptura
453 2499 495 2536 si
505 2497 605 2533 nihil
625 2499 727 2534 inest
745 2497 914 2544 absurdi,
943 2508 1012 2533 cur
1032 2494 1247 2532 mutemus?
1293 2494 1505 2544 Utrumque
1524 2495 1685 2532 verbum

243 2568 331 2592 cum
360 2554 405 2590 de
425 2553 592 2602 pondere
614 2555 763 2603 agitur,
791 2553 951 2602 probum
977 2558 1048 2590 est.
1087 2550 1185 2588 Nam
1209 2550 1251 2587 L.
1274 2551 1321 2588 11.
1344 2553 1387 2591 9.
1410 2552 1456 2588 de
1475 2557 1603 2587 statua
1622 2550 1682 2586 Ιο-

232 2613 327 2657 vis,
363 2606 557 2660 σταᾶμον
587 2606 631 2646 δ’)
666 2623 742 2658 ειχε
767 2608 912 2658 χιλιων
940 2603 1175 2654 ταλάντων,
1211 2614 1249 2644 et
1276 2608 1478 2654 Iunonis,
1488 2602 1682 2655 σταθμὸν

228 2663 336 2716 ,ἕχον
366 2661 467 2704 τα).
447 2679 579 2705 αντων
610 2661 891 2711 ὀκτακοσίῌυν
917 2671 994 2703 tum
1018 2670 1057 2704 te
1076 2670 1222 2700 cratere
1241 2663 1322 2701 on
1313 2677 1346 2699 1s
1375 2659 1432 2702 εἷ)
1437 2677 1478 2702 κε
1498 2658 1682 2700 τάλαντα

244 2717 498 2772 Βαβυλώνια
514 2720 627 2771 χι’)ια
646 2719 714 2759 καὶ
733 2715 936 2759 διακόσια.
965 2719 1044 2756 Sed
1063 2720 1103 2757 id
1123 2722 1276 2768 perleve
1302 2725 1373 2759 est.
1399 2718 1485 2757 Hoc
1503 2718 1684 2755 momenti
