1828 3253
440 183 501 222 ΙΝ
531 182 643 222 LIB.
674 182 718 221 V.
748 181 875 220 CAP.
905 185 1132 226 3o.--32.
1410 191 1500 232 431

60 297 145 336 τῶν
163 294 358 365 &qpt'wv’
342 297 483 337 ιῶνται
502 299 590 342 τοῖς
611 292 815 346 στόμασιν
835 293 875 336 ἕ)
880 310 1018 343 κοντες
1036 293 1114 345 ἰὸν,
1130 293 1236 338 αυτά
1253 313 1295 340 τε
1306 314 1358 340 τα
1370 300 1502 355 θηρία

62 353 361 408 κατεπαὸοντες
380 348 653 417 ἀμβλύνουσι
654 351 721 390 καὶ
743 353 925 419 κηλοῖνοι.
951 352 1000 389 W
1006 364 1029 389 r
1034 364 1091 392 ss

173 410 280 449 355.
304 410 378 450 67.
424 405 532 454 Τοὺς
561 405 602 446 δ’)
631 403 734 460 ὑπὲρ
761 404 916 459 ταίτης
944 411 1020 460 τῆς
1046 409 1247 477 Κελτικῆς
1275 411 1372 464 αα]
1413 412 1499 451 Hoc

61 466 404 515 postulabatseries
425 465 624 511 orationis,
651 466 765 501 sicuti
791 471 828 500 et
849 464 1028 516 καᾶιόρι
1023 462 1154 515 ’μὲιον
1160 479 1190 511 ς
1233 466 1372 505 Verum
1393 471 1498 508 ¹iliud

61 521 123 558 hic
143 534 226 558 sese
244 520 393 569 prodit,
413 522 669 567 maximopere
690 521 1081 557 animadvertendum.
1125 520 1258 559 Gallos
1279 525 1360 561 sive
1381 526 1498 563 Gala-

61 583 119 614 tas
141 589 272 614 omnes
292 589 356 613 eos
376 575 560 624 adpellari
579 576 766 623 adfirmat,
789 579 853 625 qui
877 589 899 613 a
917 575 1061 614 Celtica
1081 579 1120 614 in
1142 577 1341 628 Scythiam
1362 595 1497 619 versus

60 646 174 683 agros
204 639 338 670 arant.
384 630 576 669 Romanos
607 639 742 670 contra
771 646 816 670 ea
847 645 924 669 uno
947 632 1171 670 Galatarum
1196 636 1278 672 sive
1299 636 1498 677 Gallorum

61 691 213 726 nomine
234 701 365 725 omnes
385 691 440 726 cis
459 695 497 725 et
515 690 617 725 ultra
629 686 805 726 Rhenum
823 693 968 738 positas
989 701 1107 738 usque
1128 693 1168 728 in
1181 689 1424 744 Scythiam„
1404 707 1497 731 ‹ren-

59 752 116 782 tes
136 747 355 782 nominare·
346 772 356 792 ‚
375 757 536 794 quorum
554 751 730 781 neutrum
740 758 872 782 verum
886 752 955 783 cst.
976 742 1090 785 Γαλ’
1068 761 1170 793 ατας
1189 748 1244 784 cis
1260 746 1462 787 Rhenum
1454 763 1494 788 in

61 800 208 847 Gallia,
236 798 421 847 Κελτοὺς
449 807 555 837 trans
580 813 665 838 eum
688 803 730 837 in
753 800 953 851 Scythiam
970 814 1090 850 usque
1115 802 1254 840 Graeci
1276 806 1495 855 plerumque

58 857 259 894 vocabant.
287 855 471 894 Romanis
492 855 609 903 Galli,
640 859 706 905 qui
727 859 784 894 cis
807 865 845 894 et
863 860 1139 906 transalpinam
1165 859 1329 897 Galliam
1351 864 1495 900 incole-

58 911 172 959 bant,
211 914 277 961 qui
307 926 399 950 vero
426 915 527 950 ultra
556 911 733 950 Rhenum
763 913 940 965 agebant,
971 915 1165 952 Germani.
1205 917 1324 960 Quem
1343 919 1495 966 quidem

57 967 221 1006 Diodori
241 982 407 1005 errorem
430 970 617 1006 intactum
638 969 738 1006 haud
758 972 942 1007 transiliit
959 970 1026 1007 Ph.
1048 970 1263 1019 Cluverius,
1276 987 1361 1010 eum
1379 977 1497 1013 etiam

57 1023 138 1061 hae
147 1026 351 1062 verborum
372 1025 635 1062 emendatione
655 1029 820 1062 eximere
839 1034 1017 1064 conatus·
1056 1024 1112 1066 ἔτι
1136 1026 1180 1066 δὲ
1197 1027 1294 1076 τοὺς
1313 1028 1375 1068 37>
1398 1028 1496 1071 ‘cade

55 1082 138 1120 τῶν
159 1080 415 1147 Πυρηναίων
440 1078 550 1133 ὀριῦι
561 1108 572 1127 ,
609 1078 723 1133 παρά
745 1094 786 1121 τε
808 1097 879 1121 τοι
901 1080 1079 1121 ὠκεαιον
1104 1105 1151 1112 —-
1178 1104 1226 1111 ——·
1251 1085 1318 1123 καὶ
1338 1102 1419 1124 παι
1427 1102 1497 1134 τας

56 1134 152 1183 τοὺς
175 1131 267 1188 ἑξῆς
295 1135 411 1188 μέχρι
432 1140 506 1188 τῆς
530 1136 717 1183 Σκυθίας
737 1139 795 1176 Ixe
799 1136 921 1184 Ῑτοικς
940 1135 1200 1190 ονοιιάζοῑσι.
1224 1154 1321 1188 τοι-ς
1349 1140 1383 1181 δ’
1411 1139 1492 1183 ὑπὸ

55 1188 210 1244 ταύτης
230 1207 305 1244 της
327 1193 549 1244 Κελτικῆς,
590 1192 646 1239 εἷς
667 1191 717 1232 τὰ
740 1208 843 1245 προς
866 1191 986 1233 πότον
1005 1192 1176 1235 νεύοντα
1195 1195 1322 1249 μέρη,
1354 1196 1469 1238 Taz'
1447 1216 1496 1238 α·-

55 1262 132 1294 τας
149 1245 499 1300 προσαγορεύουσι
528 1248 611 1287 Lib.
634 1249 662 1288 l.
686 1249 733 1286 G.
755 1250 799 1286 A.
824 1263 857 1289 c.
886 1251 923 1290 1.
944 1263 979 1299 p.
1004 1253 1099 1299 89.;
1130 1264 1204 1300 quo
1220 1254 1332 1291 modo
1354 1256 1495 1304 prioris

57 1306 207 1353 culpam
237 1307 378 1342 erroris
401 1304 578 1355 effugiet,
609 1307 723 1342 alteri
743 1313 888 1353 tamen,
919 1313 1099 1355 tanquam
1126 1310 1230 1356 luto,
1255 1313 1493 1358 penitissime

54 1363 254 1398 inmersus.
310 1359 497 1408 Equidem
526 1362 739 1398 orationem
760 1370 906 1399 mutare
936 1375 1014 1399 non
1037 1367 1231 1412 sustineo,
1269 1371 1494 1414 praesertim

54 1418 121 1454 ubi
143 1419 275 1467 scripti
286 1415 404 1453 Codd.
425 1418 689 1465 intercedunt,
715 1425 754 1455 et
770 1418 965 1456 Diodorus
983 1433 1069 1456 cum
1089 1424 1227 1458 ceteris
1246 1422 1285 1458 id
1305 1436 1494 1461 conrnune

54 1472 189 1520 habet,
218 1480 261 1510 ut
278 1475 320 1511 in
341 1474 455 1511 rebus
473 1474 521 1511 ad
542 1475 851 1524 septemtrionem
871 1475 1047 1525 Europae
1065 1479 1185 1528 gestis
1207 1479 1366 1516 subinde
1389 1480 1495 1517 laba-

54 1536 128 1567 tur.
157 1529 293 1568 WEss

169 1586 273 1625 355.
307 1585 379 1625 75.
411 1582 480 1624 Ἕκ
510 1587 672 1638 γενετῆς
707 1581 879 1655 ὑπάρξει
911 1585 1063 1638 πολιὰ]
1107 1587 1272 1627 Inferius
1301 1588 1343 1627 L.
1369 1590 1492 1628 XV.ll

59 1641 161 1682 105
181 1638 278 1687 τοίς
298 1638 449 1691 ὄνυχας
471 1662 519 1669 ·—-
543 1639 585 1680 ἐκ
605 1645 767 1694 γενετῆς
789 1641 970 1690 αἰ-ξουσι.
1019 1643 1181 1682 Ioannes
1199 1646 1259 1682 Ει
1263 1660 1350 1698 ang.
1370 1660 1400 1682 c.
1425 1647 1495 1686 IX.

59 1701 97 1738 1.
126 1694 229 1736 εἶδεν
259 1689 484 1764 ἄνθρωπον
504 1696 662 1751 τυφλὸν
693 1697 735 1737 ἐκ
756 1702 928 1750 γεπςτΓς.
957 1699 1066 1739 Sext.
1088 1700 1271 1749 Empiric.
1295 1703 1336 1739 L.
1355 1703 1430 1740 Xl.
1449 1703 1492 1744 C.

55 1753 235 1792 Mathem.
258 1767 293 1803 p
320 1754 423 1793 733
458 1769 478 1792 ο
510 1752 552 1792 ἐκ
580 1757 742 1806 γενετῆς
771 1767 878 1808 mss)
870 1769 928 1801 ος
958 1755 1025 1794 καὶ
1046 1754 1199 1809 κωφός.
1242 1758 1372 1807 ltaque
1395 1763 1494 1798 male

54 1812 278 1861 negligitur.
335 1809 422 1846 Hoc
452 1811 557 1847 vult:
597 1823 801 1860 puerorum
822 1814 947 1848 crines
979 1812 1025 1848 ab
1048 1814 1140 1861 ipsis
1160 1815 1352 1854 natalibus
1376 1829 1492 1855 canos

54 1866 191 1912 videri,
219 1865 426 1903 flavescere
449 1865 639 1916 deinceps.
672 1866 768 1903 Vide
788 1869 961 1916 superius
983 1881 1013 1904 c.
1036 1871 1108 1908 28.
1143 1869 1273 1907 WESS.

167 1922 272 1962 355.
293 1923 365 1962 81.
403 1919 492 1974 Τὴν
512 1919 842 1974 ὀνομαζομένην
844 1921 954 1973 Ιριν]
988 1923 1116 1961 szer
1110 1927 1185 1962 wia
1207 1934 1276 1973 est,
1308 1930 1414 1964 cuius
1433 1930 1493 1966 in-

53 1980 157 2016 colas
188 1949 552 2032 ἀνθρωποφάγους
575 1980 666 2015 olim
687 1980 806 2016 fuisse
840 1978 989 2017 habitos
1026 1993 1074 2017 ex
1095 1980 1285 2019 Strabone
1306 1982 1347 2020 L.
1369 1984 1429 2021 lv.
1456 1997 1492 2034 p.

56 2036 160 2074 307.
181 2036 374 2072 novimus.
415 2034 489 2071 ld
479 2047 522 2070 ln
542 2035 705 2072 obscuro
723 2042 863 2082 manet,
895 2049 963 2072 cur
974 2033 1075 2088 Ῑριν
1098 2037 1284 2085 adpellet,
1313 2051 1408 2088 quae
1429 2054 1492 2078 ce-

53 2095 146 2128 teris
163 2087 312 2142 Ἰὲρνη,
341 2087 550 2156 Ἰουερνιά,
575 2088 713 2144 Ἰερνὶς
731 2091 808 2129 dici
828 2090 952 2129 solet²
987 2092 1032 2129 Si
1055 2092 1181 2131 Epion
1202 2097 1243 2131 in
1263 2099 1390 2146 gentis
1411 2110 1493 2134 ser-

53 2160 165 2185 mone
193 2149 244 2184 sit
274 2148 501 2196 terrigena,
530 2153 643 2197 atque
662 2149 790 2185 insula
808 2148 898 2185 inde
923 2161 1090 2187 nomen
1081 2154 1292 2199 acceperit,
1324 2159 1367 2189 ut
1387 2152 1491 2191 Guil.

52 2202 196 2240 Baxter
221 2204 264 2240 in
291 2202 419 2240 Gloss.
448 2202 577 2254 Antiq.
606 2202 781 2241 Britann.
809 2204 1027 2255 pertendit,
1074 2204 1175 2243 haud
1196 2208 1338 2244 malum
1366 2209 1492 2247 videri

43 2256 145 2310 ’Ἰρις
165 2265 307 2307 posset.
351 2257 495 2297 Verum
513 2258 553 2296 id
574 2259 671 2296 mihi
690 2259 852 2297 necdum
874 2262 1113 2308 exploratum
1132 2269 1211 2310 est,
1243 2271 1281 2300 et
1301 2265 1335 2300 si
1356 2267 1491 2302 certis-

55 2317 192 2352 simum
211 2315 345 2361 foret,
359 2315 462 2352 unde
481 2317 562 2353 eius
581 2317 639 2352 rei
658 2318 798 2353 notitia
815 2317 864 2353 ad
886 2315 1098 2354 Diodorum
1120 2318 1391 2368 permanavit?
1418 2321 1492 2358 Ve-

51 2372 135 2408 rius
153 2372 280 2419 itaque
299 2370 536 2418 arbitrabor,
568 2372 798 2409 vocabulum
816 2371 889 2409 hoc
911 2385 958 2409 ex
979 2370 1115 2427 Ἰερνὶς
1136 2388 1218 2412 esse
1238 2378 1494 2427 progenitum,

54 2433 165 2477 atque
184 2426 274 2462 inde
292 2427 596 2466 instaurandum.
648 2428 784 2464 Wnss.
1468 2447 1470 2453 ι

168 2482 274 2521 355.
300 2483 371 2522 83.
406 2480 494 2534 Τὴν
517 2481 659 2522 Ἀσίαν
690 2479 857 2522 ἅπασαν
887 2481 1264 2539 καταδραμόντας]
1305 2486 1364 2524 De
1389 2487 1492 2526 Cim-

54 2539 259 2575 meriorum
286 2540 328 2574 in
357 2537 489 2576 Asiam
517 2541 729 2587 irruptione
757 2541 908 2591 legatur
936 2540 1156 2579 Herodotus
1185 2542 1228 2581 L.
1255 2542 1283 2579 I.
1317 2543 1388 2584 15.
1418 2552 1490 2581 etc.

55 2594 113 2631 De
135 2594 334 2631 Gallorum
353 2607 447 2631 vero
464 2596 776 2643 expeditionibus
805 2598 847 2632 in
869 2596 1090 2645 Graeciam,
1131 2598 1280 2635 Italiam
1303 2607 1340 2636 et
1361 2600 1491 2638 Asiam

55 2651 191 2688 lustin.
206 2648 351 2686 XXIV.
367 2651 404 2689 5.
427 2650 608 2688 Memnon
629 2651 674 2688 de
695 2651 787 2688 Reb.
810 2651 1088 2690 Heracleoticis
1115 2666 1196 2704 cap.
1218 2656 1294 2694 20.
1322 2656 1487 2695 Pausan.

56 2706 98 2744 L.
117 2706 169 2743 X.
193 2707 265 2746 19.
287 2705 420 2743 Livius
441 2705 483 2743 L.
505 2707 550 2744 V.
571 2708 643 2747 33.
667 2708 751 2746 V11.
775 2709 817 2747 9.
843 2707 977 2745 Ruon.

169 2762 275 2802 355.
309 2762 380 2802 85
416 2759 491 2801 Ἐν
520 2764 570 2816 τῇ
594 2764 677 2802 τῶν
701 2762 964 2814 καὶουμένων
985 2763 1187 2817 Κίμβρων
1207 2779 1367 2818 προση)
1370 2765 1491 2821 οριά]

58 2817 124 2855 Sic
143 2818 375 2856 Posidonius
401 2819 442 2856 in
473 2817 651 2857 strabon
683 2819 724 2857 L.
746 2820 828 2857 Vll.
849 2833 885 2870 p.
908 2821 1014 2861 450.
1034 2820 1075 2858 C.
1106 2829 1144 2858 et
1171 2823 1239 2859 alii
1268 2822 1367 2872 apud
1399 2823 1491 2860 Plu-
