1828 3253
402 225 469 265 IN
495 224 741 265 LlB.Xll.
770 223 896 265 CAP.
926 227 1151 268 68.—7o.
1430 226 1522 268 617

82 351 175 389 agro
203 340 374 387 ipsisque
399 338 495 376 adeo
511 337 690 376 Boeotiae
709 337 852 376 finibus
880 336 1098 388 Thucydid.
1120 337 1182 376 lv.
1208 340 1281 379 76.
1320 337 1460 377 Strabo
1480 338 1524 377 L.

82 395 153 432 lx.
174 409 210 445 p.
224 397 329 436 618.
351 395 396 432 Α.
431 394 595 432 Pausan.
616 393 658 431 L.
681 393 753 433 lX.
776 396 851 435 20.
882 394 1081 432 Praeclare
1102 394 1236 432 Livius
1257 394 1432 432 XXXV.
1448 397 1521 436 51.

89 451 286 503 Templum
318 457 380 489 est
395 450 589 502 Apollinis
616 449 796 498 Delium,
826 452 1017 489 inminens
1044 453 1174 488 mari:
1203 454 1372 503 quinque
1395 453 1523 490 millia

76 521 266 559 passuum
287 521 313 545 a
336 506 529 557 Tanagra
554 506 677 544 abest.
716 507 804 544 Alia
826 508 902 545 viri
923 507 1026 545 docti
1048 507 1097 545 ad
1118 506 1267 545 Aelian.
1305 507 1396 548 var.
1421 507 1521 546 Hist.

83 563 126 601 L.
148 563 214 601 111.
241 565 310 604 17.
337 563 475 601 Wnss.

106 624 108 626 '
197 620 300 660 526.
331 620 406 660 48.
451 613 679 664 Παντόδας
710 615 754 657 δὲ
783 612 804 658 ὃ
833 620 916 657 τῶν
948 618 1147 658 Βοιωτῶν
1174 614 1277 670 ἔβςων
1295 618 1395 669 etc.]
1439 620 1527 658 Viri

84 687 222 712 nomen
240 688 289 712 ex
310 676 461 723 scriptis
471 673 604 722 Codd.,
628 675 788 711 etsinon
812 677 967 713 omnino
986 688 1134 722 verum,
1146 677 1341 713 revocavi.
1369 677 1526 716 HAN-

87 731 298 771 TOAAE
325 733 478 781 propius
507 731 615 767 abest
644 743 668 767 a
696 729 1062 778 ΠΑΓΩΝΛΑΣ,
1091 744 1165 781 quo
1195 730 1257 769 hic
1289 730 1526 770 Boeotarcha

82 787 358 835 adpellabatur.
385 786 507 836 Atque
533 788 586 824 ita
605 787 896 824 instaurandum
916 787 954 824 id
973 789 1139 824 nominis
1162 801 1268 835 esse,
1296 796 1528 826 monuerunt

83 842 138 880 lo.
170 841 361 880 Meursius
380 842 485 881 Lect.
509 842 628 879 Attic.
651 841 716 879 lll.
736 843 809 882 23.
840 849 878 882 et
904 842 1055 895 loseph.
1077 843 1215 883 WVasse
1243 846 1285 884 in
1304 843 1525 896 Thucydid.

83 897 150 938 lV.
174 900 249 939 91.
277 900 353 937 viri
373 899 595 938 doctissimi.
634 898 683 937 W
687 908 767 938 Ess.

199 956 303 995 526.
334 956 405 994 55.
421 952 582 1008 ”Αφνω
602 952 680 1007 γὰρ
701 954 768 993 καὶ
790 949 1022 1005 συντόμως]
1047 954 1286 994 Praeferrem
1307 952 1526 1004 συντόνως·

83 1021 177 1058 quas
195 1024 310 1049 voces
330 1013 552 1059 permisceri
571 1011 739 1050 diximus
757 1012 865 1048 alias.
892 1007 977 1049 Σῦν
980 1025 1107 1062 τομος
1127 1007 1226 1058 ὁδὸς
1253 1019 1311 1050 est
1329 1015 1415 1050 viae
1436 1027 1531 1051 con-

83 1066 287 1116 pendium,
311 1067 416 1104 utI.
439 1067 488 1107 11.
514 1068 584 1106 13.
614 1073 651 1103 et
676 1066 729 1103 10.
752 1065 1052 1106 StobaeiSerm.
1071 1066 1210 1105 CXVI.
1238 1082 1275 1120 p.
1300 1070 1404 1110 597.
1443 1071 1527 1114 Quo

83 1125 117 1160 si
146 1122 399 1161 Athenienses
433 1135 657 1174 properasse
687 1124 880 1171 opinaris,
921 1125 1117 1171 acquiesce
1139 1126 1180 1162 in
1203 1127 1377 1176 vulgato.
1432 1125 1530 1165 Mihi

82 1180 268 1226 alterum,
297 1181 359 1216 cui
378 1192 457 1216 non
480 1179 666 1217 dissimile
681 1179 846 1228 Appiani
868 1176 1076 1226 συντόνως
1095 1180 1276 1230 βαδίζειν
1295 1183 1336 1219 in
1358 1181 1530 1221 Mithrid.

83 1247 121 1284 p.
149 1236 281 1284 410„
313 1235 518 1274 blanditur.
569 1234 627 1271 De
647 1234 877 1273 Boeotorum
904 1238 1025 1287 copiis
1045 1242 1083 1274 et
1101 1235 1394 1278 Atheniensium
1415 1239 1530 1278 turba

85 1289 333 1343 'lhucydides
357 1290 419 1328 IV.
442 1292 516 1331 93.
554 1291 689 1328 Wssss.

199 1348 302 1387 527.
333 1348 408 1387 63.
459 1342 640 1397 Ἡνίοχοι
669 1361 737 1385 και
768 1342 1010 1412 παραβάται
1039 1343 1315 1402 καλούμενοι]
1368 1348 1532 1388 Videtur

82 1403 174 1440 libri
202 1402 365 1441 Clarom.
395 1404 559 1453 scriptor
589 1415 634 1440 ea
661 1403 781 1439 fuisse
812 1403 1016 1451 opinione,
1045 1417 1069 1440 a
1097 1417 1170 1455 qua
1193 1417 1269 1443 non
1293 1406 1461 1444 alienum
1490 1420 1530 1444 se

82 1458 283 1509 profitetur
300 1458 475 1497 Eustath.
500 1461 541 1497 in
559 1458 714 1496 Homer.
738 1459 840 1498 557.
833 1486 863 1506 .,
891 1454 1058 1510 ἡνίοχον
1087 1468 1124 1497 et
1144 1457 1394 1513 παραβάτην
1422 1476 1532 1513 saepe

82 1515 184 1553 nihil
202 1515 450 1565 discrepasse.
479 1514 629 1563 Sequor
652 1513 909 1584 Porphyrium
930 1516 1085 1561 Quaest.
1109 1516 1266 1555 Homer.
1287 1520 1409 1567 princ.
1431 1515 1531 1572 ὅπερ

86 1570 131 1611 δὲ
156 1568 270 1624 παρὰ
297 1573 355 1624 τῷ
386 1572 564 1639 Ποιητῇ
579 1573 663 1609 τῶν
689 1569 766 1621 μὲν
801 1570 863 1609 ἐπι
888 1576 975 1617 τοῖς
1006 1568 1209 1625 ἅρμασιν,
1239 1571 1279 1612 οἷ
1303 1570 1533 1625 μαχόμενοι

84 1613 479 1674 HAPABATAI,
527 1642 564 1666 οι
605 1625 649 1665 δὲ
687 1624 765 1672 τὰς
802 1621 921 1677 ηνιάς
961 1624 1120 1678 ἔχοντες
1160 1630 1436 1670 ΗΝΙΟΧΟΙ
1462 1639 1533 1669 etc.

85 1683 289 1734 Pugnabat
312 1696 403 1734 ergo
439 1678 709 1736 παραβάτης,
749 1695 902 1722 currum
931 1684 1088 1734 regebat
1110 1680 1289 1737 ηνιόχος.
1337 1686 1381 1725 ld
1406 1687 1534 1725 firmat

86 1738 229 1778 Noster
253 1738 295 1775 L.
315 1738 360 1777 V.
380 1740 454 1778 29.
488 1752 573 1776 cum
598 1738 643 1775 de
665 1738 788 1775 Gallis
808 1751 856 1776 ex
876 1740 1020 1777 essedis
1041 1740 1326 1789 dimicantibus,
1346 1746 1532 1811 χρῶνται

88 1794 320 1847 συνωρισιν,
345 1796 484 1846 inquit,
511 1792 675 1845 ἔχοντος
693 1796 766 1834 τοῦ
791 1791 978 1862 ἅρματος
998 1790 1164 1862 ἡνιοχον
1184 1797 1252 1836 καὶ
1272 1795 1534 1866 παραβάτην.

86 1851 138 1890 Et
161 1850 203 1888 L.
224 1849 321 1887 XX.
342 1852 416 1892 42.
449 1851 515 1888 ubi
539 1849 720 1898 Ophellas
741 1848 888 1889 ducit‘
873 1848 1041 1904 α’ρματα
1069 1848 1239 1901 ἑκατὸν,
1268 1849 1460 1906 ἡνιόχοις
1489 1854 1534 1895 δὲ

87 1923 155 1946 και
176 1902 424 1959 παραβατας
442 1908 494 1946 π)
499 1905 603 1974 ειόυς
622 1909 707 1946 τῶν
729 1907 986 1958 τριακοσίων.
1016 1906 1158 1946 Strabo
1177 1908 1219 1947 L.
1232 1909 1320 1949 XV.
1340 1923 1376 1978 p.
1400 1912 1535 1952 1035.

85 1959 162 2003 δύο
195 1960 236 2002 δ’
276 1961 375 2001 εἰσὶν
406 1961 469 2001 ἐπι
488 1977 546 2016 τῳ
575 1959 728 2014 ἅρματι
761 1959 1023 2015 παραβάται,
1049 1961 1154 2015 πρὸς
1179 1968 1237 2005 τῶ
1263 1961 1428 2022 ηνιόχιι.)
1467 1967 1535 2007 Sic

87 2022 191 2057 enim
211 2020 296 2069 lego
318 2031 367 2055 ex
386 2019 538 2068 scriptis
561 2016 683 2057 libris.
724 2017 835 2056 Cete1
839 2032 900 2056 um
923 2016 1202 2071 παραιβάται,
1228 2023 1329 2071 quod
1352 2024 1393 2060 in
1419 2024 1534 2062 editis

89 2075 414 2125 conspiciebatur,
443 2077 609 2112 mutavi:
642 2079 837 2125 poetarum
857 2082 936 2121 est,
964 2083 1002 2112 et
1022 2089 1108 2113 cuin
1127 2079 1249 2115 altero
1269 2082 1535 2129 permiscetur,

89 2130 265 2170 sicutiL.
285 2130 379 2169 XX.
401 2132 477 2171 42.
508 2138 620 2180 atque
639 2131 738 2180 apud
756 2131 933 2181 Apollon.
955 2130 1079 2168 Rhod.
1099 2132 1127 2169 I.
1154 2135 1257 2174 754.
1286 2135 1419 2173 Wssss.

105 2209 116 2213 κ
208 2188 314 2227 527.
349 2187 423 2228 79
458 2184 579 2241 Πρὸς
607 2184 684 2240 τὴν
711 2183 931 2228 θάλατταν
960 2186 1189 2245 διέτειναν]
1223 2189 1320 2230 Dixi
1341 2192 1390 2230 ad
1408 2192 1451 2232 L.
1470 2192 1535 2231 IV.

92 2244 167 2285 57.
196 2243 333 2282 Wsss.

207 2300 311 2338 527.
344 2300 417 2339 82.
461 2295 524 2339 Οὗ
545 2297 708 2346 πλείους
728 2300 811 2339 τῶν
833 2298 1142 2368 πεντακοσίων]
1169 2300 1246 2341 Cur
1260 2302 1339 2341 hoo
1355 2307 1538 2344 restitue-

92 2356 187 2402 rim,
211 2353 458 2405 Thucydides
488 2355 673 2392 indicabit
704 2354 746 2394 L.
780 2354 844 2392 lV.
881 2357 981 2395 101.
1023 2353 1236 2397 απέθανον
1269 2358 1315 2399 δὲ
1337 2360 1536 2401 Βοιωτῶν

91 2409 167 2462 μὲν
197 2408 238 2448 ἐν
265 2412 316 2477 τῇ
349 2406 461 2464 μάχῃ
483 2408 605 2466 ὀλίγῳ
636 2407 835 2457 ἐλάσσους
861 2412 1163 2462 πεντακοσιᾞων
1194 2411 1318 2467 Ἀθη
1322 2416 1448 2456 ναίων
1479 2416 1538 2465 dt),

94 2464 217 2519 ὀλίγα)
240 2463 308 2504 ἒ>’
286 2480 439 2512 ασσους
450 2453 606 2517 χιλίων.
649 2467 773 2517 Atque
794 2467 886 2504 haec
905 2475 963 2504 est
983 2469 1144 2507 celebris
1163 2468 1227 2509 ἐπὶ
1246 2471 1392 2527 Δηλιίυ
1410 2469 1538 2525 μάχη,

96 2535 170 2571 qua
189 2521 385 2560 Socratem
418 2528 572 2560 strenue
602 2536 792 2574 pugnasse
813 2530 851 2560 et
869 2522 1163 2572 Xenophontem
1185 2539 1381 2575 servasse,
1407 2528 1538 2566 Plato-

95 2591 186 2615 nem
205 2580 325 2614 secuti
346 2579 472 2626 plures
491 2579 705 2627 prodidere,
725 2579 1091 2630 neganteAthenaeo
1110 2581 1152 2619 L.
1172 2582 1217 2620 V.
1238 2584 1326 2629 15.,
1353 2587 1416 2622 cui
1434 2592 1538 2623 recte

96 2641 223 2671 tamen
245 2636 473 2682 rescripsere
493 2637 569 2672 viri
597 2635 808 2674 doctissimi
840 2636 890 2676 ls.
923 2634 1134 2676 Casaubon.
1162 2611 1367 2681 Animadv.
1396 2640 1440 2678 V.
1466 2642 1537 2682 15.

98 2697 136 2727 et
153 2689 231 2726 Leo
251 2688 415 2727 Allatius
444 2689 491 2726 ad
511 2689 632 2739 Epist.
653 2691 681 2728 1.
704 2690 890 2729 Socratis.
922 2691 1060 2730 WEss.

213 2747 316 2785 527.
347 2746 421 2785 92
464 2743 553 2797 Την
584 2749 666 2786 τῶν
685 2746 855 2798 Δηλίων
877 2744 1127 2801 πανηγυριν]
1169 2746 1282 2788 Haud
1303 2751 1433 2798 aliam,
1461 2754 1539 2790 nisi

99 2801 197 2849 quod
219 2815 241 2838 a
259 2800 414 2839 Boeotis
440 2802 714 2850 celebraretur,
752 2803 850 2840 hanc
868 2806 1081 2855 panegyrin
1099 2806 1219 2844 fuisse
1242 2814 1373 2844 censet
1394 2808 1537 2846 lllustr.

100 2856 303 2894 Snnnhem.
338 2857 384 2893 ad
413 2855 559 2893 Callim.
591 2857 638 2893 Η.
663 2857 748 2897 Del.
781 2872 819 2897 ν.
849 2861 888 2898 1.
921 2873 955 2909 p.
980 2861 1085 2901 318
1120 2869 1233 2910 atque
1267 2864 1396 2910 illam,
1426 2876 1540 2913 quam
