1828 3253
274 185 363 223 768
734 181 1252 222 ANNOTATIONES

272 294 493 332 cordiorem
513 293 594 329 sive
628 292 836 331 elatiorem
859 306 942 331 esse
959 294 1126 342 factum,
1155 298 1194 332 et
1216 299 1415 345 propterea
1444 295 1719 346 oppugnationi

273 357 540 400 opportunum.
567 347 702 387 Wssss.

387 406 492 446 690
522 404 594 443 34
635 403 707 450 Εἷς
727 400 778 444 τὰ
800 401 915 458 ἒῃὺς
934 405 1017 445 τῶν
1039 404 1280 472 φρουρίων]
1320 405 1537 456 Stephanus
1558 408 1610 443 ita
1633 415 1717 443 cor-

272 468 437 501 rexerat.
477 458 561 511 Ego
583 473 674 497 vero
705 469 811 499 Suam
833 463 874 499 in
895 457 1024 499 sedem
1050 464 1254 510 revocavi,
1279 462 1429 500 iubenti
1450 465 1634 499 sermonis
1659 465 1717 499 in·-

272 521 388 571 genio
414 517 629 554 obsecutus.
657 514 790 553 WEss.

389 574 494 613 690
516 573 590 611 4’.
636 570 746 619 Τους
765 588 814 626 τη
820 589 840 612 ν
856 568 1077 613 ’Έντελλαν
1100 573 1395 621 κατοικουνῒας
1416 581 1488 614 ete.
1501 572 1518 621 ]
1561 568 1620 611 De
1640 572 1718 611 illis

277 632 450 679 superius
475 638 508 667 c.
528 630 569 668 9.
599 628 733 666 XVESS.

390 686 495 726 691
533 684 589 724 4
570 696 607 723 .).
664 679 723 724 'lo
755 685 838 724 τῶν
860 675 1068 737 Εὶληνων
1104 680 1218 724 zimel
1257 688 1334 725 '7107
1326 680 1450 737 §mov
1470 690 1541 723 etc.
1551 683 1569 738 ]
1619 682 1720 722 Puto

278 741 409 779 deesse
442 751 580 777 nomen
614 737 737 786 ἕνθιος
765 742 829 778 vel
857 739 972 808 γέιος
1000 748 1085 791 post
1108 735 1326 793 Εὶὶὴιων.
1357 743 1512 780 STEPH

390 798 495 838 691
519 797 589 836 55
623 792 862 843 Ποὶύξενον
881 792 952 836 τὸν
972 794 1195 849 κηδεστὴν]
1227 798 1414 836 Socerum
1436 809 1504 835 suo
1525 798 1598 835 sibi
1616 806 1719 833 more

276 851 578 890 Rhodomannus
606 859 786 890 verterat.
825 851 988 890 Affinem
1020 854 1140 891 fuisse
1170 852 1351 904 Dionysii
1382 854 1512 891 docuit
1540 854 1584 893 Ι.
1610 852 1720 890 Xlll

279 911 353 951 96.
377 916 522 946 auctor.
554 907 603 945 W
608 919 688 944 Fss

390 967 494 1005 691
526 967 599 1005 68.
631 955 908 1015 Εἷσθεομεναι
925 958 1001 1016 μὲν
1019 958 1121 1013 υπὲρ
1147 960 1386 1016 τρισχιὶιας]
1413 960 1601 1014 Expunge
1622 962 1723 1014 τρὶς,

275 1028 314 1059 et
330 1029 415 1071 post
436 1035 635 1074 (μοουσαι
657 1019 700 1059 de*
719 1022 922 1068 interpone
941 1017 1210 1072 στρατιωτας.
1232 1020 1366 1057 RHOD.
1395 1017 1551 1067 Vereor,
1574 1026 1617 1056 ut
1639 1032 1723 1068 per-

276 1085 432 1115 sanatus
460 1090 503 1114 ea
533 1076 723 1113 medicina
750 1078 857 1114 locus
889 1076 952 1117 sit
997 1076 1097 1121 Quid
1122 1079 1223 1113 enim
1257 1073 1470 1128 εισθεομε)
1474 1092 1513 1114 αι
1537 1083 1575 1113 et
1610 1089 1722 1125 quam

275 1134 430 1171 tandem
459 1135 537 1170 vim
567 1131 740 1170 obtinet?
770 1132 802 1169 A
825 1129 912 1172 θέω
933 1136 965 1170 si
994 1135 1122 1180 venit,
1153 1135 1237 1182 quis
1268 1147 1311 1170 ea
1339 1134 1461 1170 forma
1493 1126 1720 1189 usurpavit?

276 1189 353 1227 Cur
382 1199 518 1240 porro,
575 1190 607 1225 si
646 1198 760 1236 supra
791 1186 896 1225 mille
932 1190 1078 1226 fuerint
1115 1199 1233 1226 naves
1273 1191 1493 1235 onerariae,
1538 1187 1721 1225 continuo

275 1246 450 1292 additur,
480 1247 521 1282 in
542 1246 763 1281 universum
784 1256 898 1295 prope
919 1245 992 1282 duo
1012 1242 1134 1282 millia
1150 1244 1293 1282 fuisse?
1335 1240 1430 1282 Mihi
1451 1244 1543 1281 haec
1564 1246 1722 1281 intrica-

275 1305 436 1340 tissima.
480 1300 639 1337 Diceres
670 1303 893 1349 scriptorem
925 1296 1020 1352 Reg.
1047 1304 1083 1341 l.
1113 1299 1204 1338 Cod.
1235 1312 1304 1338 suo
1326 1297 1595 1351 εῗσθεώμεναι
1617 1296 1721 1336 aliud

277 1365 492 1408 spectasse,
521 1357 635 1404 idque
655 1358 766 1394 nobis
786 1359 980 1403 innuisse,
1008 1368 1128 1395 naves
1149 1359 1367 1403 onerarias,
1395 1352 1483 1393 dum
1506 1359 1545 1393 in
1569 1363 1722 1406 portum

276 1417 400 1465 plenis
420 1420 623 1464 pergerent
641 1415 753 1460 velis,
777 1412 1032 1463 Syracusanis
1055 1423 1136 1449 esse
1157 1416 1260 1450 visas
1279 1424 1479 1449 numerum
1501 1414 1614 1449 trium
1635 1413 1721 1448 mila

275 1472 372 1508 lium
390 1470 593 1506 excedere:
623 1479 718 1517 quae
748 1466 897 1517 quidem
920 1470 1109 1506 sententia
1127 1466 1172 1506 ab
1205 1467 1276 1506 hoc
1303 1471 1387 1505 loeo
1416 1468 1542 1505 aliena
1564 1481 1641 1504 non
1660 1469 1720 1504 foa

274 1533 359 1573 ret,
391 1527 422 1563 si
441 1522 630 1562 sermonis
651 1525 800 1562 indoles
830 1532 1037 1574 pateretur.
1081 1525 1132 1561 At
1157 1527 1241 1573 quis
1270 1523 1519 1563 εἷσθεᾶσθαι
1547 1523 1723 1560 adhibuit

274 1585 373 1620 alius
396 1589 433 1618 et
452 1595 495 1618 ea
518 1576 826 1647 significatione?
853 1580 974 1618 Nemo
997 1580 1182 1628 profecto,
1202 1588 1385 1628 qnantum
1412 1580 1562 1629 quidem
1579 1582 1722 1616 rescire

275 1641 394 1688 potui.
442 1637 574 1684 ltaque
604 1636 702 1673 nihil
731 1640 860 1683 iuvat,
903 1636 1106 1685 haeretque
1140 1638 1325 1674 altissime
1353 1636 1509 1673 menda:
1551 1649 1646 1686 quae
1677 1641 1721 1672 ut

276 1697 468 1733 elueretur
488 1693 693 1730 meditanti
720 1694 841 1729 multa
871 1703 911 1729 se
943 1700 1079 1741 sponte
1104 1690 1368 1739 subiecerunt,
1390 1694 1512 1729 veluti
1531 1692 1585 1738 εἷς
1615 1687 1720 1730 θέαν

273 1750 350 1803 μὲν
377 1745 479 1801 ὑπὲρ
509 1749 665 1800 τρισχι)
670 1748 756 1795 lag,
792 1762 894 1799 quae
924 1751 1109 1814 speciem
1126 1751 1245 1786 trium
1284 1756 1325 1785 et
1355 1749 1526 1800 amplias
1557 1746 1720 1785 millium

265 1820 374 1860 prae
393 1818 435 1842 se
455 1805 534 1852 je)
538 1806 677 1842 ebant
701 1812 768 1842 aut
790 1802 1020 1855 εἶσὸεχομεν
1026 1821 1064 1843 αι
1089 1800 1190 1858 ὑπὲρ
1220 1804 1489 1857 τοισχιλιόυς,
1519 1819 1586 1858 φ
1555 1801 1721 1843 ἷοουσαι

274 1869 345 1900 etc.
375 1872 477 1913 quae
497 1863 651 1912 quidem
672 1872 844 1912 capaces
864 1868 984 1899 manc
1002 1868 1040 1898 tr
1044 1860 1121 1898 ium
1144 1868 1185 1898 et
1201 1862 1310 1899 ultra
1333 1859 1508 1908 millium,
1522 1861 1723 1907 fetebant

272 1927 423 1965 autem,
451 1925 489 1954 et
509 1919 621 1965 reliq.
662 1916 739 1954 Sed
759 1919 905 1965 placere
926 1930 1004 1954 non
1026 1924 1246 1967 potuerunt.
1278 1917 1423 1954 Desino
1444 1930 1548 1968 ergo,
1580 1924 1617 1954 et
1637 1919 1720 1967 pal-

271 1990 371 2014 mam
391 1975 478 2010 aliis
504 1975 692 2022 relinquo.
723 1973 771 2011 W
776 1984 855 2010 Ess.

385 2031 491 2070 691.
526 2032 597 2070 76.
636 2029 758 2069 Νεῶν
788 2028 832 2068 δὲ
854 2027 1027 2080 μακρῶν
1057 2022 1307 2081 διακοσίων]
1338 2026 1448 2073 'Quid
1468 2024 1561 2066 haee
1583 2025 1630 2066 ad
1652 2037 1720 2078 pe-

273 2087 438 2125 destrem
459 2084 698 2123 exercitum?
727 2086 780 2123 Ni
801 2086 918 2132 dieas,
937 2087 1073 2136 longas
1093 2084 1161 2122 has
1182 2098 1299 2122 naves
1320 2084 1433 2122 litora
1453 2083 1606 2135 legisse,
1627 2085 1716 2122 dum

272 2145 466 2181 exercitus
495 2141 710 2192 Syracusas
739 2149 936 2193 pergeret,
960 2148 1003 2178 ut
1024 2142 1227 2178 festinanti
1252 2139 1441 2189 praesidio
1472 2148 1592 2187 esset,
1620 2140 1718 2178 nihil

272 2202 442 2238 omnino.
480 2198 560 2235 lmo
589 2198 628 2236 id
645 2201 678 2235 si
708 2198 968 2248 pertenderiS,
993 2193 1156 2234 necdum
1176 2204 1391 2246 opportuna
1423 2207 1552 2234 eorum
1572 2200 1715 2235 mentio

272 2258 357 2293 erit.
388 2253 640 2291 Concesserat
656 2253 868 2304 Dionysius
892 2255 933 2290 in
952 2254 1097 2300 urbem,
1120 2261 1252 2302 portus
1272 2266 1294 2289 a
1312 2253 1523 2291 victoribus
1546 2259 1628 2290 erat
1647 2255 1728 2290 ob-i>

273 2319 463 2357 structuS,
491 2312 647 2357 classis,
677 2321 771 2358 quae
793 2308 1102 2356 inconmodaret,
1130 2311 1249 2348 nulla.
1295 2309 1353 2346 Ne
1376 2306 1500 2346 (licam
1519 2309 1625 2356 dolo,
1653 2312 1714 2346 vi-

271 2366 410 2405 dentur
430 2379 477 2402 ex
498 2367 757 2414 superioribus
777 2364 849 2403 huc
870 2365 1142 2416 conmigrasse
1175 2363 1308 2402 NVESS.

384 2422 489 2463 691
522 2423 593 2462 80.
628 2418 812 2473 Ἀπὲχον
846 2425 919 2473 τῆς
950 2419 1107 2468 πόλεως
1145 2418 1314 2460 σταδίο7
1308 2434 1339 2468 ς
1367 2413 1554 2467 δώδεκα]
1589 2416 1712 2469 Prope

272 2479 516 2530 Olympium,
547 2478 648 2515 lovis
675 2479 713 2515 id
746 2479 928 2526 templum
959 2484 1061 2524 erat,
1090 2480 1194 2515 mille
1229 2484 1266 2514 et
1293 2478 1515 2528 quingentis
1540 2479 1712 2525 passibus

271 2537 317 2573 ab
342 2536 455 2581 urbe,
486 2537 542 2571 uti
560 2534 695 2571 Livius
715 2532 756 2571 L.
776 2532 923 2571 xxiv.
958 2533 1030 2573 33.
1051 2534 1180 2580 docet,
1209 2534 1376 2570 distans:
1405 2534 1505 2584 quod
1526 2535 1712 2571 interval-

270 2594 348 2629 lum
370 2591 466 2628 belle
486 2593 579 2627 satis
599 2598 660 2625 ΧΗ
683 2590 740 2627 his
759 2591 895 2627 stadiis
915 2592 1103 2640 congruit.
1136 2588 1269 2627 wass.

383 2648 487 2688 691.
510 2647 583 2686 95.
612 2645 696 2685 Καὶ
726 2644 822 2692 τοὺς
841 2644 940 2692 νεὼς
962 2650 1036 2697 τῆς
1056 2661 1098 2685 τε
1119 2641 1347 2697 Δήμητρος
1367 2643 1433 2684 καὶ
1455 2640 1598 2697 Κόρης
1619 2640 1710 2683 ἐσύ-

267 2706 416 2755 λησεν]
449 2701 571 2740 Erant
591 2704 631 2739 in
653 2715 697 2739 ea
718 2701 983 2752 Syracusanae
1003 2703 1108 2739 urbis
1128 2709 1248 2752 parte,
1282 2705 1344 2738 cui
1366 2702 1545 2751 Neapolis
1566 2715 1709 2752 cogno-

269 2773 377 2806 men,
407 2760 480 2797 duo
499 2758 640 2806 templa
657 2759 834 2809 egregia,
866 2757 1015 2795 Cereris
1036 2771 1175 2805 unum,
1203 2759 1364 2795 alterum
1387 2758 1568 2803 Liberae,
1599 2756 1706 2794 Cice-

267 2829 360 2854 rone
385 2815 426 2853 L.
448 2815 510 2854 lv.
539 2811 648 2854 Verr.
671 2827 703 2852 c.
726 2815 797 2854 53.
828 2821 995 2853 auctore.
1025 2813 1132 2852 Haec
1151 2815 1318 2865 intelligi
1336 2814 1527 2861 videntur,
1551 2820 1592 2850 ut
1611 2813 1704 2851 adeo
