<?xml version="1.0" encoding="UTF-8"?>
<!DOCTYPE html PUBLIC "-//W3C//DTD XHTML 1.0 Transitional//EN"
    "http://www.w3.org/TR/xhtml1/DTD/xhtml1-transitional.dtd">
<html xmlns="http://www.w3.org/1999/xhtml" xml:lang="en" lang="en">
 <head>
  <title>
</title>
<meta http-equiv="Content-Type" content="text/html;charset=utf-8" />
  <meta name='ocr-system' content='tesseract 3.04.00' />
  <meta name='ocr-capabilities' content='ocr_page ocr_carea ocr_par ocr_line ocrx_word'/>
</head>
<body>
  <div class='ocr_page' id='page_1' title='image "./bibliothecahisto04dioduoft_0732.png"; bbox 0 0 1828 3253; ppageno 0'>
   <div class='ocr_carea' id='block_1_1' title="bbox 284 164 1271 214">
    <p class='ocr_par' dir='ltr' id='par_1_1' title="bbox 284 164 1271 214">
     <span class='ocr_line' id='line_1_1' title="bbox 284 164 1271 214; baseline -0.009 -1"><span class='ocrx_word' id='word_1_1' title='bbox 284 172 378 214; x_wconf 80' lang='grc'><strong>698</strong></span> <span class='ocrx_word' id='word_1_2' title='bbox 750 164 1271 206; x_wconf 79' lang='lat' dir='ltr'><strong>ANNOTATIONES</strong></span> 
     </span>
    </p>
   </div>
   <div class='ocr_carea' id='block_1_2' title="bbox 284 277 1738 2806">
    <p class='ocr_par' dir='ltr' id='par_1_2' title="bbox 284 277 1731 782">
     <span class='ocr_line' id='line_1_2' title="bbox 284 277 1730 331; baseline -0.001 -11"><span class='ocrx_word' id='word_1_3' title='bbox 284 282 454 321; x_wconf 84' lang='lat' dir='ltr'><strong>hominis</strong></span> <span class='ocrx_word' id='word_1_4' title='bbox 490 280 657 318; x_wconf 86' lang='lat' dir='ltr'><strong>consilio</strong></span> <span class='ocrx_word' id='word_1_5' title='bbox 684 280 851 318; x_wconf 80' lang='lat' dir='ltr'><strong>alienum</strong></span> <span class='ocrx_word' id='word_1_6' title='bbox 879 284 973 317; x_wconf 87' lang='lat' dir='ltr'><strong>erat.</strong></span> <span class='ocrx_word' id='word_1_7' title='bbox 1010 277 1097 316; x_wconf 90' lang='lat' dir='ltr'><strong>Hoc</strong></span> <span class='ocrx_word' id='word_1_8' title='bbox 1115 291 1208 317; x_wconf 84' lang='lat' dir='ltr'><strong>vero</strong></span> <span class='ocrx_word' id='word_1_9' title='bbox 1232 278 1441 331; x_wconf 85' lang='lat' dir='ltr'><strong>significat,</strong></span> <span class='ocrx_word' id='word_1_10' title='bbox 1471 277 1730 318; x_wconf 77' lang='lat' dir='ltr'>Hamilcarem</span> 
     </span>
     <span class='ocr_line' id='line_1_3' title="bbox 285 335 1729 386; baseline -0.003 -9"><span class='ocrx_word' id='word_1_11' title='bbox 285 342 328 378; x_wconf 85' lang='lat' dir='ltr'><strong>in</strong></span> <span class='ocrx_word' id='word_1_12' title='bbox 352 340 474 376; x_wconf 86' lang='lat' dir='ltr'><strong>literis</strong></span> <span class='ocrx_word' id='word_1_13' title='bbox 493 340 689 385; x_wconf 83' lang='lat' dir='ltr'><strong>innuisse,</strong></span> <span class='ocrx_word' id='word_1_14' title='bbox 718 338 845 386; x_wconf 87' lang='lat' dir='ltr'><strong>plures</strong></span> <span class='ocrx_word' id='word_1_15' title='bbox 864 335 1076 383; x_wconf 83' lang='lat' dir='ltr'><strong>praefectos</strong></span> <span class='ocrx_word' id='word_1_16' title='bbox 1098 348 1180 372; x_wconf 90' lang='lat' dir='ltr'><strong>sese</strong></span> <span class='ocrx_word' id='word_1_17' title='bbox 1196 335 1368 384; x_wconf 87' lang='lat' dir='ltr'><strong>partibus</strong></span> <span class='ocrx_word' id='word_1_18' title='bbox 1391 337 1471 372; x_wconf 90' lang='lat' dir='ltr'><strong>suis</strong></span> <span class='ocrx_word' id='word_1_19' title='bbox 1490 337 1729 382; x_wconf 83' lang='lat' dir='ltr'><strong>conciliasse,</strong></span> 
     </span>
     <span class='ocr_line' id='line_1_4' title="bbox 286 392 1728 445; baseline -0.003 -13"><span class='ocrx_word' id='word_1_20' title='bbox 286 408 412 445; x_wconf 88' lang='lat' dir='ltr'><strong>neque</strong></span> <span class='ocrx_word' id='word_1_21' title='bbox 439 394 534 431; x_wconf 88' lang='lat' dir='ltr'><strong>adeo</strong></span> <span class='ocrx_word' id='word_1_22' title='bbox 563 393 699 430; x_wconf 88' lang='lat' dir='ltr'><strong>debere</strong></span> <span class='ocrx_word' id='word_1_23' title='bbox 728 393 941 438; x_wconf 81' lang='lat' dir='ltr'><strong>curiosius,</strong></span> <span class='ocrx_word' id='word_1_24' title='bbox 977 392 1009 427; x_wconf 90' lang='lat' dir='ltr'><strong>si</strong></span> <span class='ocrx_word' id='word_1_25' title='bbox 1029 394 1219 441; x_wconf 85' lang='lat' dir='ltr'><strong>particeps</strong></span> <span class='ocrx_word' id='word_1_26' title='bbox 1240 405 1322 428; x_wconf 89' lang='lat' dir='ltr'><strong>esse</strong></span> <span class='ocrx_word' id='word_1_27' title='bbox 1349 392 1472 438; x_wconf 80' lang='lat' dir='ltr'><strong>nolit,</strong></span> <span class='ocrx_word' id='word_1_28' title='bbox 1500 394 1542 428; x_wconf 93' lang='lat' dir='ltr'><strong>in</strong></span> <span class='ocrx_word' id='word_1_29' title='bbox 1565 405 1609 429; x_wconf 87' lang='lat' dir='ltr'><strong>ea</strong></span> <span class='ocrx_word' id='word_1_30' title='bbox 1632 404 1728 441; x_wconf 88' lang='lat' dir='ltr'><strong>quae</strong></span> 
     </span>
     <span class='ocr_line' id='line_1_5' title="bbox 286 446 1728 504; baseline -0.003 -16"><span class='ocrx_word' id='word_1_31' title='bbox 286 458 471 504; x_wconf 83' lang='lat' dir='ltr'>gerantur</span> <span class='ocrx_word' id='word_1_32' title='bbox 498 452 704 498; x_wconf 84' lang='lat' dir='ltr'><strong>inquirere.</strong></span> <span class='ocrx_word' id='word_1_33' title='bbox 745 447 863 484; x_wconf 86' lang='lat' dir='ltr'><strong>Usum</strong></span> <span class='ocrx_word' id='word_1_34' title='bbox 888 446 989 484; x_wconf 91' lang='lat' dir='ltr'><strong>hunc</strong></span> <span class='ocrx_word' id='word_1_35' title='bbox 1011 450 1118 485; x_wconf 84' lang='lat' dir='ltr'><strong>vocis</strong></span> <span class='ocrx_word' id='word_1_36' title='bbox 1137 447 1261 486; x_wconf 82' lang='grc' dir='ltr'><strong><em>πλείω</em></strong></span> <span class='ocrx_word' id='word_1_37' title='bbox 1281 448 1431 484; x_wconf 82' lang='lat' dir='ltr'><strong>abunde</strong></span> <span class='ocrx_word' id='word_1_38' title='bbox 1453 448 1728 485; x_wconf 82' lang='lat' dir='ltr'><strong>declaravimus</strong></span> 
     </span>
     <span class='ocr_line' id='line_1_6' title="bbox 287 500 1727 556; baseline -0.003 -10"><span class='ocrx_word' id='word_1_39' title='bbox 287 508 337 546; x_wconf 80' lang='lat' dir='ltr'><strong>ad</strong></span> <span class='ocrx_word' id='word_1_40' title='bbox 360 507 403 544; x_wconf 87' lang='lat' dir='ltr'><strong>L.</strong></span> <span class='ocrx_word' id='word_1_41' title='bbox 424 506 566 553; x_wconf 83' lang='lat'>1.92.,</span> <span class='ocrx_word' id='word_1_42' title='bbox 598 519 714 556; x_wconf 84' lang='lat' dir='ltr'><strong>quare</strong></span> <span class='ocrx_word' id='word_1_43' title='bbox 744 510 781 541; x_wconf 90' lang='lat' dir='ltr'><strong>et</strong></span> <span class='ocrx_word' id='word_1_44' title='bbox 810 500 989 549; x_wconf 74' lang='grc' dir='ltr'><strong><em>πολλοὺς</em></strong></span> <span class='ocrx_word' id='word_1_45' title='bbox 1017 504 1157 540; x_wconf 88' lang='lat' dir='ltr'><strong>Veneti</strong></span> <span class='ocrx_word' id='word_1_46' title='bbox 1179 518 1279 540; x_wconf 91' lang='lat' dir='ltr'><strong>nunc</strong></span> <span class='ocrx_word' id='word_1_47' title='bbox 1300 504 1451 554; x_wconf 89' lang='lat' dir='ltr'><strong>quidem</strong></span> <span class='ocrx_word' id='word_1_48' title='bbox 1472 504 1727 554; x_wconf 82' lang='lat' dir='ltr'><strong>repudiamuS.</strong></span> 
     </span>
     <span class='ocr_line' id='line_1_7' title="bbox 286 557 1731 615; baseline -0.004 -13"><span class='ocrx_word' id='word_1_49' title='bbox 286 564 429 602; x_wconf 69' lang='lat' dir='ltr'><strong>Wssss.</strong></span> <span class='ocrx_word' id='word_1_50' title='bbox 467 557 849 615; x_wconf 76' lang='grc' dir='ltr'><strong><em>Περιποιησόμενον</em></strong></span> <span class='ocrx_word' id='word_1_51' title='bbox 873 559 920 596; x_wconf 87' lang='lat' dir='ltr'><strong>ad</strong></span> <span class='ocrx_word' id='word_1_52' title='bbox 948 562 1197 608; x_wconf 84' lang='lat' dir='ltr'><strong>sententiam,</strong></span> <span class='ocrx_word' id='word_1_53' title='bbox 1228 572 1339 608; x_wconf 89' lang='lat' dir='ltr'><strong>quam</strong></span> <span class='ocrx_word' id='word_1_54' title='bbox 1358 561 1549 606; x_wconf 89' lang='lat' dir='ltr'><strong>indicavi,</strong></span> <span class='ocrx_word' id='word_1_55' title='bbox 1576 560 1731 597; x_wconf 87' lang='lat' dir='ltr'><strong>videtur</strong></span> 
     </span>
     <span class='ocr_line' id='line_1_8' title="bbox 288 615 1729 666; baseline -0.005 -8"><span class='ocrx_word' id='word_1_56' title='bbox 288 618 669 658; x_wconf 72' lang='lat' dir='ltr'><strong>conmodius.11›m1</strong></span> <span class='ocrx_word' id='word_1_57' title='bbox 692 619 733 654; x_wconf 88' lang='lat' dir='ltr'><strong>in</strong></span> <span class='ocrx_word' id='word_1_58' title='bbox 753 616 851 655; x_wconf 86' lang='lat' dir='ltr'>Add.</span> <span class='ocrx_word' id='word_1_59' title='bbox 892 615 1001 653; x_wconf 86' lang='lat' dir='ltr'><strong>Nihil</strong></span> <span class='ocrx_word' id='word_1_60' title='bbox 1022 630 1115 666; x_wconf 88' lang='lat' dir='ltr'><strong>opus</strong></span> <span class='ocrx_word' id='word_1_61' title='bbox 1136 630 1207 653; x_wconf 91' lang='lat' dir='ltr'><strong>nec</strong></span> <span class='ocrx_word' id='word_1_62' title='bbox 1224 616 1371 654; x_wconf 88' lang='lat' dir='ltr'><strong>Veneto</strong></span> <span class='ocrx_word' id='word_1_63' title='bbox 1403 624 1619 654; x_wconf 88' lang='lat' dir='ltr'><strong>correctore</strong></span> <span class='ocrx_word' id='word_1_64' title='bbox 1658 628 1729 652; x_wconf 91' lang='lat' dir='ltr'><strong>nec</strong></span> 
     </span>
     <span class='ocr_line' id='line_1_9' title="bbox 288 673 1731 721; baseline -0.005 -7"><span class='ocrx_word' id='word_1_65' title='bbox 288 678 441 714; x_wconf 76' lang='lat' dir='ltr'><strong>soloeco</strong></span> <span class='ocrx_word' id='word_1_66' title='bbox 460 678 534 712; x_wconf 89' lang='lat' dir='ltr'><strong>isto</strong></span> <span class='ocrx_word' id='word_1_67' title='bbox 546 673 668 714; x_wconf 82' lang='grc' dir='ltr'><strong><em>πλειω</em></strong></span> <span class='ocrx_word' id='word_1_68' title='bbox 681 673 742 710; x_wconf 89' lang='lat' dir='ltr'><strong>hic</strong></span> <span class='ocrx_word' id='word_1_69' title='bbox 763 675 796 710; x_wconf 90' lang='lat' dir='ltr'><strong>si</strong></span> <span class='ocrx_word' id='word_1_70' title='bbox 813 685 971 721; x_wconf 89' lang='lat' dir='ltr'><strong>usquam</strong></span> <span class='ocrx_word' id='word_1_71' title='bbox 991 675 1150 721; x_wconf 81' lang='lat' dir='ltr'><strong>pessime</strong></span> <span class='ocrx_word' id='word_1_72' title='bbox 1171 673 1355 710; x_wconf 85' lang='lat' dir='ltr'><strong>adhibito.</strong></span> <span class='ocrx_word' id='word_1_73' title='bbox 1373 673 1470 710; x_wconf 89' lang='lat' dir='ltr'><strong>Nam</strong></span> <span class='ocrx_word' id='word_1_74' title='bbox 1482 680 1652 721; x_wconf 89' lang='lat' dir='ltr'><strong>apertum</strong></span> <span class='ocrx_word' id='word_1_75' title='bbox 1671 677 1731 708; x_wconf 89' lang='lat' dir='ltr'><strong>est</strong></span> 
     </span>
     <span class='ocr_line' id='line_1_10' title="bbox 286 727 1704 797; baseline -0.002 -30"><span class='ocrx_word' id='word_1_76' title='bbox 286 733 414 773; x_wconf 69' lang='grc' dir='ltr'><strong><em>πλείω</em></strong></span> <span class='ocrx_word' id='word_1_77' title='bbox 437 731 515 768; x_wconf 86' lang='lat' dir='ltr'><strong>(lici</strong></span> <span class='ocrx_word' id='word_1_78' title='bbox 527 744 727 797; x_wconf 74' lang='grc' dir='ltr'><strong><em>χρηματα</em></strong></span> <span class='ocrx_word' id='word_1_79' title='bbox 747 727 884 775; x_wconf 79' lang='grc' dir='ltr'><strong><em>πλείω,</em></strong></span> <span class='ocrx_word' id='word_1_80' title='bbox 905 729 1042 778; x_wconf 86' lang='lat' dir='ltr'><strong>quibus</strong></span> <span class='ocrx_word' id='word_1_81' title='bbox 1060 731 1226 779; x_wconf 87' lang='lat' dir='ltr'><strong>acceptis</strong></span> <span class='ocrx_word' id='word_1_82' title='bbox 1246 731 1458 778; x_wconf 84' lang='lat' dir='ltr'><strong>quiesceret</strong></span> <span class='ocrx_word' id='word_1_83' title='bbox 1477 729 1704 779; x_wconf 85' lang='lat' dir='ltr'><strong>Dionysius.</strong></span> 
     </span>
    </p>

    <p class='ocr_par' dir='ltr' id='par_1_3' title="bbox 289 780 1728 883">
     <span class='ocr_line' id='line_1_11' title="bbox 402 780 1728 839; baseline -0.005 -10"><span class='ocrx_word' id='word_1_84' title='bbox 402 789 508 829; x_wconf 84' lang='lat'><strong>617-</strong></span> <span class='ocrx_word' id='word_1_85' title='bbox 542 789 615 828; x_wconf 82' lang='lat'>61.</span> <span class='ocrx_word' id='word_1_86' title='bbox 661 782 722 826; x_wconf 82' lang='grc' dir='ltr'><strong>Οὐ</strong></span> <span class='ocrx_word' id='word_1_87' title='bbox 751 782 830 839; x_wconf 77' lang='grc' dir='ltr'><strong>γὰρ</strong></span> <span class='ocrx_word' id='word_1_88' title='bbox 862 782 1051 824; x_wconf 77' lang='grc' dir='ltr'><em>ἀνεκτέον</em></span> <span class='ocrx_word' id='word_1_89' title='bbox 1083 782 1212 837; x_wconf 79' lang='grc' dir='ltr'><strong><em>ειναι]</em></strong></span> <span class='ocrx_word' id='word_1_90' title='bbox 1245 784 1445 823; x_wconf 79' lang='lat' dir='ltr'><strong>Rectius&#39;</strong></span> <span class='ocrx_word' id='word_1_91' title='bbox 1423 783 1591 826; x_wconf 85' lang='grc' dir='ltr'><strong><em>ανεκτὸν</em></strong></span> <span class='ocrx_word' id='word_1_92' title='bbox 1614 780 1728 824; x_wconf 77' lang='grc' dir='ltr'><strong>εἶναι.</strong></span> 
     </span>
     <span class='ocr_line' id='line_1_12' title="bbox 289 844 448 883; baseline -0.014 0"><span class='ocrx_word' id='word_1_93' title='bbox 289 844 448 883; x_wconf 70' lang='grc' dir='ltr'><strong>ΞΤΕΡΗ.</strong></span> 
     </span>
    </p>

    <p class='ocr_par' dir='ltr' id='par_1_4' title="bbox 286 891 1730 1061">
     <span class='ocr_line' id='line_1_13' title="bbox 402 891 1729 951; baseline -0.005 -11"><span class='ocrx_word' id='word_1_94' title='bbox 402 900 508 940; x_wconf 87' lang='grc'><strong>618</strong></span> <span class='ocrx_word' id='word_1_95' title='bbox 540 898 613 937; x_wconf 92' lang='grc'><strong>72.</strong></span> <span class='ocrx_word' id='word_1_96' title='bbox 648 891 789 951; x_wconf 75' lang='grc' dir='ltr'><strong><em>’Άχρις</em></strong></span> <span class='ocrx_word' id='word_1_97' title='bbox 818 893 868 936; x_wconf 73' lang='grc' dir='ltr'><strong>ἂν</strong></span> <span class='ocrx_word' id='word_1_98' title='bbox 902 894 941 936; x_wconf 79' lang='grc' dir='ltr'><strong>οἱ</strong></span> <span class='ocrx_word' id='word_1_99' title='bbox 972 895 1076 937; x_wconf 79' lang='grc' dir='ltr'><strong>πολ’</strong></span> <span class='ocrx_word' id='word_1_100' title='bbox 1041 912 1156 949; x_wconf 79' lang='grc' dir='ltr'><strong>.εμιοι</strong></span> <span class='ocrx_word' id='word_1_101' title='bbox 1185 902 1273 944; x_wconf 76' lang='grc' dir='ltr'><strong><em>τοῖς</em></strong></span> <span class='ocrx_word' id='word_1_102' title='bbox 1300 895 1470 948; x_wconf 78' lang='grc' dir='ltr'><strong><em>τείχεσιν</em></strong></span> <span class='ocrx_word' id='word_1_103' title='bbox 1497 895 1729 943; x_wconf 76' lang='grc' dir='ltr'><strong><em>ἓπισείωσι]</em></strong></span> 
     </span>
     <span class='ocr_line' id='line_1_14' title="bbox 286 948 1730 1010; baseline -0.005 -12"><span class='ocrx_word' id='word_1_104' title='bbox 286 954 446 1010; x_wconf 76' lang='grc' dir='ltr'><em>Κριούς</em></span> <span class='ocrx_word' id='word_1_105' title='bbox 474 961 540 992; x_wconf 83' lang='lat' dir='ltr'><strong>aut</strong></span> <span class='ocrx_word' id='word_1_106' title='bbox 569 948 760 1004; x_wconf 79' lang='grc' dir='ltr'><strong>πόλεμον.</strong></span> <span class='ocrx_word' id='word_1_107' title='bbox 800 953 946 1002; x_wconf 85' lang='lat' dir='ltr'><strong>loseph</strong></span> <span class='ocrx_word' id='word_1_108' title='bbox 965 954 1007 991; x_wconf 92' lang='lat' dir='ltr'><strong>L.</strong></span> <span class='ocrx_word' id='word_1_109' title='bbox 1030 954 1078 991; x_wconf 91' lang='lat' dir='ltr'><strong>ll.</strong></span> <span class='ocrx_word' id='word_1_110' title='bbox 1102 953 1146 994; x_wconf 87' lang='lat' dir='ltr'><strong>B.</strong></span> <span class='ocrx_word' id='word_1_111' title='bbox 1169 953 1198 991; x_wconf 92' lang='lat' dir='ltr'>l.</span> <span class='ocrx_word' id='word_1_112' title='bbox 1224 956 1295 995; x_wconf 92' lang='lat'><strong>17-</strong></span> <span class='ocrx_word' id='word_1_113' title='bbox 1317 956 1360 994; x_wconf 98' lang='grc'><strong>2.</strong></span> <span class='ocrx_word' id='word_1_114' title='bbox 1390 969 1457 992; x_wconf 86' lang='grc' dir='ltr'><strong>και</strong></span> <span class='ocrx_word' id='word_1_115' title='bbox 1488 955 1730 1005; x_wconf 78' lang='grc' dir='ltr'><strong><em>τηλικοῦτον</em></strong></span> 
     </span>
     <span class='ocr_line' id='line_1_15' title="bbox 287 1006 1104 1063; baseline -0.007 -11"><span class='ocrx_word' id='word_1_116' title='bbox 287 1012 473 1053; x_wconf 70' lang='grc' dir='ltr'><strong><em>ἐπισείειν</em></strong></span> <span class='ocrx_word' id='word_1_117' title='bbox 494 1011 543 1063; x_wconf 79' lang='grc' dir='ltr'><strong>τῆ</strong></span> <span class='ocrx_word' id='word_1_118' title='bbox 564 1009 730 1061; x_wconf 74' lang='grc' dir='ltr'><strong><em>πατρίδι</em></strong></span> <span class='ocrx_word' id='word_1_119' title='bbox 751 1006 942 1061; x_wconf 83' lang='grc' dir='ltr'><strong><em>πόλεμον</em></strong></span> <span class='ocrx_word' id='word_1_120' title='bbox 969 1009 1104 1048; x_wconf 84' lang='lat' dir='ltr'><strong>WEss.</strong></span> 
     </span>
    </p>

    <p class='ocr_par' dir='ltr' id='par_1_5' title="bbox 401 1063 1732 1119">
     <span class='ocr_line' id='line_1_16' title="bbox 401 1063 1732 1119; baseline -0.008 -10"><span class='ocrx_word' id='word_1_121' title='bbox 401 1071 506 1109; x_wconf 87' lang='grc'><strong>618-</strong></span> <span class='ocrx_word' id='word_1_122' title='bbox 531 1068 602 1105; x_wconf 90' lang='grc'><strong>77.</strong></span> <span class='ocrx_word' id='word_1_123' title='bbox 636 1065 724 1113; x_wconf 76' lang='grc' dir='ltr'><strong>Τὰς</strong></span> <span class='ocrx_word' id='word_1_124' title='bbox 743 1063 963 1119; x_wconf 78' lang='grc' dir='ltr'><strong><em>τριάκοντα</em></strong></span> <span class='ocrx_word' id='word_1_125' title='bbox 980 1063 1216 1119; x_wconf 76' lang='grc' dir='ltr'><strong><em>μυριάδας]</em></strong></span> <span class='ocrx_word' id='word_1_126' title='bbox 1244 1066 1330 1103; x_wconf 86' lang='lat' dir='ltr'><strong>Vid.</strong></span> <span class='ocrx_word' id='word_1_127' title='bbox 1348 1065 1391 1103; x_wconf 92' lang='lat' dir='ltr'><strong>L.</strong></span> <span class='ocrx_word' id='word_1_128' title='bbox 1411 1064 1482 1103; x_wconf 81' lang='lat' dir='ltr'><strong>XI.</strong></span> <span class='ocrx_word' id='word_1_129' title='bbox 1503 1067 1577 1105; x_wconf 86' lang='lat'><strong>22-</strong></span> <span class='ocrx_word' id='word_1_130' title='bbox 1595 1064 1732 1102; x_wconf 83' lang='lat' dir='ltr'>WESS.</span> 
     </span>
    </p>

    <p class='ocr_par' dir='ltr' id='par_1_6' title="bbox 286 1118 1734 1568">
     <span class='ocr_line' id='line_1_17' title="bbox 400 1118 1734 1176; baseline -0.007 -11"><span class='ocrx_word' id='word_1_131' title='bbox 400 1127 505 1165; x_wconf 88' lang='grc'><strong>618</strong></span> <span class='ocrx_word' id='word_1_132' title='bbox 529 1124 600 1163; x_wconf 85' lang='grc'><strong>89.</strong></span> <span class='ocrx_word' id='word_1_133' title='bbox 619 1119 776 1176; x_wconf 81' lang='grc' dir='ltr'><strong><em>Ωσπερ</em></strong></span> <span class='ocrx_word' id='word_1_134' title='bbox 800 1121 874 1162; x_wconf 79' lang='grc' dir='ltr'><strong>οὐκ</strong></span> <span class='ocrx_word' id='word_1_135' title='bbox 896 1121 1014 1162; x_wconf 81' lang='grc' dir='ltr'><strong><em>αὐτοὶ</em></strong></span> <span class='ocrx_word' id='word_1_136' title='bbox 1035 1126 1168 1162; x_wconf 75' lang='grc' dir='ltr'><strong><em>ταῦτα</em></strong></span> <span class='ocrx_word' id='word_1_137' title='bbox 1188 1118 1489 1174; x_wconf 71' lang='grc' dir='ltr'><strong><em>κεκιρωκότες]</em></strong></span> <span class='ocrx_word' id='word_1_138' title='bbox 1519 1121 1604 1158; x_wconf 86' lang='lat' dir='ltr'><strong>Hoc</strong></span> <span class='ocrx_word' id='word_1_139' title='bbox 1624 1134 1734 1171; x_wconf 88' lang='lat' dir='ltr'><strong>prae-</strong></span> 
     </span>
     <span class='ocr_line' id='line_1_18' title="bbox 286 1181 1734 1232; baseline -0.005 -12"><span class='ocrx_word' id='word_1_140' title='bbox 286 1183 360 1220; x_wconf 87' lang='lat' dir='ltr'><strong>tuli</strong></span> <span class='ocrx_word' id='word_1_141' title='bbox 382 1183 554 1232; x_wconf 71' lang='lat' dir='ltr'><strong>vulcrato,</strong></span> <span class='ocrx_word' id='word_1_142' title='bbox 565 1186 607 1215; x_wconf 88' lang='lat' dir='ltr'><strong>ut</strong></span> <span class='ocrx_word' id='word_1_143' title='bbox 627 1181 754 1227; x_wconf 89' lang='lat' dir='ltr'><strong>paullo</strong></span> <span class='ocrx_word' id='word_1_144' title='bbox 775 1181 927 1226; x_wconf 81' lang='lat' dir='ltr'><strong>cultius,</strong></span> <span class='ocrx_word' id='word_1_145' title='bbox 937 1186 1091 1229; x_wconf 89' lang='lat' dir='ltr'><strong>propter</strong></span> <span class='ocrx_word' id='word_1_146' title='bbox 1110 1181 1308 1216; x_wconf 85' lang='lat' dir='ltr'><strong>meliorum</strong></span> <span class='ocrx_word' id='word_1_147' title='bbox 1329 1181 1594 1215; x_wconf 90' lang='lat' dir='ltr'><strong>auctoritatem</strong></span> <span class='ocrx_word' id='word_1_148' title='bbox 1612 1190 1734 1214; x_wconf 89' lang='lat' dir='ltr'><strong>mem-</strong></span> 
     </span>
     <span class='ocr_line' id='line_1_19' title="bbox 287 1230 1731 1287; baseline -0.003 -11"><span class='ocrx_word' id='word_1_149' title='bbox 287 1239 504 1276; x_wconf 89' lang='lat' dir='ltr'><strong>branarum.</strong></span> <span class='ocrx_word' id='word_1_150' title='bbox 538 1237 648 1279; x_wconf 79' lang='lat' dir='ltr'><strong>Quod</strong></span> <span class='ocrx_word' id='word_1_151' title='bbox 677 1238 806 1273; x_wconf 87' lang='lat' dir='ltr'><strong>statim</strong></span> <span class='ocrx_word' id='word_1_152' title='bbox 828 1239 1097 1286; x_wconf 78' lang='lat' dir='ltr'><strong>consequitur,</strong></span> <span class='ocrx_word' id='word_1_153' title='bbox 1125 1250 1211 1281; x_wconf 85' lang='grc' dir='ltr'><strong><em>τοις</em></strong></span> <span class='ocrx_word' id='word_1_154' title='bbox 1237 1236 1448 1287; x_wconf 55' lang='lat' dir='ltr'><strong>Zoytopcofg</strong></span> <span class='ocrx_word' id='word_1_155' title='bbox 1480 1234 1536 1281; x_wconf 81' lang='grc' dir='ltr'><strong>εἰς</strong></span> <span class='ocrx_word' id='word_1_156' title='bbox 1558 1230 1731 1279; x_wconf 71' lang='grc' dir='ltr'><strong><em>ἑαυτοὺς</em></strong></span> 
     </span>
     <span class='ocr_line' id='line_1_20' title="bbox 287 1290 1732 1361; baseline -0.003 -28"><span class='ocrx_word' id='word_1_157' title='bbox 287 1290 519 1361; x_wconf 69' lang='grc' dir='ltr'><strong><em>ἐρχόμενοι,</em></strong></span> <span class='ocrx_word' id='word_1_158' title='bbox 558 1293 682 1330; x_wconf 88' lang='lat' dir='ltr'><strong>lucem</strong></span> <span class='ocrx_word' id='word_1_159' title='bbox 709 1292 887 1330; x_wconf 84' lang='lat' dir='ltr'><strong>adfundit</strong></span> <span class='ocrx_word' id='word_1_160' title='bbox 916 1293 1046 1330; x_wconf 90' lang='lat' dir='ltr'><strong>verbis</strong></span> <span class='ocrx_word' id='word_1_161' title='bbox 1076 1292 1118 1331; x_wconf 87' lang='lat' dir='ltr'>S.</span> <span class='ocrx_word' id='word_1_162' title='bbox 1150 1291 1276 1328; x_wconf 82' lang='lat' dir='ltr'><strong>Lucae</strong></span> <span class='ocrx_word' id='word_1_163' title='bbox 1306 1291 1455 1341; x_wconf 85' lang='lat' dir='ltr'><strong>Evang.</strong></span> <span class='ocrx_word' id='word_1_164' title='bbox 1487 1304 1519 1330; x_wconf 90' lang='lat' dir='ltr'><strong>c.</strong></span> <span class='ocrx_word' id='word_1_165' title='bbox 1542 1290 1632 1327; x_wconf 91' lang='lat' dir='ltr'><strong>XV.</strong></span> <span class='ocrx_word' id='word_1_166' title='bbox 1660 1291 1732 1330; x_wconf 85' lang='lat'><strong>17·</strong></span> 
     </span>
     <span class='ocr_line' id='line_1_21' title="bbox 290 1344 1732 1398; baseline -0.006 -7"><span class='ocrx_word' id='word_1_167' title='bbox 290 1352 347 1398; x_wconf 77' lang='grc' dir='ltr'><strong>εἷς</strong></span> <span class='ocrx_word' id='word_1_168' title='bbox 367 1346 514 1389; x_wconf 66' lang='grc' dir='ltr'><strong><em>ἑαυτὸν</em></strong></span> <span class='ocrx_word' id='word_1_169' title='bbox 539 1348 583 1387; x_wconf 77' lang='grc' dir='ltr'><strong>δὲ</strong></span> <span class='ocrx_word' id='word_1_170' title='bbox 605 1345 744 1387; x_wconf 70' lang='grc' dir='ltr'><strong><em>ἐλθὼν</em></strong></span> <span class='ocrx_word' id='word_1_171' title='bbox 763 1344 860 1397; x_wconf 72' lang='grc' dir='ltr'><strong><em>εἶπε,</em></strong></span> <span class='ocrx_word' id='word_1_172' title='bbox 892 1362 1001 1398; x_wconf 78' lang='lat' dir='ltr'><strong>saepe</strong></span> <span class='ocrx_word' id='word_1_173' title='bbox 1024 1348 1278 1386; x_wconf 84' lang='lat' dir='ltr'><strong>consideratis</strong></span> <span class='ocrx_word' id='word_1_174' title='bbox 1298 1361 1321 1384; x_wconf 90' lang='lat' dir='ltr'><strong>a</strong></span> <span class='ocrx_word' id='word_1_175' title='bbox 1342 1345 1633 1384; x_wconf 79' lang='lat' dir='ltr'><strong>Th.Gatake1·o</strong></span> <span class='ocrx_word' id='word_1_176' title='bbox 1655 1346 1732 1383; x_wconf 79' lang='lat' dir='ltr'><strong>Mi-</strong></span> 
     </span>
     <span class='ocr_line' id='line_1_22' title="bbox 289 1403 1731 1473; baseline -0.004 -28"><span class='ocrx_word' id='word_1_177' title='bbox 289 1406 568 1445; x_wconf 80' lang='lat' dir='ltr'>sce11.c.29.</span> <span class='ocrx_word' id='word_1_178' title='bbox 602 1418 637 1454; x_wconf 88' lang='grc' dir='ltr'><strong>Ρ.</strong></span> <span class='ocrx_word' id='word_1_179' title='bbox 673 1406 776 1445; x_wconf 87' lang='grc'><strong>737.</strong></span> <span class='ocrx_word' id='word_1_180' title='bbox 821 1412 860 1442; x_wconf 89' lang='lat' dir='ltr'><strong>et</strong></span> <span class='ocrx_word' id='word_1_181' title='bbox 893 1407 934 1442; x_wconf 90' lang='lat' dir='ltr'><strong>in</strong></span> <span class='ocrx_word' id='word_1_182' title='bbox 959 1405 1147 1441; x_wconf 77' lang='lat' dir='ltr'><strong>Antonini</strong></span> <span class='ocrx_word' id='word_1_183' title='bbox 1179 1403 1221 1440; x_wconf 93' lang='lat' dir='ltr'><strong>L.</strong></span> <span class='ocrx_word' id='word_1_184' title='bbox 1242 1405 1287 1441; x_wconf 92' lang='lat' dir='ltr'><strong>V.</strong></span> <span class='ocrx_word' id='word_1_185' title='bbox 1311 1416 1347 1452; x_wconf 89' lang='lat' dir='ltr'>p.</span> <span class='ocrx_word' id='word_1_186' title='bbox 1372 1405 1475 1444; x_wconf 88' lang='grc'><strong>174.</strong></span> <span class='ocrx_word' id='word_1_187' title='bbox 1505 1403 1731 1473; x_wconf 86' lang='lat' dir='ltr'><strong>Opportune</strong></span> 
     </span>
     <span class='ocr_line' id='line_1_23' title="bbox 288 1456 1731 1513; baseline -0.002 -12"><span class='ocrx_word' id='word_1_188' title='bbox 288 1465 443 1503; x_wconf 88' lang='lat' dir='ltr'><strong>Arrian.</strong></span> <span class='ocrx_word' id='word_1_189' title='bbox 473 1460 578 1498; x_wconf 85' lang='lat' dir='ltr'><strong>Diss.</strong></span> <span class='ocrx_word' id='word_1_190' title='bbox 607 1461 732 1509; x_wconf 88' lang='lat' dir='ltr'><strong>Epict.</strong></span> <span class='ocrx_word' id='word_1_191' title='bbox 762 1461 891 1499; x_wconf 88' lang='lat' dir='ltr'>L.111.</span> <span class='ocrx_word' id='word_1_192' title='bbox 916 1463 953 1503; x_wconf 94' lang='grc'><strong>1.</strong></span> <span class='ocrx_word' id='word_1_193' title='bbox 983 1458 1035 1500; x_wconf 78' lang='grc' dir='ltr'><strong>σὺ</strong></span> <span class='ocrx_word' id='word_1_194' title='bbox 1061 1458 1103 1499; x_wconf 74' lang='grc' dir='ltr'><strong>δ’</strong></span> <span class='ocrx_word' id='word_1_195' title='bbox 1137 1457 1238 1499; x_wconf 76' lang='grc' dir='ltr'><strong><em>αὐτὸ</em></strong></span> <span class='ocrx_word' id='word_1_196' title='bbox 1269 1459 1375 1513; x_wconf 74' lang='grc' dir='ltr'><strong><em>ἐρεῖς</em></strong></span> <span class='ocrx_word' id='word_1_197' title='bbox 1405 1456 1517 1507; x_wconf 68' lang='grc' dir='ltr'><strong><em>τόθ’,</em></strong></span> <span class='ocrx_word' id='word_1_198' title='bbox 1548 1457 1650 1499; x_wconf 84' lang='grc' dir='ltr'><strong><em>ὅταν</em></strong></span> <span class='ocrx_word' id='word_1_199' title='bbox 1675 1459 1731 1506; x_wconf 81' lang='grc' dir='ltr'><strong>εἰς</strong></span> 
     </span>
     <span class='ocr_line' id='line_1_24' title="bbox 289 1515 782 1569; baseline -0.017 -8"><span class='ocrx_word' id='word_1_200' title='bbox 289 1516 446 1561; x_wconf 84' lang='grc' dir='ltr'><strong><em>σαυτὸν</em></strong></span> <span class='ocrx_word' id='word_1_201' title='bbox 466 1515 606 1569; x_wconf 52' lang='lat' dir='ltr'><strong>imm.</strong></span> <span class='ocrx_word' id='word_1_202' title='bbox 645 1517 782 1557; x_wconf 78' lang='lat' dir='ltr'><strong>WEss.</strong></span> 
     </span>
    </p>

    <p class='ocr_par' dir='ltr' id='par_1_7' title="bbox 287 1567 1738 1968">
     <span class='ocr_line' id='line_1_25' title="bbox 403 1567 1734 1640; baseline -0.005 -26"><span class='ocrx_word' id='word_1_203' title='bbox 403 1576 509 1616; x_wconf 87' lang='grc'><strong>618.</strong></span> <span class='ocrx_word' id='word_1_204' title='bbox 537 1576 611 1614; x_wconf 88' lang='grc'><strong>98.</strong></span> <span class='ocrx_word' id='word_1_205' title='bbox 642 1570 750 1620; x_wconf 71' lang='grc' dir='ltr'><strong>’Έως</strong></span> <span class='ocrx_word' id='word_1_206' title='bbox 777 1571 882 1613; x_wconf 69' lang='grc' dir='ltr'><strong><em>ἐτῶν</em></strong></span> <span class='ocrx_word' id='word_1_207' title='bbox 909 1567 1250 1640; x_wconf 79' lang='grc' dir='ltr'><strong><em>τεσσαράκοντα]</em></strong></span> <span class='ocrx_word' id='word_1_208' title='bbox 1288 1571 1480 1610; x_wconf 82' lang='lat' dir='ltr'><strong>Convenit</strong></span> <span class='ocrx_word' id='word_1_209' title='bbox 1504 1571 1543 1609; x_wconf 93' lang='lat' dir='ltr'><strong>id</strong></span> <span class='ocrx_word' id='word_1_210' title='bbox 1564 1572 1734 1609; x_wconf 78' lang='lat' dir='ltr'><strong>moribus</strong></span> 
     </span>
     <span class='ocr_line' id='line_1_26' title="bbox 288 1625 1732 1682; baseline -0.003 -12"><span class='ocrx_word' id='word_1_211' title='bbox 288 1631 453 1678; x_wconf 87' lang='lat' dir='ltr'><strong>Atticis,</strong></span> <span class='ocrx_word' id='word_1_212' title='bbox 490 1642 586 1679; x_wconf 91' lang='lat' dir='ltr'><strong>quos</strong></span> <span class='ocrx_word' id='word_1_213' title='bbox 614 1643 746 1668; x_wconf 86' lang='lat' dir='ltr'><strong>omnes</strong></span> <span class='ocrx_word' id='word_1_214' title='bbox 777 1627 895 1680; x_wconf 73' lang='grc' dir='ltr'><strong><em>μέχρι</em></strong></span> <span class='ocrx_word' id='word_1_215' title='bbox 921 1625 1226 1682; x_wconf 78' lang='grc' dir='ltr'><strong><em>τετταράκοντα</em></strong></span> <span class='ocrx_word' id='word_1_216' title='bbox 1256 1627 1358 1668; x_wconf 75' lang='grc' dir='ltr'><strong><em>ἐτῶν</em></strong></span> <span class='ocrx_word' id='word_1_217' title='bbox 1388 1628 1578 1678; x_wconf 88' lang='lat' dir='ltr'><strong>stipendia</strong></span> <span class='ocrx_word' id='word_1_218' title='bbox 1606 1630 1732 1665; x_wconf 87' lang='lat' dir='ltr'><strong>facere</strong></span> 
     </span>
     <span class='ocr_line' id='line_1_27' title="bbox 290 1684 1732 1740; baseline -0.003 -13"><span class='ocrx_word' id='word_1_219' title='bbox 290 1688 511 1740; x_wconf 85' lang='lat' dir='ltr'><strong>oportebat,</strong></span> <span class='ocrx_word' id='word_1_220' title='bbox 550 1688 584 1723; x_wconf 83' lang='lat' dir='ltr'><strong>si</strong></span> <span class='ocrx_word' id='word_1_221' title='bbox 616 1696 695 1724; x_wconf 86' lang='lat' dir='ltr'><strong>non</strong></span> <span class='ocrx_word' id='word_1_222' title='bbox 726 1687 829 1723; x_wconf 86' lang='lat' dir='ltr'><strong>fallit</strong></span> <span class='ocrx_word' id='word_1_223' title='bbox 860 1685 1132 1723; x_wconf 84' lang='lat' dir='ltr'><strong>Demosthenis</strong></span> <span class='ocrx_word' id='word_1_224' title='bbox 1165 1684 1399 1722; x_wconf 78' lang='lat' dir='ltr'><strong>Sclioliastes</strong></span> <span class='ocrx_word' id='word_1_225' title='bbox 1422 1687 1463 1722; x_wconf 90' lang='lat' dir='ltr'><strong>in</strong></span> <span class='ocrx_word' id='word_1_226' title='bbox 1482 1684 1732 1735; x_wconf 82' lang='lat' dir='ltr'>Olynth.11[.</span> 
     </span>
     <span class='ocr_line' id='line_1_28' title="bbox 289 1741 1738 1796; baseline -0.002 -15"><span class='ocrx_word' id='word_1_227' title='bbox 289 1758 325 1796; x_wconf 87' lang='lat' dir='ltr'>p.</span> <span class='ocrx_word' id='word_1_228' title='bbox 347 1747 402 1785; x_wconf 88' lang='lat'><strong>21</strong></span> <span class='ocrx_word' id='word_1_229' title='bbox 423 1771 434 1791; x_wconf 83' lang='lat'>.,</span> <span class='ocrx_word' id='word_1_230' title='bbox 455 1742 555 1792; x_wconf 81' lang='lat' dir='ltr'><strong>quod</strong></span> <span class='ocrx_word' id='word_1_231' title='bbox 577 1746 727 1792; x_wconf 83' lang='lat' dir='ltr'><strong>opinor.</strong></span> <span class='ocrx_word' id='word_1_232' title='bbox 758 1742 857 1780; x_wconf 85' lang='lat' dir='ltr'><strong>Nam</strong></span> <span class='ocrx_word' id='word_1_233' title='bbox 881 1744 1143 1793; x_wconf 80' lang='lat' dir='ltr'><strong>sexagenariis</strong></span> <span class='ocrx_word' id='word_1_234' title='bbox 1170 1743 1238 1778; x_wconf 89' lang='lat' dir='ltr'><strong>alii</strong></span> <span class='ocrx_word' id='word_1_235' title='bbox 1264 1744 1422 1779; x_wconf 88' lang='lat' dir='ltr'><strong>militiae</strong></span> <span class='ocrx_word' id='word_1_236' title='bbox 1444 1741 1593 1778; x_wconf 88' lang='lat' dir='ltr'><strong>demum</strong></span> <span class='ocrx_word' id='word_1_237' title='bbox 1618 1754 1738 1779; x_wconf 87' lang='lat' dir='ltr'><strong>vaca-</strong></span> 
     </span>
     <span class='ocr_line' id='line_1_29' title="bbox 289 1797 1733 1850; baseline -0.003 -10"><span class='ocrx_word' id='word_1_238' title='bbox 289 1805 449 1847; x_wconf 87' lang='lat' dir='ltr'><strong>tionem,</strong></span> <span class='ocrx_word' id='word_1_239' title='bbox 476 1807 513 1836; x_wconf 90' lang='lat' dir='ltr'><strong>et</strong></span> <span class='ocrx_word' id='word_1_240' title='bbox 541 1802 697 1846; x_wconf 78' lang='lat' dir='ltr'><strong>rectius,</strong></span> <span class='ocrx_word' id='word_1_241' title='bbox 724 1800 957 1850; x_wconf 84' lang='lat' dir='ltr'><strong>largiuntur.</strong></span> <span class='ocrx_word' id='word_1_242' title='bbox 999 1798 1049 1835; x_wconf 90' lang='lat' dir='ltr'><strong>At</strong></span> <span class='ocrx_word' id='word_1_243' title='bbox 1069 1798 1108 1835; x_wconf 92' lang='lat' dir='ltr'><strong>id</strong></span> <span class='ocrx_word' id='word_1_244' title='bbox 1131 1811 1235 1835; x_wconf 92' lang='lat' dir='ltr'><strong>nunc</strong></span> <span class='ocrx_word' id='word_1_245' title='bbox 1254 1811 1333 1835; x_wconf 90' lang='lat' dir='ltr'><strong>non</strong></span> <span class='ocrx_word' id='word_1_246' title='bbox 1353 1800 1512 1849; x_wconf 82' lang='lat' dir='ltr'><strong>agimus.</strong></span> <span class='ocrx_word' id='word_1_247' title='bbox 1554 1797 1651 1834; x_wconf 87' lang='lat' dir='ltr'><strong>Vide</strong></span> <span class='ocrx_word' id='word_1_248' title='bbox 1674 1805 1733 1835; x_wconf 89' lang='lat' dir='ltr'><strong>ta-</strong></span> 
     </span>
     <span class='ocr_line' id='line_1_30' title="bbox 288 1854 1734 1905; baseline -0.002 -10"><span class='ocrx_word' id='word_1_249' title='bbox 288 1871 377 1898; x_wconf 91' lang='lat' dir='ltr'><strong>men</strong></span> <span class='ocrx_word' id='word_1_250' title='bbox 405 1869 500 1905; x_wconf 90' lang='lat' dir='ltr'><strong>quae</strong></span> <span class='ocrx_word' id='word_1_251' title='bbox 521 1857 562 1892; x_wconf 90' lang='lat' dir='ltr'><strong>in</strong></span> <span class='ocrx_word' id='word_1_252' title='bbox 588 1855 843 1893; x_wconf 86' lang='lat' dir='ltr'><strong>Scholiastem</strong></span> <span class='ocrx_word' id='word_1_253' title='bbox 872 1869 957 1892; x_wconf 90' lang='lat' dir='ltr'><strong>eum</strong></span> <span class='ocrx_word' id='word_1_254' title='bbox 977 1855 1124 1891; x_wconf 88' lang='lat' dir='ltr'><strong>erudite</strong></span> <span class='ocrx_word' id='word_1_255' title='bbox 1145 1854 1357 1902; x_wconf 83' lang='lat' dir='ltr'><strong>disputavit</strong></span> <span class='ocrx_word' id='word_1_256' title='bbox 1375 1855 1652 1905; x_wconf 87' lang='lat' dir='ltr'><strong>elegantissimi</strong></span> <span class='ocrx_word' id='word_1_257' title='bbox 1671 1856 1734 1892; x_wconf 86' lang='lat' dir='ltr'><strong>vir</strong></span> 
     </span>
     <span class='ocr_line' id='line_1_31' title="bbox 287 1909 1666 1968; baseline -0.004 -17"><span class='ocrx_word' id='word_1_258' title='bbox 287 1916 438 1968; x_wconf 87' lang='lat' dir='ltr'><strong>ingenii</strong></span> <span class='ocrx_word' id='word_1_259' title='bbox 459 1912 512 1949; x_wconf 88' lang='lat' dir='ltr'><strong>lo.</strong></span> <span class='ocrx_word' id='word_1_260' title='bbox 536 1910 684 1963; x_wconf 85' lang='lat' dir='ltr'><strong>Taylor</strong></span> <span class='ocrx_word' id='word_1_261' title='bbox 703 1912 751 1949; x_wconf 91' lang='lat' dir='ltr'><strong>ad</strong></span> <span class='ocrx_word' id='word_1_262' title='bbox 773 1912 913 1962; x_wconf 83' lang='lat' dir='ltr'><strong>Lysiae</strong></span> <span class='ocrx_word' id='word_1_263' title='bbox 934 1910 1042 1948; x_wconf 87' lang='lat' dir='ltr'><strong>Orat.</strong></span> <span class='ocrx_word' id='word_1_264' title='bbox 1061 1913 1102 1948; x_wconf 89' lang='lat' dir='ltr'><strong>in</strong></span> <span class='ocrx_word' id='word_1_265' title='bbox 1122 1910 1311 1949; x_wconf 84' lang='lat' dir='ltr'><strong>Andocid.</strong></span> <span class='ocrx_word' id='word_1_266' title='bbox 1332 1925 1367 1961; x_wconf 87' lang='lat' dir='ltr'><strong>p.</strong></span> <span class='ocrx_word' id='word_1_267' title='bbox 1394 1913 1497 1951; x_wconf 90' lang='grc'><strong>127.</strong></span> <span class='ocrx_word' id='word_1_268' title='bbox 1529 1909 1666 1950; x_wconf 82' lang='lat' dir='ltr'>WESS.</span> 
     </span>
    </p>

    <p class='ocr_par' dir='ltr' id='par_1_8' title="bbox 288 1965 1735 2187">
     <span class='ocr_line' id='line_1_32' title="bbox 403 1965 1735 2020; baseline -0.005 -10"><span class='ocrx_word' id='word_1_269' title='bbox 403 1971 510 2010; x_wconf 87' lang='lat'>618.</span> <span class='ocrx_word' id='word_1_270' title='bbox 539 1967 582 2007; x_wconf 87' lang='grc'><strong>4.</strong></span> <span class='ocrx_word' id='word_1_271' title='bbox 636 1965 735 2007; x_wconf 74' lang='grc' dir='ltr'><strong>Οὐδ’</strong></span> <span class='ocrx_word' id='word_1_272' title='bbox 776 1965 884 2020; x_wconf 71' lang='grc' dir='ltr'><strong><em>ἥξειν</em></strong></span> <span class='ocrx_word' id='word_1_273' title='bbox 917 1967 972 2013; x_wconf 78' lang='grc' dir='ltr'><strong>εἷς</strong></span> <span class='ocrx_word' id='word_1_274' title='bbox 1000 1966 1287 2019; x_wconf 74' lang='grc' dir='ltr'><strong><em>Λεοντίνους]</em></strong></span> <span class='ocrx_word' id='word_1_275' title='bbox 1332 1968 1536 2005; x_wconf 81' lang='lat' dir='ltr'><strong>Leontium</strong></span> <span class='ocrx_word' id='word_1_276' title='bbox 1564 1972 1735 2004; x_wconf 78' lang='lat' dir='ltr'><strong>verterat</strong></span> 
     </span>
     <span class='ocr_line' id='line_1_33' title="bbox 289 2021 1730 2074; baseline -0.002 -10"><span class='ocrx_word' id='word_1_277' title='bbox 289 2025 616 2071; x_wconf 82' lang='lat' dir='ltr'><strong>Rhodomannus‚</strong></span> <span class='ocrx_word' id='word_1_278' title='bbox 651 2037 695 2061; x_wconf 90' lang='lat' dir='ltr'><strong>ea</strong></span> <span class='ocrx_word' id='word_1_279' title='bbox 715 2031 870 2074; x_wconf 87' lang='lat' dir='ltr'><strong>propter</strong></span> <span class='ocrx_word' id='word_1_280' title='bbox 892 2023 1146 2072; x_wconf 86' lang='lat' dir='ltr'><strong>reprehensus</strong></span> <span class='ocrx_word' id='word_1_281' title='bbox 1166 2037 1188 2061; x_wconf 86' lang='lat' dir='ltr'><strong>a</strong></span> <span class='ocrx_word' id='word_1_282' title='bbox 1208 2023 1277 2060; x_wconf 89' lang='lat' dir='ltr'><strong>Ph.</strong></span> <span class='ocrx_word' id='word_1_283' title='bbox 1296 2021 1476 2061; x_wconf 88' lang='lat' dir='ltr'><strong>Cluverio</strong></span> <span class='ocrx_word' id='word_1_284' title='bbox 1496 2022 1575 2059; x_wconf 89' lang='lat' dir='ltr'><strong>Sic.</strong></span> <span class='ocrx_word' id='word_1_285' title='bbox 1598 2022 1730 2072; x_wconf 87' lang='lat' dir='ltr'><strong>Antiq.</strong></span> 
     </span>
     <span class='ocr_line' id='line_1_34' title="bbox 289 2080 1732 2131; baseline -0.003 -10"><span class='ocrx_word' id='word_1_286' title='bbox 289 2083 332 2121; x_wconf 92' lang='lat' dir='ltr'><strong>L.</strong></span> <span class='ocrx_word' id='word_1_287' title='bbox 354 2083 381 2120; x_wconf 89' lang='grc' dir='ltr'><strong>Ι.</strong></span> <span class='ocrx_word' id='word_1_288' title='bbox 402 2095 436 2131; x_wconf 89' lang='grc' dir='ltr'><strong>Ρ.</strong></span> <span class='ocrx_word' id='word_1_289' title='bbox 463 2083 566 2122; x_wconf 85' lang='grc'><strong>127.</strong></span> <span class='ocrx_word' id='word_1_290' title='bbox 598 2081 811 2118; x_wconf 81' lang='lat' dir='ltr'><strong>Leontinos</strong></span> <span class='ocrx_word' id='word_1_291' title='bbox 832 2083 934 2117; x_wconf 88' lang='lat' dir='ltr'><strong>enim</strong></span> <span class='ocrx_word' id='word_1_292' title='bbox 963 2080 1095 2117; x_wconf 89' lang='lat' dir='ltr'><strong>urbem</strong></span> <span class='ocrx_word' id='word_1_293' title='bbox 1120 2081 1230 2117; x_wconf 88' lang='lat' dir='ltr'><strong>simul</strong></span> <span class='ocrx_word' id='word_1_294' title='bbox 1250 2086 1363 2128; x_wconf 89' lang='lat' dir='ltr'><strong>atque</strong></span> <span class='ocrx_word' id='word_1_295' title='bbox 1382 2080 1529 2116; x_wconf 89' lang='lat' dir='ltr'><strong>incolas</strong></span> <span class='ocrx_word' id='word_1_296' title='bbox 1549 2085 1732 2128; x_wconf 86' lang='lat' dir='ltr'><strong>perpetuo</strong></span> 
     </span>
     <span class='ocr_line' id='line_1_35' title="bbox 288 2136 1150 2187; baseline -0.008 -9"><span class='ocrx_word' id='word_1_297' title='bbox 288 2140 448 2178; x_wconf 81' lang='lat' dir='ltr'><strong>latinos</strong></span> <span class='ocrx_word' id='word_1_298' title='bbox 468 2138 681 2187; x_wconf 86' lang='lat' dir='ltr'><strong>adpellare.</strong></span> <span class='ocrx_word' id='word_1_299' title='bbox 707 2137 809 2186; x_wconf 88' lang='lat' dir='ltr'><strong>quod</strong></span> <span class='ocrx_word' id='word_1_300' title='bbox 836 2150 981 2175; x_wconf 84' lang='lat' dir='ltr'><strong>verum.</strong></span> <span class='ocrx_word' id='word_1_301' title='bbox 1009 2136 1150 2173; x_wconf 75' lang='lat' dir='ltr'>VVESS.</span> 
     </span>
    </p>

    <p class='ocr_par' dir='ltr' id='par_1_9' title="bbox 290 2186 1736 2359">
     <span class='ocr_line' id='line_1_36' title="bbox 406 2186 1730 2260; baseline -0.005 -25"><span class='ocrx_word' id='word_1_302' title='bbox 406 2196 511 2235; x_wconf 88' lang='grc'><strong>618.</strong></span> <span class='ocrx_word' id='word_1_303' title='bbox 543 2195 584 2234; x_wconf 90' lang='grc'><strong>9.</strong></span> <span class='ocrx_word' id='word_1_304' title='bbox 621 2191 748 2260; x_wconf 81' lang='grc' dir='ltr'><em>Πυρὰ</em></span> <span class='ocrx_word' id='word_1_305' title='bbox 779 2192 932 2240; x_wconf 80' lang='grc' dir='ltr'><strong><em>καιων]</em></strong></span> <span class='ocrx_word' id='word_1_306' title='bbox 965 2191 1032 2229; x_wconf 84' lang='lat' dir='ltr'><strong>Sic</strong></span> <span class='ocrx_word' id='word_1_307' title='bbox 1052 2193 1156 2229; x_wconf 84' lang='lat' dir='ltr'><strong>infra</strong></span> <span class='ocrx_word' id='word_1_308' title='bbox 1176 2204 1208 2228; x_wconf 80' lang='lat' dir='ltr'><strong>c.</strong></span> <span class='ocrx_word' id='word_1_309' title='bbox 1234 2191 1337 2231; x_wconf 89' lang='grc'><strong>111.</strong></span> <span class='ocrx_word' id='word_1_310' title='bbox 1367 2186 1478 2244; x_wconf 75' lang='grc' dir='ltr'><em>πυρὰ</em></span> <span class='ocrx_word' id='word_1_311' title='bbox 1512 2189 1639 2230; x_wconf 82' lang='grc' dir='ltr'><strong><em>καίειν</em></strong></span> <span class='ocrx_word' id='word_1_312' title='bbox 1671 2187 1730 2229; x_wconf 80' lang='grc' dir='ltr'><strong>δι’</strong></span> 
     </span>
     <span class='ocr_line' id='line_1_37' title="bbox 292 2245 1736 2303; baseline -0.004 -13"><span class='ocrx_word' id='word_1_313' title='bbox 292 2248 392 2303; x_wconf 71' lang='grc' dir='ltr'>όλης</span> <span class='ocrx_word' id='word_1_314' title='bbox 419 2252 494 2301; x_wconf 76' lang='grc' dir='ltr'><strong>τῆς</strong></span> <span class='ocrx_word' id='word_1_315' title='bbox 527 2245 685 2296; x_wconf 82' lang='grc' dir='ltr'><strong>νυκτός.</strong></span> <span class='ocrx_word' id='word_1_316' title='bbox 719 2250 771 2287; x_wconf 89' lang='lat' dir='ltr'><strong>Et</strong></span> <span class='ocrx_word' id='word_1_317' title='bbox 791 2249 877 2287; x_wconf 88' lang='lat' dir='ltr'><strong>XV.</strong></span> <span class='ocrx_word' id='word_1_318' title='bbox 902 2249 972 2290; x_wconf 95' lang='grc'><strong>84.</strong></span> <span class='ocrx_word' id='word_1_319' title='bbox 1003 2247 1119 2286; x_wconf 88' lang='grc' dir='ltr'><strong>ΧΙΧ.</strong></span> <span class='ocrx_word' id='word_1_320' title='bbox 1149 2249 1221 2288; x_wconf 90' lang='grc'><strong>37.</strong></span> <span class='ocrx_word' id='word_1_321' title='bbox 1259 2247 1456 2296; x_wconf 88' lang='lat' dir='ltr'><strong>Appianus</strong></span> <span class='ocrx_word' id='word_1_322' title='bbox 1486 2246 1529 2283; x_wconf 93' lang='lat' dir='ltr'><strong>L.</strong></span> <span class='ocrx_word' id='word_1_323' title='bbox 1561 2246 1606 2285; x_wconf 91' lang='lat' dir='ltr'><strong>V.</strong></span> <span class='ocrx_word' id='word_1_324' title='bbox 1635 2246 1736 2286; x_wconf 83' lang='lat' dir='ltr'><strong>Belli</strong></span> 
     </span>
     <span class='ocr_line' id='line_1_38' title="bbox 290 2300 1733 2359; baseline -0.004 -14"><span class='ocrx_word' id='word_1_325' title='bbox 290 2307 374 2346; x_wconf 80' lang='lat' dir='ltr'><strong>Civ</strong></span> <span class='ocrx_word' id='word_1_326' title='bbox 396 2320 431 2357; x_wconf 88' lang='lat' dir='ltr'>p.</span> <span class='ocrx_word' id='word_1_327' title='bbox 457 2308 642 2346; x_wconf 55' lang='lat' dir='ltr'><strong>llOOaz</strong></span> <span class='ocrx_word' id='word_1_328' title='bbox 614 2303 724 2355; x_wconf 79' lang='grc' dir='ltr'><em>πυρὰ</em></span> <span class='ocrx_word' id='word_1_329' title='bbox 750 2303 882 2345; x_wconf 80' lang='grc' dir='ltr'><strong><em>πολλὰ</em></strong></span> <span class='ocrx_word' id='word_1_330' title='bbox 905 2303 1069 2359; x_wconf 78' lang='grc' dir='ltr'><strong><em>ήγειραν</em></strong></span> <span class='ocrx_word' id='word_1_331' title='bbox 1090 2300 1281 2355; x_wconf 70' lang='grc' dir='ltr'><strong><em>σύμβολα</em></strong></span> <span class='ocrx_word' id='word_1_332' title='bbox 1305 2306 1362 2342; x_wconf 75' lang='grc' dir='ltr'><strong>τῶ</strong></span> <span class='ocrx_word' id='word_1_333' title='bbox 1383 2302 1568 2342; x_wconf 63' lang='grc' dir='ltr'><strong>Λευκίω.)</strong></span> <span class='ocrx_word' id='word_1_334' title='bbox 1595 2304 1733 2341; x_wconf 82' lang='lat' dir='ltr'>WESS.</span> 
     </span>
    </p>

    <p class='ocr_par' dir='ltr' id='par_1_10' title="bbox 288 2345 1733 2517">
     <span class='ocr_line' id='line_1_39' title="bbox 404 2345 1733 2413; baseline -0.005 -9"><span class='ocrx_word' id='word_1_335' title='bbox 404 2362 619 2404; x_wconf 86' lang='grc'><strong>618.15.</strong></span> <span class='ocrx_word' id='word_1_336' title='bbox 658 2357 1017 2413; x_wconf 65' lang='grc' dir='ltr'><strong>ι1ί’7ῑε)μᾳιι)ύμ,ιενον</strong></span> <span class='ocrx_word' id='word_1_337' title='bbox 1047 2360 1351 2412; x_wconf 77' lang='grc' dir='ltr'><strong><em>Πεισίστρατον</em></strong></span> <span class='ocrx_word' id='word_1_338' title='bbox 1380 2358 1453 2399; x_wconf 80' lang='grc' dir='ltr'><strong>τὸν</strong></span> <span class='ocrx_word' id='word_1_339' title='bbox 1480 2345 1733 2412; x_wconf 73' lang='grc' dir='ltr'><strong><em>Ἀθηναῖον]</em></strong></span> 
     </span>
     <span class='ocr_line' id='line_1_40' title="bbox 288 2416 1730 2466; baseline -0.003 -7"><span class='ocrx_word' id='word_1_340' title='bbox 288 2419 461 2459; x_wconf 88' lang='lat' dir='ltr'><strong>Narrant</strong></span> <span class='ocrx_word' id='word_1_341' title='bbox 479 2418 666 2455; x_wconf 88' lang='lat' dir='ltr'><strong>Herodot.</strong></span> <span class='ocrx_word' id='word_1_342' title='bbox 687 2418 731 2458; x_wconf 89' lang='lat' dir='ltr'>L.</span> <span class='ocrx_word' id='word_1_343' title='bbox 757 2418 787 2456; x_wconf 87' lang='lat' dir='ltr'>l.</span> <span class='ocrx_word' id='word_1_344' title='bbox 809 2420 879 2458; x_wconf 87' lang='lat'>59.</span> <span class='ocrx_word' id='word_1_345' title='bbox 901 2418 1003 2458; x_wconf 88' lang='lat' dir='ltr'><strong>Plut.</strong></span> <span class='ocrx_word' id='word_1_346' title='bbox 1026 2416 1158 2455; x_wconf 90' lang='lat' dir='ltr'><strong>Solon.</strong></span> <span class='ocrx_word' id='word_1_347' title='bbox 1180 2429 1218 2466; x_wconf 90' lang='lat' dir='ltr'>p.</span> <span class='ocrx_word' id='word_1_348' title='bbox 1244 2417 1318 2456; x_wconf 88' lang='lat'><strong>95-</strong></span> <span class='ocrx_word' id='word_1_349' title='bbox 1339 2416 1383 2454; x_wconf 90' lang='lat' dir='ltr'><strong>E.</strong></span> <span class='ocrx_word' id='word_1_350' title='bbox 1403 2417 1586 2466; x_wconf 88' lang='lat' dir='ltr'><strong>Polyaen.</strong></span> <span class='ocrx_word' id='word_1_351' title='bbox 1610 2416 1730 2454; x_wconf 83' lang='lat' dir='ltr'><strong>Strat-</strong></span> 
     </span>
     <span class='ocr_line' id='line_1_41' title="bbox 291 2475 647 2517; baseline -0.008 -2"><span class='ocrx_word' id='word_1_352' title='bbox 291 2476 324 2515; x_wconf 90' lang='lat'><strong>1.</strong></span> <span class='ocrx_word' id='word_1_353' title='bbox 342 2479 417 2517; x_wconf 80' lang='lat'>21.</span> <span class='ocrx_word' id='word_1_354' title='bbox 439 2476 481 2514; x_wconf 88' lang='lat'><strong>3.</strong></span> <span class='ocrx_word' id='word_1_355' title='bbox 513 2475 647 2512; x_wconf 72' lang='lat' dir='ltr'><strong>WEss.</strong></span> 
     </span>
    </p>

    <p class='ocr_par' dir='ltr' id='par_1_11' title="bbox 289 2524 1735 2806">
     <span class='ocr_line' id='line_1_42' title="bbox 405 2524 1735 2584; baseline -0.006 -12"><span class='ocrx_word' id='word_1_356' title='bbox 405 2533 511 2572; x_wconf 89' lang='grc'><strong>619.</strong></span> <span class='ocrx_word' id='word_1_357' title='bbox 535 2532 608 2571; x_wconf 91' lang='grc'><strong>37.</strong></span> <span class='ocrx_word' id='word_1_358' title='bbox 638 2526 964 2583; x_wconf 78' lang='grc' dir='ltr'><strong><em>Κατεσκῆνιοσεν</em></strong></span> <span class='ocrx_word' id='word_1_359' title='bbox 984 2528 1026 2570; x_wconf 76' lang='grc' dir='ltr'><strong>ἓν</strong></span> <span class='ocrx_word' id='word_1_360' title='bbox 1045 2530 1103 2583; x_wconf 74' lang='grc' dir='ltr'><strong>τῷ</strong></span> <span class='ocrx_word' id='word_1_361' title='bbox 1125 2524 1405 2584; x_wconf 73' lang='grc' dir='ltr'><strong><em>ναυστάθμῳ]</em></strong></span> <span class='ocrx_word' id='word_1_362' title='bbox 1435 2528 1546 2576; x_wconf 89' lang='lat' dir='ltr'><strong>Apud</strong></span> <span class='ocrx_word' id='word_1_363' title='bbox 1565 2528 1735 2565; x_wconf 88' lang='lat' dir='ltr'><strong>Plinium</strong></span> 
     </span>
     <span class='ocr_line' id='line_1_43' title="bbox 290 2584 1732 2637; baseline -0.003 -12"><span class='ocrx_word' id='word_1_364' title='bbox 290 2587 334 2626; x_wconf 73' lang='lat' dir='ltr'><strong>I..</strong></span> <span class='ocrx_word' id='word_1_365' title='bbox 355 2588 424 2628; x_wconf 86' lang='lat' dir='ltr'>Ill.</span> <span class='ocrx_word' id='word_1_366' title='bbox 450 2591 497 2628; x_wconf 82' lang='lat'><strong>8.</strong></span> <span class='ocrx_word' id='word_1_367' title='bbox 529 2587 761 2637; x_wconf 79' lang='lat' dir='ltr'><strong>Syracusae</strong></span> <span class='ocrx_word' id='word_1_368' title='bbox 785 2609 833 2615; x_wconf 90' lang='lat'><strong>——-</strong></span> <span class='ocrx_word' id='word_1_369' title='bbox 858 2587 1004 2625; x_wconf 71' lang='lat' dir='ltr'><strong>Portas</strong></span> <span class='ocrx_word' id='word_1_370' title='bbox 1031 2586 1339 2632; x_wconf 74' lang='lat' dir='ltr'><strong>Naustathmus,</strong></span> <span class='ocrx_word' id='word_1_371' title='bbox 1372 2586 1523 2636; x_wconf 86' lang='lat' dir='ltr'><strong>flumen</strong></span> <span class='ocrx_word' id='word_1_372' title='bbox 1555 2584 1732 2621; x_wconf 84' lang='lat' dir='ltr'><strong>Elorum.</strong></span> 
     </span>
     <span class='ocr_line' id='line_1_44' title="bbox 292 2640 1733 2694; baseline -0.003 -13"><span class='ocrx_word' id='word_1_373' title='bbox 292 2646 359 2693; x_wconf 90' lang='lat' dir='ltr'><strong>qui</strong></span> <span class='ocrx_word' id='word_1_374' title='bbox 386 2645 538 2694; x_wconf 84' lang='lat' dir='ltr'><strong>quidem</strong></span> <span class='ocrx_word' id='word_1_375' title='bbox 562 2644 849 2681; x_wconf 76' lang='lat' dir='ltr'><strong>Naustathmus</strong></span> <span class='ocrx_word' id='word_1_376' title='bbox 870 2645 903 2681; x_wconf 91' lang='lat' dir='ltr'><strong>si</strong></span> <span class='ocrx_word' id='word_1_377' title='bbox 923 2644 970 2680; x_wconf 87' lang='lat' dir='ltr'><strong>ad</strong></span> <span class='ocrx_word' id='word_1_378' title='bbox 991 2643 1133 2680; x_wconf 88' lang='lat' dir='ltr'><strong>flumen</strong></span> <span class='ocrx_word' id='word_1_379' title='bbox 1153 2642 1312 2680; x_wconf 89' lang='lat' dir='ltr'><strong>Elorum</strong></span> <span class='ocrx_word' id='word_1_380' title='bbox 1328 2643 1459 2687; x_wconf 75' lang='lat' dir='ltr'><strong>fuerit,</strong></span> <span class='ocrx_word' id='word_1_381' title='bbox 1477 2644 1534 2679; x_wconf 91' lang='lat' dir='ltr'><strong>uti</strong></span> <span class='ocrx_word' id='word_1_382' title='bbox 1554 2640 1623 2677; x_wconf 90' lang='lat' dir='ltr'><strong>Ph.</strong></span> <span class='ocrx_word' id='word_1_383' title='bbox 1640 2640 1733 2677; x_wconf 90' lang='lat' dir='ltr'><strong>Clu-</strong></span> 
     </span>
     <span class='ocr_line' id='line_1_45' title="bbox 289 2697 1732 2750; baseline -0.004 -12"><span class='ocrx_word' id='word_1_384' title='bbox 289 2703 421 2739; x_wconf 81' lang='lat' dir='ltr'><strong>verius</strong></span> <span class='ocrx_word' id='word_1_385' title='bbox 444 2706 483 2737; x_wconf 87' lang='lat' dir='ltr'><strong>et</strong></span> <span class='ocrx_word' id='word_1_386' title='bbox 505 2699 725 2737; x_wconf 83' lang='lat' dir='ltr'><strong>Harduinus</strong></span> <span class='ocrx_word' id='word_1_387' title='bbox 754 2703 981 2750; x_wconf 87' lang='lat' dir='ltr'><strong>opinantur,</strong></span> <span class='ocrx_word' id='word_1_388' title='bbox 1013 2701 1126 2750; x_wconf 87' lang='lat' dir='ltr'><strong>longe</strong></span> <span class='ocrx_word' id='word_1_389' title='bbox 1150 2699 1249 2735; x_wconf 86' lang='lat' dir='ltr'><strong>alius</strong></span> <span class='ocrx_word' id='word_1_390' title='bbox 1269 2705 1384 2747; x_wconf 86' lang='lat' dir='ltr'><strong>atque</strong></span> <span class='ocrx_word' id='word_1_391' title='bbox 1403 2697 1467 2734; x_wconf 91' lang='lat' dir='ltr'><strong>hic</strong></span> <span class='ocrx_word' id='word_1_392' title='bbox 1487 2703 1567 2744; x_wconf 87' lang='lat' dir='ltr'><strong>est,</strong></span> <span class='ocrx_word' id='word_1_393' title='bbox 1596 2697 1732 2746; x_wconf 86' lang='lat' dir='ltr'><strong>quippe</strong></span> 
     </span>
     <span class='ocr_line' id='line_1_46' title="bbox 292 2753 1733 2806; baseline -0.003 -12"><span class='ocrx_word' id='word_1_394' title='bbox 292 2759 359 2805; x_wconf 88' lang='lat' dir='ltr'><strong>qui</strong></span> <span class='ocrx_word' id='word_1_395' title='bbox 387 2759 488 2794; x_wconf 85' lang='lat' dir='ltr'><strong>intra</strong></span> <span class='ocrx_word' id='word_1_396' title='bbox 515 2757 647 2793; x_wconf 88' lang='lat' dir='ltr'><strong>urbem</strong></span> <span class='ocrx_word' id='word_1_397' title='bbox 676 2755 958 2806; x_wconf 83' lang='lat' dir='ltr'><strong>Syracusanam</strong></span> <span class='ocrx_word' id='word_1_398' title='bbox 991 2762 1056 2792; x_wconf 87' lang='lat' dir='ltr'><strong>aut</strong></span> <span class='ocrx_word' id='word_1_399' title='bbox 1085 2762 1240 2805; x_wconf 85' lang='lat' dir='ltr'><strong>propter</strong></span> <span class='ocrx_word' id='word_1_400' title='bbox 1267 2757 1373 2793; x_wconf 89' lang='lat' dir='ltr'><strong>illam</strong></span> <span class='ocrx_word' id='word_1_401' title='bbox 1394 2754 1522 2791; x_wconf 87' lang='lat' dir='ltr'><strong>sedem</strong></span> <span class='ocrx_word' id='word_1_402' title='bbox 1546 2753 1733 2791; x_wconf 86' lang='lat' dir='ltr'><strong>habuerit.</strong></span> 
     </span>
    </p>
   </div>
   <div class='ocr_carea' id='block_1_3' title="bbox 290 2811 1238 2866">
    <p class='ocr_par' dir='ltr' id='par_1_12' title="bbox 290 2811 1238 2866">
     <span class='ocr_line' id='line_1_47' title="bbox 290 2811 1238 2866; baseline -0.001 -16"><span class='ocrx_word' id='word_1_403' title='bbox 290 2812 407 2851; x_wconf 83' lang='lat' dir='ltr'><strong>Forte</strong></span> <span class='ocrx_word' id='word_1_404' title='bbox 427 2814 565 2851; x_wconf 85' lang='lat' dir='ltr'><strong>navale</strong></span> <span class='ocrx_word' id='word_1_405' title='bbox 586 2817 658 2861; x_wconf 78' lang='lat' dir='ltr'><strong>est,</strong></span> <span class='ocrx_word' id='word_1_406' title='bbox 681 2812 727 2850; x_wconf 85' lang='lat' dir='ltr'><strong>de</strong></span> <span class='ocrx_word' id='word_1_407' title='bbox 749 2825 824 2866; x_wconf 88' lang='lat' dir='ltr'><strong>quo</strong></span> <span class='ocrx_word' id='word_1_408' title='bbox 844 2812 888 2850; x_wconf 82' lang='lat' dir='ltr'><strong>L.</strong></span> <span class='ocrx_word' id='word_1_409' title='bbox 907 2811 1014 2850; x_wconf 85' lang='lat' dir='ltr'>XIV.</span> <span class='ocrx_word' id='word_1_410' title='bbox 1036 2812 1077 2853; x_wconf 84' lang='lat'><strong>6.</strong></span> <span class='ocrx_word' id='word_1_411' title='bbox 1104 2811 1238 2849; x_wconf 65' lang='lat' dir='ltr'><strong>Wssss.</strong></span> 
     </span>
    </p>
   </div>
  </div>
 </body>
</html>
