1828 3253
498 188 562 231 IN
591 188 700 230 LIB.
726 189 772 241 V.
802 188 927 230 CAP.
958 192 1000 233 2.
1021 191 1063 232 3.
1420 195 1513 236 405

54 310 229 354 poi-tune.
271 302 342 342 Ph.
367 302 521 344 Cluver.
553 310 774 351 correxerat
802 298 1026 355 ἐξελθόντα
1056 303 1099 342 L.
1131 303 1178 342 11.
1204 317 1239 356 p.
1264 306 1391 354 316„
1431 319 1505 357 quo

50 374 130 399 non
150 362 383 413 indigemus.
410 361 546 399 ’Νι-188.

159 418 264 458 332
289 418 362 458 90-
392 417 477 457 Ka:
507 412 823 465 κατασκευάζειν
846 432 959 471 κοινη
990 418 1049 456 τῶ
1077 415 1156 456 Διὶ
1181 417 1305 470 πατρὶ
1338 433 1410 457 των
1432 417 1502 458 πέ-

47 472 182 526 πλον]
224 474 312 513 Non
334 474 379 510 de
394 474 480 525 βο]
484 472 589 521 1ὂιιε,
633 480 675 510 ut
694 474 754 511 vir
776 473 1045 520 doctissimus3
1083 474 1151 510 vix
1171 476 1274 510 enim
1299 475 1386 511 inde
1408 483 1498 526 toga

47 537 294 567 contexetur:
343 530 408 566 sed
429 530 568 579 bysso,
601 531 766 567 similive
788 531 969 576 materia,
1000 543 1019 565 e
1041 541 1114 577 qua
1136 531 1278 566 collato
1299 543 1410 578 opere
1430 546 1496 580 pe-

44 589 149 635 plum
178 585 263 623 Iovi
292 585 546 636 Proserpina,
601 585 778 624 Minerva
799 593 837 622 et
857 585 983 623 Diana
1005 586 1127 623 veteri
1147 599 1251 622 more
1273 593 1492 624 texuerunt.

43 643 147 679 Addi
169 648 294 679 autem
315 641 417 679 Iovis
438 641 500 678 hic
522 638 675 688 πέπλος
697 649 734 678 et
753 641 931 679 Herculis
954 655 1002 678 ex
1021 641 1063 678 L.
1084 641 1147 678 IV.
1175 643 1244 683 14.
1276 646 1416 690 poterit
1445 646 1493 680 il-

42 700 92 735 lis
121 700 348 747 scriptorum
376 699 492 745 locis,
541 709 636 747 quae
666 700 780 747 plena
806 712 920 736 manu
942 701 1185 735 coacervavit
1204 698 1343 736 Ezech.
1365 699 1492 746 Span-

42 753 164 802 hem.,
192 760 237 791 ut
254 754 417 806 peplum
446 755 560 792 virile
584 756 703 793 vestis
725 767 873 809 quoque
903 768 1024 805 genus
1043 755 1163 791 fuisse
1193 762 1326 791 contra
1358 755 1490 793 Pollu-

41 824 124 848 cem
149 811 348 858 vinceret,
387 810 436 848 ad
464 809 603 849 Iulian.
643 809 793 849 Caesar.
827 812 868 849 in
896 810 1032 850 Notar.
1064 812 1429 861 conprobationibus
1450 825 1487 863 p.

44 867 148 908 125.
182 865 318 904 wass.

152 923 258 963 332.
283 924 357 963 96.
395 919 507 969 Τοὺς
530 919 571 962 δ’
597 920 816 976 ἐγχωρίους
839 918 958 962 πόλιν
989 919 1093 976 αὐτῇ
1114 924 1368 975 καθιερῶσαι
1390 923 1481 975 etc.]

36 977 234 1028 Nusquam
251 981 442 1027 reperitur
461 978 617 1017 Siciliae
637 980 750 1027 urbs,
779 991 873 1028 quae
893 979 1093 1016 Athenaei
1109 982 1264 1017 nomine
1285 981 1402 1016 fuerit
1422 983 1483 1017 in-

37 1037 179 1086 signis:
211 1047 328 1084 quare
345 1034 453 1082 falli
472 1035 559 1074 lzeic
579 1043 707 1088 putat
723 1038 853 1077 nostri
870 1037 996 1073 seculi
1011 1036 1287 1103 geoffraplms,
1316 1038 1386 1087 qui
1406 1033 1481 1088 τὴν

35 1089 155 1131 πόλιν
177 1093 407 1141 intelligunt
423 1093 569 1131 dictam
589 1092 729 1139 fuisse
758 1107 837 1130 una
861 1107 945 1130 cum
967 1106 1068 1142 agro
1092 1088 1222 1143 431st
1227 1108 1340 1140 αιον
1370 1095 1482 1130 cuius

33 1160 130 1185 sane
159 1149 269 1186 nulla
299 1149 405 1185 alias
435 1150 555 1214 apud
572 1162 640 1186 re}-
643 1163 705 1187 um
733 1151 909 1200 scriptm
913 1162 953 1186 es
983 1150 1046 1186 vel
1070 1149 1322 1200 geographos
1350 1155 1483 1186 ers-tet

31 1206 191 1243 mentio.
226 1204 362 1256 Ipsam
391 1212 522 1242 autem
544 1199 707 1257 Ιμέραν
725 1205 857 1243 Miner
860 1219 932 1243 vae
952 1206 1000 1242 ab
1027 1207 1168 1244 incolis
1192 1207 1323 1243 vzffdezz·
1341 1219 1478 1243 conse-

32 1267 212 1308 cratam,
259 1267 301 1298 et
329 1274 471 1311 agrum
495 1263 556 1298 cir
560 1264 841 1301 canciacentem
864 1264 1009 1300 dvc-cum
1026 1259 1192 1309 fuisse'
1180 1257 1405 1312 Αθηιαιον
1425 1262 1475 1299 ab

29 1317 192 1365 incolis,
227 1315 326 1353 Phil.
356 1316 510 1355 Cluver.
540 1316 587 1357 Π
620 1316 698 1355 Sic.
727 1319 858 1368 Antiq.
884 1330 920 1366 p.
942 1319 1048 1359 285.
1082 1317 1199 1354 Cuius
1227 1321 1416 1355 sententia
1440 1319 1476 1355 si

29 1375 179 1420 valeat,
208 1379 252 1409 ut
272 1374 411 1413 similis
426 1374 598 1424 profecto
621 1377 777 1412 veritati
800 1382 879 1421 est,
908 1380 1140 1425 praestaret,
1167 1371 1238 1413 τοὶ
1246 1388 1266 1419 ς
1286 1371 1319 1412 δ’
1346 1373 1474 1426 ἐγχω-

28 1428 141 1481 ρίους
170 1425 246 1481 τὴν
279 1425 398 1468 πόλιν
429 1427 534 1484 αὐτῇ
562 1431 829 1483 καθιερῶσαι.
873 1428 1085 1470 Coluerunt
1103 1436 1204 1468 certe
1225 1429 1473 1468 Himerenscs

28 1485 266 1533 Minervam,
293 1487 495 1535 numisque
516 1487 738 1536 inscriptam
756 1489 842 1524 aliis
863 1493 1128 1534 ostentarunt,
1156 1487 1473 1537 quemadmodum

26 1543 68 1579 in
88 1542 253 1579 Parutae
269 1540 316 1580 T.
340 1540 484 1580 XClll.
514 1541 572 1578 De
590 1544 765 1585 fontibus
785 1543 995 1581 calidarum
1014 1555 1211 1591 aquarum,
1234 1544 1300 1593 qui
1320 1542 1472 1580 Hercu-

23 1599 73 1635 lis
95 1605 263 1647 tempore
283 1611 306 1637 a
325 1597 515 1648 Nymphis
541 1600 687 1636 fuerint
712 1613 756 1639 eo
775 1602 816 1637 in
837 1606 963 1637 tractu
983 1603 1127 1650 aperti,
1166 1612 1270 1649 supr.
1301 1598 1364 1636 lv.
1395 1600 1471 1639 29.

23 1654 160 1693 wass.

136 1711 241 1750 332.
263 1711 336 1750 99.
367 1706 456 1761 Τὴν
477 1706 544 1749 ἀπ’
569 1708 720 1763 ἐκείνης
736 1709 955 1766 Ὀρτυγίαν
984 1707 1065 1752 ὗπὸ
1093 1726 1139 1754 τε
1162 1712 1247 1752 τῶν
1261 1712 1466 1765 χρησμῶν

25 1767 118 1818 etc.]
150 1766 298 1805 Dianae
319 1766 600 1804 studiosissima
621 1767 782 1817 Syrinx.

195 1843 243 1852 -
280 1822 410 1872 Ortyg
414 1825 492 1860 iam
520 1825 683 1872 studiis,
712 1837 877 1879 zpsaque
909 1824 1068 1862 colebat

198 1879 245 1917 V'
231 1894 267 1916 11·
268 1881 437 1930 ginitate
465 1879 606 1917 Deam.

21 1936 64 1973 in
83 1934 216 1974 Ovidii
236 1935 266 1975 Ι.
268 1909 343 1973 e>M.
364 1949 402 1973 v.
423 1936 528 1976 (594.
559 1936 765 1975 oraculum
778 1965 789 1986 ,
817 1949 890 1986 quo
911 1938 1060 1975 insulae
1080 1935 1153 1974 hoc
1171 1949 1314 1975 nomen
1337 1935 1467 1973 firma-

22 1998 100 2040 tur,
129 1992 234 2031 dabit
255 1991 419 2030 Pausan.
443 1993 486 2030 V.
515 1994 554 2032 7.
582 1992 716 2029 ῊῙΕΞΞ.

131 2049 236 2088 332
259 2050 299 2089 6
321 2043 505 2098 (Ιεροὺς’
493 2045 616 2095 ὄντας
635 2049 702 2087 καὶ
723 2044 1190 2102 αθιντουςυνθοωποις]
1210 2048 1292 2085 Lex
1303 2062 1367 2087 eos
1379 2049 1464 2097 capi

19 2104 185 2142 vetabat.
221 2101 287 2143 Ἑν
316 2119 448 2158 ταυτη
476 2106 525 2158 τῆ
558 2101 671 2160 νήσῳ
703 2103 786 2144 ουτ)
813 2102 1075 2157 διώσασθαι,
1105 2102 1189 2145 οἷῖΐ
1212 2105 1334 2155 ἶχθῦς
1354 2106 1463 2154 λαιι-

18 2155 158 2209 βάνειν
187 2156 310 2212 νόμος
352 2159 487 2199 Critici
517 2165 626 2199 aiunt
653 2162 701 2199 ad
730 2162 890 2199 Pina-wi
923 2163 994 2199 Od.
1020 2163 1047 2198 l.
1088 2162 1272 2198 Ncmeon.
1299 2162 1460 2211 princip.

19 2215 123 2252 Hinc
143 2216 270 2264 fiebat,
303 2231 388 2255 cum
409 2224 446 2254 et
465 2219 735 2267 superstitione
754 2219 917 2268 quadam
941 2220 1046 2256 cibos
1066 2220 1146 2255 illis
1166 2219 1381 2268 largissime
1403 2218 1463 2254 di-

19 2271 219 2321 viderent,
256 2279 300 2310 ut
329 2275 458 2312 vocati
487 2274 739 2323 adnatarent,
778 2282 815 2311 ct
844 2277 949 2312 cibos
974 2289 993 2312 e
1014 2277 1260 2326 largientium
1287 2275 1461 2311 manibus

19 2327 210 2377 intrepide
238 2337 438 2378 caperent,
493 2330 592 2378 quod
625 2331 670 2367 dc
704 2333 887 2382 anguillis
920 2334 959 2368 in
989 2331 1059 2368 hac
1093 2330 1282 2369 Arethusa
1314 2337 1462 2379 praeter

19 2383 267 2422 Plutarchum
298 2384 345 2422 T.
375 2386 420 2422 ll.
441 2400 476 2435 p.
501 2388 606 2427 976.
632 2387 677 2426 Α.
709 2390 912 2425 memoriae
944 2388 1113 2437 prodidit
1143 2387 1326 2423 Aelianus
1357 2385 1460 2424 Vlll.

20 2438 70 2476 H.
86 2439 129 2475 A.
150 2441 248 2487 c.4.,
275 2441 321 2477 de
341 2443 427 2479 aliis
448 2456 541 2480 vero
563 2445 603 2480 in
624 2443 814 2482 Arethusa
825 2444 1002 2481 Euboeae
1023 2458 1136 2495 prope
1149 2442 1367 2479 Chalcidem
1382 2454 1465 2478 sese

19 2508 99 2532 non
135 2498 218 2532 sine
248 2496 501 2536 admiratione
532 2499 757 2538 observasse
789 2501 985 2551 significat
1005 2500 1222 2538 Athenaeus
1244 2498 1285 2536 L.
1304 2499 1406 2536 Vffl.
1426 2512 1461 2548 p.

23 2552 128 2593 331
158 2551 294 2592 WEss.

132 2609 222 2648 33..
197 2610 236 2645 ⁸⁷.)
259 2605 631 2662 8.Παρ(1.ὄοξως
613 2627 842 2679 {monuwa
857 2628 904 2652 το
933 2614 1080 2678 Germa]
1110 2613 1378 2660 Adscripserat
1397 2622 1465 2646 cx-

19 2666 157 2714 cerptis
176 2663 268 2702 Cod.
282 2663 375 2716 ch.
392 2667 455 2703 vir
475 2667 622 2713 doctus,
643 2683 694 2706 an
714 2664 923 2721 ἕπεμηνὲισ
912 2668 951 2705 ’.ἰ
979 2671 1118 2719 suspic
1110 2677 1194 2707 atus
1210 2669 1298 2705 vitii
1320 2664 1466 2714 aliquid

18 2722 61 2757 in
84 2719 156 2757 hoc
178 2722 296 2759 verbo
318 2724 545 2760 inolevisse:
581 2726 646 2761 sed
669 2725 706 2762 id
731 2726 827 2762 bene
847 2725 971 2765 habet.
1016 2723 1275 2776 Ἐπισηιιαίνε
1270 2739 1317 2761 -ἰ1
1337 2731 1466 2759 osten-

21 2783 147 2814 torum
177 2784 257 2826 est,
289 2791 375 2815 cnm
403 2780 544 2816 malum
576 2781 822 2830 porten‹l=..1nt
861 2781 1208 2820 Lucian.11.Hist.
1230 2781 1316 2817 Ver.
1342 2792 1373 2815 c.
1395 2779 1472 2817 41

24 2830 176 2884 τέρατα
205 2829 305 2886 ημῖν
325 2849 401 2887 με)
394 2831 483 2874 άὶα
506 2834 574 2874 καὶ
597 2834 818 2889 θαυμάσια
844 2834 1124 2891 ἔπεσημαινεν.
1172 2837 1342 2874 Deorum
1359 2835 1475 2871 etiam
