1828 3253
284 78 373 120 588
753 78 1272 120 ANNOTATIONES

281 193 369 230 vius
390 190 479 229 huic
499 190 617 229 addit.
643 190 781 231 Ruon.
807 188 1092 246 Πόστουμον]
1133 192 1191 232 De
1213 194 1395 233 Postumo
1415 207 1493 234 non
1516 196 1721 247 obloquor:

279 249 321 286 id
338 249 494 286 restitui
516 261 564 285 ex
587 251 766 301 vestigiis
784 251 874 287 libri
893 249 1050 288 Coislin.
1073 249 1293 302 cognomen
1311 252 1531 297 Cornicz'nis
1550 253 1663 291 habet
1682 257 1723 292 in

281 304 396 343 Livio
418 304 483 342 IV.
498 306 585 352 ll.‚
613 302 791 352 ’'E).ovug
809 309 850 344 in
867 305 994 343 Fastis
1006 305 1178 354 Eusebii,
1204 321 1226 344 a
1247 321 1320 358 quo
1343 322 1429 346 cum
1448 312 1602 359 propius
1621 311 1722 348 absit

283 359 488 407 Οἷὶλξκος,
519 373 633 411 quam
664 376 686 401 a
716 363 939 411 cornicine,
970 364 1090 400 nolim
1118 377 1203 401 cum
1223 363 1502 402 Rhodomanno
1522 373 1560 403 et
1580 365 1721 418 Pighio

277 418 328 455 ad
348 430 439 456 ann.
460 427 590 454 CCCXI.
612 417 683 456 hac
702 422 743 456 in
761 426 867 468 parte
888 418 1103 456 dissentire.
1135 420 1275 458 WEss.

393 474 495 514 500.
528 475 604 515 48.
638 469 781 514 Οὗσαν
811 470 970 515 ἑαυτῶν
993 473 1190 527 ἄποικον]
1224 477 1425 515 Coloniam
1447 478 1605 516 illorum
1631 492 1722 517 ver-

276 532 450 577 tebatur,
486 533 595 580 quasi
614 531 907 569 Atheniensium
930 533 1088 580 fuisset,
1125 533 1227 583 quod
1247 547 1270 570 a
1289 547 1382 571 vero
1401 535 1558 572 recedit.
1597 534 1722 573 Erant

275 587 521 626 Potidaeatae
545 587 783 640 Κορινθίων
804 584 986 636 ἄποικοι,
1028 596 1071 626 ut
1093 589 1236 627 diserte
1255 589 1504 641 Thucydides
1524 591 1555 628 1.
1579 592 1652 633 56.
1683 598 1722 629 et

277 641 508 684 Plutarchus
528 642 666 683 Pericl.
690 657 726 693 p.
753 646 858 685 168.
879 643 922 682 Β.
943 645 1206 695 prodiderunt.
1233 645 1369 683 Wrss.

391 700 495 740 500.
529 700 600 739 52.
629 699 703 747 Εἲς
719 698 820 750 μίαν
845 698 1146 756 -’Όλυνθον]
1185 700 1327 740 Confer
1349 701 1570 754 Thucydid.
1594 702 1623 742 I.
1647 704 1719 746 58.

273 763 313 796 ct
330 758 434 795 infra
453 755 559 792 XVI.
585 757 656 797 54.
684 756 820 794 WEss.

389 814 492 853 500.
514 814 588 852 62.
624 810 711 852 Τὸν
731 810 905 865 πλησίον
925 815 1000 866 τῆς
1019 812 1292 866 Παλληνίων]
1321 812 1410 852 Νοῐι
1429 815 1543 866 longe
1556 815 1603 852 ab
1624 815 1719 853 urbe

273 869 461 920 Olyntho,
489 881 585 917 quac.
606 869 748 906 isthmo
768 870 957 907 accubans
976 880 1030 907 Lx
1062 871 1269 908 stadiorum
1291 874 1412 920 spatio
1432 872 1615 909 Potidaea
1635 872 1720 909 dis-

270 933 379 975 septa
399 931 492 962 erat.
517 924 677 975 Ellipsis
697 928 892 963 simillima
912 933 970 963 est
990 928 1032 964 in
1052 925 1114 964 his
1135 926 1296 964 Luciani
1316 926 1564 976 Icaromenip.
1587 941 1619 965 c.
1646 930 1718 969 11.

268 980 363 1034 ἄρτι
393 980 469 1033 μὲν
496 979 571 1033 τὴν
601 984 685 1021 τῶν
719 978 960 1022 ἱπποπόλων
985 981 1162 1034 Θρῃκῶν
1192 979 1513 1035 καθορώμενος,
1548 981 1640 1038 ἄρτι
1671 982 1718 1024 δὲ

267 1037 344 1092 τὴν
367 1041 450 1078 τῶν
473 1039 650 1077 ΖΙἸυσῶν.
681 1039 748 1076 ubi
768 1038 991 1078 Doctissim.
1016 1037 1203 1077 Reitzius.
1230 1039 1363 1077 WVEss.

384 1096 488 1135 500.
504 1095 576 1134 63.
604 1092 656 1134 Οἵ
667 1091 963 1142 Ποτιδαιάται]
979 1093 1082 1133 Bene
1093 1109 1141 1132 ex
1152 1095 1340 1146 Stephani
1352 1103 1563 1145 praecepto.
1582 1097 1714 1136 Ποτι-

267 1145 408 1192 oscitat
424 1150 636 1188 Pausaniae
647 1151 688 1189 L.
699 1152 744 1189 V.
755 1153 830 1192 23.
844 1165 929 1189 cum
941 1159 1032 1190 nota
1044 1153 1332 1203 diligentissimi
1343 1151 1557 1203 Sylhurgii.
1574 1153 1712 1191 Wnss.

382 1209 485 1248 500-
507 1209 580 1248 66.
605 1205 694 1259 Τὴν
714 1205 1021 1260 ὀνομαζομένην
1033 1206 1247 1258 Λέτανον]
1266 1209 1456 1246 Lemnum
1467 1208 1714 1248 Atheniensi-

264 1276 331 1302 um
341 1265 383 1301 in
393 1263 625 1313 Propontide
637 1266 826 1302 coloniam
835 1265 979 1302 frustra
991 1278 1142 1314 quaero.
1158 1265 1361 1302 Invenient
1369 1266 1711 1304 felicioreswms.

380 1321 484 1361 500-
504 1322 577 1361 67.
610 1317 866 1372 Hgssrspdea]
899 1320 978 1358 Alii
997 1320 1053 1367 εἷς
1071 1318 1240 1374 Ἀρδέαν
1261 1321 1466 1358 dixissent.
1495 1321 1628 1359 Livius
1647 1336 1710 1359 se-

263 1383 378 1414 natus
409 1379 625 1414 consultum
654 1378 800 1414 factum
821 1389 904 1413 esse
925 1379 980 1414 ait
999 1376 1042 1414 L.
1061 1376 1124 1414 IV.
1149 1379 1219 1417 ll.
1252 1384 1315 1424 ut,
1349 1379 1531 1428 quoniam
1563 1380 1710 1415 civitas

264 1434 500 1472 Ardeatium
522 1435 708 1471 intestino
738 1434 903 1471 ὴιηιιιῖτιι
923 1435 1092 1471 redacta
1111 1435 1332 1485 adpaucos
1352 1440 1476 1481 esset,
1516 1436 1645 1473 coloni
1663 1447 1708 1472 eo

251 1492 461 1542 praesidii
478 1502 622 1528 caussa
643 1492 837 1528 adversus
862 1490 1022 1527 Volscos
1042 1491 1325 1527 scriberentur.
1375 1490 1464 1528 Hoc
1479 1491 1619 1541 palam
1641 1504 1709 1528 re-

262 1548 388 1585 latum
410 1549 449 1584 in
471 1546 651 1594 tabulas,
678 1547 888 1599 utplebem
918 1547 1171 1597 tribunosque
1189 1547 1369 1593 falleret
1392 1548 1534 1584 iudicii
1555 1550 1707 1585 rescin-

261 1605 381 1642 dendi
400 1604 602 1641 consilium
625 1604 775 1640 initum.
821 1603 1114 1651 Con-senserant
1136 1610 1291 1649 autem,
1318 1609 1383 1651 ut,
1412 1604 1533 1640 multo
1552 1606 1707 1641 maiore

250 1667 379 1713 pat-te
402 1661 640 1698 Rutulorum
663 1661 910 1707 colonorum,
949 1673 1066 1711 quam
1085 1660 1376 1707 Romanorum,
1415 1661 1593 1711 scripta,
1632 1674 1706 1698 nco

258 1731 362 1767 ager
396 1718 498 1755 ullus
527 1718 797 1764 divideretur,
837 1718 917 1754 nisi
936 1719 992 1763 is,
1031 1719 1100 1768 qui
1123 1719 1368 1767 interceptus
1390 1718 1535 1754 iudicio
1558 1716 1707 1763 infami

259 1781 375 1819 (ἐι-(ιη
411 1787 484 1810 nec
502 1774 576 1811 ulli
592 1775 712 1824 prius
733 1774 910 1812 Romano
930 1773 1005 1819 ibi,
1036 1786 1153 1825 quam
1175 1774 1346 1810 omnibus
1365 1773 1527 1810 Rutulis
1555 1775 1704 1811 divisus

258 1837 376 1877 esset,
402 1830 518 1880 gleba
541 1831 625 1867 ulla
649 1833 744 1880 agri
764 1832 1063 1880 adsignaretur.
1106 1831 1225 1877 Quae,
1254 1831 1344 1879 quia
1363 1831 1513 1880 plenius
1535 1842 1616 1867 rem
1635 1841 1704 1866 ex-

255 1894 419 1936 ponunt,
448 1887 623 1924 addenda
640 1887 760 1924 fuere.
791 1887 929 1924 VVESS.

372 1944 474 1983 500.
491 1945 562 1983 70.
595 1936 757 1995 Φόσον]
788 1942 988 1980 Scribatur
1010 1942 1193 1988 Φοῦσον,
1212 1947 1250 1978 et
1269 1953 1335 1992 pro
1352 1936 1537 1993 Κράσον,
1556 1936 1701 1993 Κράσ-

255 2010 333 2038 σον
353 2002 671 2048 pronunciatione
691 2013 735 2037 ac
756 2001 955 2037 literatura
966 1997 1150 2036 Romana.
1170 1997 1306 2036 Rnoo.
1335 1997 1469 2035 Facili
1487 2010 1701 2049 cognomen
1733 2046 1737 2047 ⁷

252 2055 315 2092 illi
346 2055 480 2093 Livius
517 2059 671 2104 inponit
707 2055 751 2096 L.
783 2055 847 2093 IV.
880 2057 951 2096 12.
965 2082 976 2102 ‚
1015 2055 1117 2104 quod
1151 2053 1356 2092 Furiorum
1392 2056 1506 2091 sicuti
1535 2061 1573 2091 et
1601 2053 1703 2091 Fusi

253 2113 374 2149 fuisse
394 2119 556 2149 constat.
588 2112 744 2160 Papirio
766 2124 999 2160 praenomen
1017 2111 1224 2148 estMarco
1245 2110 1345 2158 apud
1360 2110 1535 2157 eundem,
1562 2112 1699 2159 usique

252 2175 416 2216 utroque
436 2168 581 2217 Papirii
604 2176 712 2206 sunt:
753 2176 881 2206 tamen
902 2169 992 2217 quia
1018 2168 1187 2205 librariis
1215 2174 1437 2216 perpetuum
1457 2173 1514 2203 est
1539 2179 1588 2203 ex
1606 2167 1699 2205 Ma-

252 2227 333 2262 niis
353 2232 550 2262 exstruere
566 2225 751 2271 Mar-cos,
787 2232 824 2262 et
845 2227 1026 2273 quoniam
1047 2224 1178 2261 eadem
1197 2224 1311 2260 litera
1331 2221 1383 2259 M.
1404 2229 1605 2271 utrumque
1631 2224 1699 2260 de-

251 2282 492 2332 signabatur,
513 2294 562 2317 ex
581 2281 725 2318 Nostro
737 2280 871 2318 Livius
893 2281 1047 2319 videtur
1069 2279 1322 2325 adiuvandus,
1336 2292 1431 2328 quae
1450 2285 1488 2316 et
1507 2278 1586 2316 Cel.
1596 2279 1697 2317 Dra-

250 2335 484 2375 kenborchii
503 2340 737 2376 coniectura.
765 2337 905 2374 W'Ess.
946 2336 1004 2374 De
1025 2333 1204 2382 Κόϊντος
1231 2349 1269 2373 v.
1289 2335 1398 2386 Pigh.
1423 2347 1458 2383 p.
1484 2337 1587 2376 170.

370 2394 473 2435 500.
498 2395 570 2434 71.
603 2392 815 2447 Παπίριον
835 2389 1064 2447 Κράσσον]
1091 2392 1177 2430 Vid.
1198 2390 1334 2444 Sigon.
1353 2395 1394 2429 in
1413 2391 1519 2430 Livii
1538 2391 1602 2431 IV.
1624 2393 1695 2432 12.

251 2449 388 2488 ἶνεεε.

367 2508 470 2548 501.
493 2487 683 2546 77.’“”Ετι
698 2504 741 2545 δὲ
761 2504 867 2545 κατὰ
889 2502 962 2571 τὴν
976 2499 1313 2556 Πελοπόννησον]
1340 2502 1520 2542 Fortasse
1543 2505 1696 2553 scripsit

249 2564 318 2610 ita,
346 2559 402 2602 ἔτι
424 2561 468 2602 δὲ
489 2560 529 2602 οἱ
549 2559 655 2601 κατὰ
673 2560 749 2613 τὴν
772 2563 1106 2613 Πελοποννησον,
1135 2558 1202 2598 διὰ
1226 2557 1271 2600 τὸ
1295 2557 1430 2607 πόλεις
1445 2568 1515 2597 ctc.
1537 2560 1692 2597 STEPH.

252 2627 291 2656 et
312 2622 378 2670 qui
399 2618 439 2658 οἵ
454 2633 496 2658 τε
517 2617 651 2655 RHOD.
685 2618 731 2656 Si
750 2615 824 2658 οὐκ
844 2615 1005 2670 ὀλίγους
1027 2630 1076 2653 ex
1104 2618 1257 2666 scriptis
1277 2615 1393 2653 codd.
1413 2618 1623 2666 receperis,
1651 2622 1695 2653 nt

249 2676 426 2725 equidem
446 2668 671 2713 faciundum
690 2688 849 2722 censeo,
883 2682 1030 2712 tantum
1055 2672 1178 2710 deerit
1198 2675 1381 2711 articulus
1413 2671 1457 2712 αἱ
1485 2669 1591 2711 κατὰ
1617 2668 1693 2723 τὴν

253 2741 324 2771 etc.
350 2732 449 2771 Nam
469 2744 516 2770 ex
549 2731 812 2782 superioribus
831 2738 870 2769 et
891 2732 1093 2783 participio
1113 2726 1438 2783 ἀποφαινόμενοι
1458 2736 1583 2766 cetera
1602 2740 1693 2777 pen-
