1828 3253
487 193 549 232 IN
581 191 694 230 LlB.
720 191 765 232 V.
802 190 929 232 CAP.
967 191 1007 232 5.
1032 212 1079 221 -
1105 194 1145 233 7.
1426 192 1519 233 409

76 305 272 362 ἐπήλυδες
285 305 384 348 “Em
386 304 481 364 ηνὲς
503 305 579 347 εἰσι
600 305 865 353 Σικελιῶται,
892 310 937 342 ut
955 303 1090 353 Imper.
1110 303 1385 342 Constantinus
1402 305 1456 342 ait
1473 304 1519 342 (le

79 333 252 404 Tlilemat.
279 358 807 415 lmp.Lil›.11.Them.10.‚
841 363 914 399 etsi
942 360 1121 410 deinceps
1142 361 1180 397 id
1201 374 1413 412 cognomen
1433 375 1521 399 cum

79 422 256 460 omnibus
277 423 425 458 insulae
445 421 584 456 incolis
607 421 915 455 conmunicatum
934 417 1102 456 videtur.
1140 416 1189 453 W
1194 428 1274 453 Ess.

193 478 297 518 335.
327 479 401 517 26.
441 471 806 525 Μεταβιβάσωμεν
824 471 897 513 τὸν
920 469 1067 526 λόγον]
1111 473 1215 510 Alibi
1234 475 1374 522 passim
1394 487 1520 523 μετα-

78 530 308 585 βιβάσομεν
341 534 524 581 scriptum
553 538 610 567 est
641 532 684 568 in
712 529 931 568 huiusmodi
959 543 1099 580 genere
1128 529 1323 578 loquendi.
1360 530 1518 570 STEPH,

81 590 222 640 Recipe
241 590 413 626 futurum
433 588 648 626 indicativi.
691 587 780 625 Non
802 587 905 623 enim
924 586 1141 623 adhortatio
1164 592 1242 632 est,
1273 586 1338 622 sed
1357 587 1520 634 simplex

81 647 290 696 propositio
320 658 387 682 seu
417 644 603 682 indicatio
626 645 683 681 rei
704 644 884 691 deinceps
904 642 1140 681 tractandae.
1170 642 1273 679 ldem
1293 644 1406 679 etiam
1427 643 1521 680 alibi

81 705 123 740 in
134 701 316 740 mendosa
336 702 575 738 coniunctivi
587 703 793 748 scriptione
811 699 925 735 huius
944 699 1052 737 verbi
1073 698 1366 737 observandum.
1384 697 1519 737 RHOD.

195 757 298 797 335.
331 759 404 797 30.
442 756 528 796 Καὶ
551 752 802 807 Ἐρικώδης]
844 755 1005 792 Videtur
1024 754 1214 792 Rhodom.
1241 757 1434 792 censuisse
1455 755 1522 792 de·-

82 814 196 852 lenda
214 813 306 850 haec
326 825 426 851 esse:
469 814 672 863 praeteriit
691 811 845 862 quidem
861 818 962 849 certe
982 814 1083 849 inter
1107 811 1356 858 vertendum3
1384 818 1427 848 ut
1448 824 1521 848 nu-

81 883 228 907 merum
247 877 374 906 tamen
394 871 586 918 expleret,
626 869 858 907 [sulcanium
881 870 1017 905 ceteris
1037 867 1204 914 addidit,
1237 867 1455 904 distinctam
1475 868 1522 905 ab

84 925 242 965 Hiera:
269 926 369 975 quod
392 928 473 962 eius
495 928 713 962 institutum
733 925 881 962 laudari
904 937 981 962 non
1002 931 1137 974 potest.
1187 923 1404 960 Recensent
1422 926 1525 961 inter

83 991 143 1019 vn
177 983 333 1020 Aeolias
365 981 575 1020 Ericodem
604 984 686 1019 sive
723 982 931 1019 Ericusam
962 979 1093 1020 Schol.
1125 980 1322 1029 Apollonii
1349 980 1414 1017 111.
1446 981 1522 1020 40.

84 1038 224 1076 Strabo
244 1037 308 1075 VI.
325 1052 362 1088 p.
384 1039 492 1078 424.
512 1045 623 1086 atque
644 1039 724 1083 alii,
749 1040 804 1075 sic
827 1037 968 1074 dictam
991 1038 1037 1074 ab
1058 1039 1244 1074 ericarum
1264 1037 1524 1084 multitudine,

83 1108 158 1144 qua
181 1107 282 1131 nunc
301 1106 449 1145 quoque
471 1095 616 1131 referta
635 1101 774 1130 manet.
806 1093 863 1130 De
885 1093 1102 1130 Aeoliarum
1123 1106 1280 1130 numero
1302 1093 1526 1142 discrepan-

83 1157 144 1188 tes
175 1157 349 1188 veterum
375 1153 586 1188 sententias
613 1152 849 1188 examinavit
875 1149 945 1188 Ph.
975 1148 1178 1188 Cluverius
1199 1149 1250 1188 11.
1282 1148 1360 1187 Sic.
1379 1149 1468 1186 Ant.
1489 1163 1523 1189 c.

91 1207 164 1249 14.
197 1206 331 1243 wssss.

195 1263 301 1302 335.
327 1263 399 1302 31·
431 1257 538 1315 Ἱερὰ
561 1257 825 1316 (Ηᾳαι’στου]
871 1260 972 1299 Male
995 1263 1048 1299 ita
1068 1263 1183 1299 scribi
1203 1259 1327 1300 Ioaeh.
1348 1260 1528 1299 Kuhnius

84 1321 234 1357 insulae
263 1332 403 1356 nomen
433 1319 657 1366 contendit3
695 1325 870 1369 oportere
891 1319 994 1356 enim
1007 1313 1149 1371 Ἱέραν·
1187 1318 1301 1368 idque
1332 1319 1526 1355 monuisse

76 1375 346 1426 ·Hesychium,
382 1375 449 1412 sed
479 1376 696 1425 integrum3
739 1388 828 1412 nam
842 1381 1076 1441 ‘corruptum
1105 1374 1242 1412 habere
1266 1369 1418 1426 Ἶέρας,
1456 1389 1529 1426 ση-

85 1437 214 1483 μεῖον
243 1444 312 1480 pro
343 1430 587 1483 σημείωσον,
619 1434 645 1469 i.
666 1445 700 1470 e.
730 1439 822 1468 nota
842 1426 974 1483 ‘'Ie9a,
1003 1444 1142 1468 nomen
1161 1432 1333 1478 insulae,
1365 1444 1412 1467 ne
1436 1444 1530 1468 con-

86 1488 273 1526 fundatur
292 1501 378 1524 cum
406 1485 519 1543 ἶὲρᾷ,
546 1495 702 1526 saneta.
742 1486 809 1525 Sic
831 1488 896 1524 ille
915 1488 963 1524 ad
984 1487 1147 1525 Pausan.
1168 1486 1222 1525 Χ.
1250 1489 1316 1527 ll
1309 1514 1332 1534 ,
1365 1488 1426 1524 cui
1457 1489 1530 1524 etsi

86 1557 167 1582 non
195 1545 438 1581 consentiant
468 1544 703 1581 Graecorum
728 1545 841 1591 libri,
883 1545 1020 1591 quibus
1034 1539 1141 1597 Ἱερὰ
1168 1556 1315 1592 semper
1336 1545 1415 1581 fere
1437 1543 1530 1580 haec

89 1602 238 1648 insula,
268 1613 390 1649 neque
409 1601 538 1638 faveat
557 1601 760 1638 admodum
778 1599 1020 1650 Hesychius,
1057 1603 1172 1647 satis,
1204 1607 1247 1637 ut
1276 1613 1346 1651 ego
1378 1600 1530 1648 quidem

79 1660 239 1707 opinor,
259 1656 330 1693 hac
348 1664 453 1705 parte
476 1659 647 1707 integer:
673 1661 842 1707 σημεῖον
857 1659 959 1694 enim
978 1657 1170 1706 adpellare
1191 1661 1343 1707 signum
1365 1657 1535 1704 videtur,

90 1714 192 1763 quod
222 1714 264 1749 in
294 1715 497 1761 extispicio
528 1713 748 1762 haruspices
778 1713 983 1760 notabant,
1024 1720 1068 1749 ut
1087 1716 1129 1750 in
1151 1710 1320 1763 Διψὰς,
1348 1710 1534 1763 Λοχειὺν,

85 1764 245 1821 Ἐγγύη,
273 1770 519 1818 pluribusque
538 1771 625 1806 aliis
644 1773 685 1806 in
703 1771 821 1816 locis,
864 1776 991 1806 tamen
1012 1782 1089 1807 non
1107 1770 1329 1820 repugnabo
1342 1797 1353 1816 ,
1381 1775 1425 1805 ut
1446 1782 1536 1818 pro-

90 1828 215 1876 prium
243 1827 392 1862 insulae
423 1839 562 1864 nomen
592 1839 614 1863 a
638 1827 820 1863 conmuni
840 1826 1026 1864 vocabulo
1054 1832 1162 1863 tanto
1181 1828 1319 1864 melius
1339 1825 1536 1863 discerna-

91 1888 169 1919 tur.
195 1881 330 1919 Wnss.

206 1939 311 1978 336.
337 1938 412 1977 41.
453 1936 538 1977 Καὶ
557 1933 718 1991 βρόμος
740 1935 943 1987 ἐξαίσιος]
978 1936 1174 1975 Contende
1208 1951 1293 1975 cum
1323 1936 1405 1985 his,
1441 1949 1537 1986 quae

93 2007 142 2032 ex
161 1992 307 2031 Calliae
327 1994 369 2031 L.
387 1992 442 2031 X.
462 1993 550 2032 Rer.
569 1994 793 2045 Agathoclis
812 1995 1017 2043 exscripsit
1037 1994 1167 2032 Schol.
1190 1995 1388 2043 Apollonii
1407 1994 1531 2033 Rhod.

93 2050 162 2088 Ill.
191 2052 266 2090 40.
298 2050 363 2088 IV.
385 2052 489 2091 764.
529 2064 698 2101 quaeque
731 2050 871 2087 Strabo
898 2050 1067 2101 disputat
1096 2051 1138 2088 L.
1162 2050 1226 2088 VI.
1256 2064 1292 2101 p.
1313 2052 1420 2091 423.
1450 2056 1538 2101 post

95 2107 343 2145 Aristotelem
360 2107 402 2145 L.
426 2106 475 2144 II.
498 2107 656 2144 Meteor.
677 2121 709 2146 c.
736 2110 774 2147 8.
803 2107 937 2144 WESS.

209 2165 314 2204 336.
348 2164 421 2203 50.
451 2161 653 2214 Λιπαρὸν
673 2160 868 2208 Αὔσονος
891 2185 939 2191 —-
959 2159 1078 2213 υἱὸν]
1117 2162 1206 2201 Non
1227 2163 1430 2200 dissimilia
1451 2162 1542 2200 Ste-

94 2219 242 2270 phanus
264 2221 303 2256 in
321 2215 501 2271 Λιπάρα
523 2227 561 2257 et
573 2219 750 2257 Eustath.
772 2220 820 2256 ad
832 2218 994 2269 Dionys.
1015 2220 1164 2270 Perieg.
1187 2234 1223 2257 v.
1237 2221 1367 2267 461.;
1393 2219 1542 2257 Diodo-

95 2288 163 2313 rus
195 2279 388 2326 superiore
423 2277 522 2313 libro
558 2290 590 2313 c.
624 2278 697 2317 69.
727 2277 824 2314 alios
862 2283 902 2313 et
922 2277 1077 2315 diversa
1095 2276 1249 2326 quidem
1271 2279 1445 2327 opinatos
1473 2288 1542 2313 ex-

100 2334 306 2383 scripserat
333 2338 519 2369 auctores.
547 2332 688 2370 Wssss.

213 2389 319 2427 336.
357 2389 427 2428 58.
462 2387 548 2427 Καὶ
567 2386 664 2434 τοὺς
688 2384 816 2434 λαοὺς
837 2403 922 2427 κοιι
927 2390 950 2442 ἦ
969 2383 1073 2438 μετὰ
1096 2390 1180 2427 τῶν
1203 2396 1274 2426 etc.
1284 2388 1297 2440 ]
1327 2388 1412 2426 Hoc
1433 2402 1544 2439 egre-

98 2444 217 2494 gium.
240 2443 446 2494 Vulgatum
465 2441 514 2483 ἄ)
518 2446 615 2491 λους
635 2448 914 2492 exscriptorum
932 2459 1061 2482 errore
1081 2444 1172 2482 hinc
1190 2453 1335 2493 natum,
1359 2453 1402 2482 ut
1421 2458 1544 2494 saepe.

100 2499 189 2537 vid.
214 2512 316 2547 supr.
338 2499 404 2536 Ill.
426 2501 499 2540 43.
520 2500 584 2538 IV.
608 2502 679 2541 55.
713 2501 852 2538 wass.

214 2556 319 2596 336.
345 2557 418 2595 65.
444 2554 602 2609 Πρὸς
589 2554 635 2596 ὃν
655 2559 940 2609 μυθολογοῦσι
964 2553 1372 2609 vbv²015v00÷'aete.]
1402 2556 1546 2594 Home-

78 2628 80 2630 ·
99 2625 168 2650 rus
190 2612 330 2662 Odyss.
352 2612 405 2658 K,
426 2615 468 2652 2.
499 2625 611 2661 quem
632 2614 740 2651 vide:
770 2626 907 2651 versus
925 2616 1026 2651 enim
1046 2621 1180 2662 poetae
1203 2616 1383 2651 illustrat.
1406 2613 1456 2650 W
1460 2624 1544 2650 Ess.

218 2669 322 2708 336.
353 2670 427 2708 68.
472 2668 557 2708 Ka:
579 2666 658 2709 ἀπὸ
681 2672 756 2721 τῆς
777 2672 851 2709 τοῦ
872 2667 1085 2720 πυρδςεεο.
1099 2667 1113 2721 ]
1146 2670 1221 2706 Pro
1243 2685 1296 2708 721
1301 2684 1373 2721 ρος
1391 2670 1546 2708 videtur

102 2724 308 2776 legendum
330 2720 469 2776 ἀέρος,
503 2737 553 2762 es:
575 2727 684 2763 aeris
696 2733 767 2762 etc.
794 2725 928 2763 Ruon.
965 2725 1057 2763 Noli
1076 2727 1161 2763 viro
1184 2727 1406 2763 doctissimo
1427 2725 1546 2762 adsti-

103 2783 240 2831 pulari.
268 2779 484 2818 Martianus
504 2779 659 2830 Capella
679 2781 1068 2832 L.V1.p.208.1n
1090 2795 1169 2832 qua
1190 2783 1334 2820 Aeolus
1357 2794 1548 2831 regnasse

97 2837 267 2885 fertur,
297 2843 338 2874 et
363 2850 390 2874 a
412 2837 581 2887 flamma
601 2839 641 2875 in
654 2841 882 2890 proximum
896 2846 1203 2890 prorumpente,
1232 2840 1295 2877 vel
1314 2839 1397 2876 eius
1414 2838 1548 2885 fumo,
