<?xml version="1.0" encoding="UTF-8"?>
<!DOCTYPE html PUBLIC "-//W3C//DTD XHTML 1.0 Transitional//EN"
    "http://www.w3.org/TR/xhtml1/DTD/xhtml1-transitional.dtd">
<html xmlns="http://www.w3.org/1999/xhtml" xml:lang="en" lang="en">
 <head>
  <title>
</title>
<meta http-equiv="Content-Type" content="text/html;charset=utf-8" />
  <meta name='ocr-system' content='tesseract 3.04.00' />
  <meta name='ocr-capabilities' content='ocr_page ocr_carea ocr_par ocr_line ocrx_word'/>
</head>
<body>
  <div class='ocr_page' id='page_1' title='image "./bibliothecahisto04dioduoft_0054.png"; bbox 0 0 1828 3253; ppageno 0'>
   <div class='ocr_carea' id='block_1_1' title="bbox 321 139 1300 184">
    <p class='ocr_par' dir='ltr' id='par_1_1' title="bbox 321 139 1300 184">
     <span class='ocr_line' id='line_1_1' title="bbox 321 139 1300 184; baseline 0.007 -11"><span class='ocrx_word' id='word_1_1' title='bbox 321 144 381 184; x_wconf 70' lang='lat'><strong>42</strong></span> <span class='ocrx_word' id='word_1_2' title='bbox 790 139 1300 180; x_wconf 77' lang='lat' dir='ltr'><strong>ANNoTATwNEs</strong></span> 
     </span>
    </p>
   </div>
   <div class='ocr_carea' id='block_1_2' title="bbox 311 253 1823 2845">
    <p class='ocr_par' dir='ltr' id='par_1_2' title="bbox 318 253 1756 474">
     <span class='ocr_line' id='line_1_2' title="bbox 319 253 1754 307; baseline -0.001 -13"><span class='ocrx_word' id='word_1_3' title='bbox 319 255 468 294; x_wconf 86' lang='lat' dir='ltr'><strong>Similis</strong></span> <span class='ocrx_word' id='word_1_4' title='bbox 498 267 605 293; x_wconf 87' lang='lat' dir='ltr'><strong>error</strong></span> <span class='ocrx_word' id='word_1_5' title='bbox 631 267 741 307; x_wconf 82' lang='lat' dir='ltr'>saepe</span> <span class='ocrx_word' id='word_1_6' title='bbox 772 256 1017 305; x_wconf 73' lang='lat' dir='ltr'><strong>commissus,</strong></span> <span class='ocrx_word' id='word_1_7' title='bbox 1045 262 1088 294; x_wconf 92' lang='lat' dir='ltr'><strong>ut</strong></span> <span class='ocrx_word' id='word_1_8' title='bbox 1115 261 1218 294; x_wconf 87' lang='lat' dir='ltr'><strong>recte</strong></span> <span class='ocrx_word' id='word_1_9' title='bbox 1238 253 1398 295; x_wconf 81' lang='lat' dir='ltr'><strong>casaub.</strong></span> <span class='ocrx_word' id='word_1_10' title='bbox 1421 256 1464 294; x_wconf 90' lang='lat' dir='ltr'><strong>in</strong></span> <span class='ocrx_word' id='word_1_11' title='bbox 1484 253 1622 293; x_wconf 82' lang='lat' dir='ltr'>Athen.</span> <span class='ocrx_word' id='word_1_12' title='bbox 1640 254 1688 295; x_wconf 90' lang='lat' dir='ltr'><strong>V.</strong></span> <span class='ocrx_word' id='word_1_13' title='bbox 1710 255 1754 295; x_wconf 87' lang='grc'><strong>4.</strong></span> 
     </span>
     <span class='ocr_line' id='line_1_3' title="bbox 320 311 1756 362; baseline 0 -12"><span class='ocrx_word' id='word_1_14' title='bbox 320 312 487 361; x_wconf 84' lang='lat' dir='ltr'>Sarapin</span> <span class='ocrx_word' id='word_1_15' title='bbox 503 324 595 350; x_wconf 81' lang='lat' dir='ltr'><strong>vero</strong></span> <span class='ocrx_word' id='word_1_16' title='bbox 616 324 694 349; x_wconf 90' lang='lat' dir='ltr'><strong>non</strong></span> <span class='ocrx_word' id='word_1_17' title='bbox 718 313 836 350; x_wconf 85' lang='lat' dir='ltr'><strong>alium</strong></span> <span class='ocrx_word' id='word_1_18' title='bbox 858 319 972 361; x_wconf 86' lang='lat' dir='ltr'><strong>atque</strong></span> <span class='ocrx_word' id='word_1_19' title='bbox 999 327 1085 351; x_wconf 89' lang='lat' dir='ltr'><strong>eum</strong></span> <span class='ocrx_word' id='word_1_20' title='bbox 1110 326 1215 361; x_wconf 85' lang='lat' dir='ltr'><strong>esse,</strong></span> <span class='ocrx_word' id='word_1_21' title='bbox 1243 325 1354 362; x_wconf 88' lang='lat' dir='ltr'><strong>quem</strong></span> <span class='ocrx_word' id='word_1_22' title='bbox 1384 311 1524 350; x_wconf 87' lang='lat' dir='ltr'><strong>Graeci</strong></span> <span class='ocrx_word' id='word_1_23' title='bbox 1552 311 1756 350; x_wconf 86' lang='lat' dir='ltr'><strong>Plutonem</strong></span> 
     </span>
     <span class='ocr_line' id='line_1_4' title="bbox 318 366 1755 418; baseline -0.002 -11"><span class='ocrx_word' id='word_1_24' title='bbox 318 370 535 418; x_wconf 79' lang='lat' dir='ltr'><strong>appellant,</strong></span> <span class='ocrx_word' id='word_1_25' title='bbox 559 367 839 406; x_wconf 84' lang='lat' dir='ltr'><strong>Archemachus</strong></span> <span class='ocrx_word' id='word_1_26' title='bbox 861 376 899 407; x_wconf 89' lang='lat' dir='ltr'><strong>et</strong></span> <span class='ocrx_word' id='word_1_27' title='bbox 915 369 1141 407; x_wconf 81' lang='lat' dir='ltr'>Heraclides</span> <span class='ocrx_word' id='word_1_28' title='bbox 1161 375 1352 407; x_wconf 82' lang='lat' dir='ltr'><strong>testantur</strong></span> <span class='ocrx_word' id='word_1_29' title='bbox 1379 371 1422 407; x_wconf 91' lang='lat' dir='ltr'><strong>in</strong></span> <span class='ocrx_word' id='word_1_30' title='bbox 1452 368 1552 406; x_wconf 88' lang='lat' dir='ltr'><strong>Plut.</strong></span> <span class='ocrx_word' id='word_1_31' title='bbox 1584 366 1631 406; x_wconf 89' lang='lat' dir='ltr'><strong>T.</strong></span> <span class='ocrx_word' id='word_1_32' title='bbox 1649 367 1698 406; x_wconf 89' lang='lat'><strong>11.</strong></span> <span class='ocrx_word' id='word_1_33' title='bbox 1718 381 1755 418; x_wconf 88' lang='lat' dir='ltr'><strong>p.</strong></span> 
     </span>
     <span class='ocr_line' id='line_1_5' title="bbox 319 424 1406 474; baseline -0.004 -8"><span class='ocrx_word' id='word_1_34' title='bbox 319 427 428 466; x_wconf 76' lang='lat'><strong>361.</strong></span> <span class='ocrx_word' id='word_1_35' title='bbox 455 424 500 461; x_wconf 86' lang='lat' dir='ltr'><strong>E.</strong></span> <span class='ocrx_word' id='word_1_36' title='bbox 533 437 603 461; x_wconf 85' lang='lat' dir='ltr'><strong>nec</strong></span> <span class='ocrx_word' id='word_1_37' title='bbox 622 425 800 463; x_wconf 85' lang='lat' dir='ltr'>dissentit</span> <span class='ocrx_word' id='word_1_38' title='bbox 819 426 977 464; x_wconf 88' lang='lat' dir='ltr'><strong>Aristid.</strong></span> <span class='ocrx_word' id='word_1_39' title='bbox 997 425 1044 463; x_wconf 88' lang='lat' dir='ltr'><strong>T.</strong></span> <span class='ocrx_word' id='word_1_40' title='bbox 1066 425 1095 464; x_wconf 86' lang='lat' dir='ltr'><strong>I.</strong></span> <span class='ocrx_word' id='word_1_41' title='bbox 1115 438 1151 474; x_wconf 88' lang='lat' dir='ltr'><strong>p.</strong></span> <span class='ocrx_word' id='word_1_42' title='bbox 1174 427 1247 466; x_wconf 87' lang='grc'><strong>97.</strong></span> <span class='ocrx_word' id='word_1_43' title='bbox 1272 426 1406 463; x_wconf 78' lang='lat' dir='ltr'><strong>WEss.</strong></span> 
     </span>
    </p>

    <p class='ocr_par' dir='ltr' id='par_1_3' title="bbox 314 478 1764 1086">
     <span class='ocr_line' id='line_1_6' title="bbox 430 478 1757 534; baseline -0.004 -13"><span class='ocrx_word' id='word_1_44' title='bbox 430 482 506 521; x_wconf 88' lang='lat'><strong>29.</strong></span> <span class='ocrx_word' id='word_1_45' title='bbox 536 482 609 522; x_wconf 84' lang='grc'><strong>65.</strong></span> <span class='ocrx_word' id='word_1_46' title='bbox 642 478 898 534; x_wconf 76' lang='grc' dir='ltr'><em>Ἐμπειριάν,</em></span> <span class='ocrx_word' id='word_1_47' title='bbox 926 481 994 521; x_wconf 84' lang='grc' dir='ltr'><strong>καὶ</strong></span> <span class='ocrx_word' id='word_1_48' title='bbox 1022 479 1069 522; x_wconf 84' lang='grc' dir='ltr'><strong>τὸ</strong></span> <span class='ocrx_word' id='word_1_49' title='bbox 1104 478 1278 522; x_wconf 78' lang='grc' dir='ltr'><em>σύνολον</em></span> <span class='ocrx_word' id='word_1_50' title='bbox 1308 497 1349 520; x_wconf 88' lang='grc' dir='ltr'><strong>π.</strong></span> <span class='ocrx_word' id='word_1_51' title='bbox 1378 481 1448 533; x_wconf 83' lang='grc' dir='ltr'><strong>μ.]</strong></span> <span class='ocrx_word' id='word_1_52' title='bbox 1482 479 1589 518; x_wconf 88' lang='lat' dir='ltr'><strong>Haec</strong></span> <span class='ocrx_word' id='word_1_53' title='bbox 1615 480 1757 528; x_wconf 81' lang='lat' dir='ltr'>absque</span> 
     </span>
     <span class='ocr_line' id='line_1_7' title="bbox 318 539 1758 588; baseline -0.001 -14"><span class='ocrx_word' id='word_1_54' title='bbox 318 539 400 575; x_wconf 85' lang='lat' dir='ltr'><strong>ulla</strong></span> <span class='ocrx_word' id='word_1_55' title='bbox 427 540 637 575; x_wconf 85' lang='lat' dir='ltr'><strong>sententiae</strong></span> <span class='ocrx_word' id='word_1_56' title='bbox 667 540 815 576; x_wconf 85' lang='lat' dir='ltr'><strong>iactura</strong></span> <span class='ocrx_word' id='word_1_57' title='bbox 837 541 1026 577; x_wconf 90' lang='lat' dir='ltr'><strong>removeri</strong></span> <span class='ocrx_word' id='word_1_58' title='bbox 1053 546 1234 588; x_wconf 77' lang='lat' dir='ltr'>possunt,</span> <span class='ocrx_word' id='word_1_59' title='bbox 1257 552 1343 576; x_wconf 86' lang='lat' dir='ltr'><strong>cum</strong></span> <span class='ocrx_word' id='word_1_60' title='bbox 1361 539 1585 575; x_wconf 83' lang='lat' dir='ltr'><strong>nonnullam</strong></span> <span class='ocrx_word' id='word_1_61' title='bbox 1607 549 1697 586; x_wconf 87' lang='lat' dir='ltr'><strong>prae</strong></span> <span class='ocrx_word' id='word_1_62' title='bbox 1717 548 1758 573; x_wconf 87' lang='lat' dir='ltr'><strong>se</strong></span> 
     </span>
     <span class='ocr_line' id='line_1_8' title="bbox 318 589 1760 646; baseline -0.003 -13"><span class='ocrx_word' id='word_1_63' title='bbox 318 589 579 646; x_wconf 74' lang='grc' dir='ltr'><em>νοθεῦματος</em></span> <span class='ocrx_word' id='word_1_64' title='bbox 598 597 854 642; x_wconf 84' lang='lat' dir='ltr'><strong>suspicionem</strong></span> <span class='ocrx_word' id='word_1_65' title='bbox 876 596 1015 633; x_wconf 80' lang='lat' dir='ltr'><strong>ferant.</strong></span> <span class='ocrx_word' id='word_1_66' title='bbox 1045 594 1165 632; x_wconf 84' lang='lat' dir='ltr'><strong>Paulo</strong></span> <span class='ocrx_word' id='word_1_67' title='bbox 1189 602 1317 633; x_wconf 88' lang='lat' dir='ltr'><strong>autem</strong></span> <span class='ocrx_word' id='word_1_68' title='bbox 1347 601 1434 645; x_wconf 87' lang='lat' dir='ltr'><strong>post</strong></span> <span class='ocrx_word' id='word_1_69' title='bbox 1462 592 1760 644; x_wconf 83' lang='lat' dir='ltr'><strong>expungendum</strong></span> 
     </span>
     <span class='ocr_line' id='line_1_9' title="bbox 319 647 1758 705; baseline -0.001 -17"><span class='ocrx_word' id='word_1_70' title='bbox 319 662 468 700; x_wconf 86' lang='lat' dir='ltr'><strong>quoque</strong></span> <span class='ocrx_word' id='word_1_71' title='bbox 487 652 534 689; x_wconf 79' lang='grc' dir='ltr'><strong><em>νῖ</em></strong></span> <span class='ocrx_word' id='word_1_72' title='bbox 540 665 561 689; x_wconf 87' lang='grc' dir='ltr'><em>ν</em></span> <span class='ocrx_word' id='word_1_73' title='bbox 579 651 744 688; x_wconf 88' lang='lat' dir='ltr'><strong>videtur.</strong></span> <span class='ocrx_word' id='word_1_74' title='bbox 768 650 905 691; x_wconf 82' lang='lat' dir='ltr'><strong>RHOD.</strong></span> <span class='ocrx_word' id='word_1_75' title='bbox 951 649 1085 703; x_wconf 65' lang='grc' dir='ltr'><em>’Έχειν</em></span> <span class='ocrx_word' id='word_1_76' title='bbox 1105 649 1334 705; x_wconf 70' lang='grc' dir='ltr'><em>ἐμπειρίαν,</em></span> <span class='ocrx_word' id='word_1_77' title='bbox 1362 647 1424 690; x_wconf 74' lang='grc' dir='ltr'><strong>διὰ</strong></span> <span class='ocrx_word' id='word_1_78' title='bbox 1446 649 1513 689; x_wconf 87' lang='grc' dir='ltr'><strong>καὶ</strong></span> <span class='ocrx_word' id='word_1_79' title='bbox 1531 648 1758 699; x_wconf 73' lang='grc' dir='ltr'><strong>τυχοῦσαν]</strong></span> 
     </span>
     <span class='ocr_line' id='line_1_10' title="bbox 317 703 1760 757; baseline -0.003 -13"><span class='ocrx_word' id='word_1_80' title='bbox 317 706 437 744; x_wconf 89' lang='lat' dir='ltr'><strong>Parui</strong></span> <span class='ocrx_word' id='word_1_81' title='bbox 454 709 542 745; x_wconf 89' lang='lat' dir='ltr'><strong>viro</strong></span> <span class='ocrx_word' id='word_1_82' title='bbox 571 706 793 746; x_wconf 89' lang='lat' dir='ltr'><strong>doctissimo</strong></span> <span class='ocrx_word' id='word_1_83' title='bbox 812 715 850 745; x_wconf 86' lang='lat' dir='ltr'><strong>et</strong></span> <span class='ocrx_word' id='word_1_84' title='bbox 868 710 1020 757; x_wconf 88' lang='lat' dir='ltr'><strong>scriptis</strong></span> <span class='ocrx_word' id='word_1_85' title='bbox 1047 709 1179 754; x_wconf 83' lang='lat' dir='ltr'><strong>libris3</strong></span> <span class='ocrx_word' id='word_1_86' title='bbox 1209 721 1281 745; x_wconf 87' lang='lat' dir='ltr'><strong>nec</strong></span> <span class='ocrx_word' id='word_1_87' title='bbox 1310 709 1424 745; x_wconf 83' lang='lat' dir='ltr'><strong>aliter</strong></span> <span class='ocrx_word' id='word_1_88' title='bbox 1453 709 1548 744; x_wconf 85' lang='lat' dir='ltr'><strong>citat</strong></span> <span class='ocrx_word' id='word_1_89' title='bbox 1573 703 1760 742; x_wconf 85' lang='lat' dir='ltr'><strong>Morellus</strong></span> 
     </span>
     <span class='ocr_line' id='line_1_11' title="bbox 318 760 1760 815; baseline -0.004 -13"><span class='ocrx_word' id='word_1_90' title='bbox 318 766 362 802; x_wconf 87' lang='lat' dir='ltr'><strong>in</strong></span> <span class='ocrx_word' id='word_1_91' title='bbox 382 763 450 801; x_wconf 87' lang='lat' dir='ltr'><strong>III.</strong></span> <span class='ocrx_word' id='word_1_92' title='bbox 470 762 582 813; x_wconf 78' lang='lat' dir='ltr'><strong>Sylv.</strong></span> <span class='ocrx_word' id='word_1_93' title='bbox 613 762 731 802; x_wconf 86' lang='lat' dir='ltr'><strong>Statii</strong></span> <span class='ocrx_word' id='word_1_94' title='bbox 759 776 794 812; x_wconf 89' lang='lat' dir='ltr'><strong>p.</strong></span> <span class='ocrx_word' id='word_1_95' title='bbox 824 765 930 806; x_wconf 86' lang='lat'><strong>338.</strong></span> <span class='ocrx_word' id='word_1_96' title='bbox 969 763 1042 802; x_wconf 73' lang='lat' dir='ltr'><strong>Isin</strong></span> <span class='ocrx_word' id='word_1_97' title='bbox 1070 770 1225 815; x_wconf 88' lang='lat' dir='ltr'><strong>propter</strong></span> <span class='ocrx_word' id='word_1_98' title='bbox 1257 766 1432 813; x_wconf 80' lang='lat' dir='ltr'><strong>peritiam</strong></span> <span class='ocrx_word' id='word_1_99' title='bbox 1461 764 1558 800; x_wconf 87' lang='lat' dir='ltr'><strong>artis</strong></span> <span class='ocrx_word' id='word_1_100' title='bbox 1588 760 1760 798; x_wconf 87' lang='lat' dir='ltr'><strong>Medicae</strong></span> 
     </span>
     <span class='ocr_line' id='line_1_12' title="bbox 319 817 1761 870; baseline -0.003 -13"><span class='ocrx_word' id='word_1_101' title='bbox 319 819 505 857; x_wconf 87' lang='lat' dir='ltr'><strong>Romanis</strong></span> <span class='ocrx_word' id='word_1_102' title='bbox 545 818 862 868; x_wconf 80' lang='lat' dir='ltr'><strong>SALUTARIS,</strong></span> <span class='ocrx_word' id='word_1_103' title='bbox 909 824 968 859; x_wconf 90' lang='lat' dir='ltr'><strong>uti</strong></span> <span class='ocrx_word' id='word_1_104' title='bbox 1002 823 1045 858; x_wconf 91' lang='lat' dir='ltr'><strong>in</strong></span> <span class='ocrx_word' id='word_1_105' title='bbox 1074 820 1232 859; x_wconf 89' lang='lat' dir='ltr'><strong>Gruteri</strong></span> <span class='ocrx_word' id='word_1_106' title='bbox 1261 819 1377 858; x_wconf 90' lang='lat' dir='ltr'><strong>Thes.</strong></span> <span class='ocrx_word' id='word_1_107' title='bbox 1406 833 1442 870; x_wconf 91' lang='lat' dir='ltr'><strong>p.</strong></span> <span class='ocrx_word' id='word_1_108' title='bbox 1476 828 1655 856; x_wconf 73' lang='lat' dir='ltr'><strong>Lxxxm.</strong></span> <span class='ocrx_word' id='word_1_109' title='bbox 1689 817 1761 857; x_wconf 86' lang='lat'><strong>15.</strong></span> 
     </span>
     <span class='ocr_line' id='line_1_13' title="bbox 314 871 1762 928; baseline -0.003 -13"><span class='ocrx_word' id='word_1_110' title='bbox 314 871 468 928; x_wconf 66' lang='grc' dir='ltr'><strong>ίΥγίεια</strong></span> <span class='ocrx_word' id='word_1_111' title='bbox 488 875 695 924; x_wconf 84' lang='lat' dir='ltr'>Epidauri,</span> <span class='ocrx_word' id='word_1_112' title='bbox 723 883 822 914; x_wconf 89' lang='lat' dir='ltr'><strong>teste</strong></span> <span class='ocrx_word' id='word_1_113' title='bbox 837 876 1028 915; x_wconf 79' lang='lat' dir='ltr'><strong>Pausania</strong></span> <span class='ocrx_word' id='word_1_114' title='bbox 1046 876 1093 914; x_wconf 86' lang='grc' dir='ltr'><strong>ΙΙ.</strong></span> <span class='ocrx_word' id='word_1_115' title='bbox 1114 879 1188 917; x_wconf 85' lang='grc'><strong>27.</strong></span> <span class='ocrx_word' id='word_1_116' title='bbox 1221 877 1431 914; x_wconf 82' lang='lat' dir='ltr'><strong>dicebatur.</strong></span> <span class='ocrx_word' id='word_1_117' title='bbox 1467 875 1555 924; x_wconf 90' lang='lat' dir='ltr'><strong>Ipsa</strong></span> <span class='ocrx_word' id='word_1_118' title='bbox 1573 875 1648 912; x_wconf 86' lang='lat' dir='ltr'><strong>sibi</strong></span> <span class='ocrx_word' id='word_1_119' title='bbox 1666 875 1762 911; x_wconf 87' lang='lat' dir='ltr'><strong>artis</strong></span> 
     </span>
     <span class='ocr_line' id='line_1_14' title="bbox 319 928 1764 984; baseline -0.003 -14"><span class='ocrx_word' id='word_1_120' title='bbox 319 934 541 970; x_wconf 82' lang='lat' dir='ltr'><strong>salutiferae</strong></span> <span class='ocrx_word' id='word_1_121' title='bbox 570 935 683 970; x_wconf 85' lang='lat' dir='ltr'><strong>initia</strong></span> <span class='ocrx_word' id='word_1_122' title='bbox 712 934 848 970; x_wconf 75' lang='lat' dir='ltr'><strong>tribuit</strong></span> <span class='ocrx_word' id='word_1_123' title='bbox 876 936 918 971; x_wconf 93' lang='lat' dir='ltr'><strong>in</strong></span> <span class='ocrx_word' id='word_1_124' title='bbox 944 933 1079 984; x_wconf 85' lang='lat' dir='ltr'><strong>Eclog.</strong></span> <span class='ocrx_word' id='word_1_125' title='bbox 1107 933 1160 970; x_wconf 93' lang='lat' dir='ltr'><strong>Io.</strong></span> <span class='ocrx_word' id='word_1_126' title='bbox 1182 932 1385 970; x_wconf 83' lang='lat' dir='ltr'><strong>Stobensis</strong></span> <span class='ocrx_word' id='word_1_127' title='bbox 1411 944 1446 980; x_wconf 88' lang='lat' dir='ltr'><strong>p.</strong></span> <span class='ocrx_word' id='word_1_128' title='bbox 1473 932 1576 972; x_wconf 84' lang='lat'><strong>125.</strong></span> <span class='ocrx_word' id='word_1_129' title='bbox 1605 936 1645 967; x_wconf 87' lang='lat' dir='ltr'><strong>et</strong></span> <span class='ocrx_word' id='word_1_130' title='bbox 1663 928 1764 979; x_wconf 84' lang='lat' dir='ltr'><strong>apud</strong></span> 
     </span>
     <span class='ocr_line' id='line_1_15' title="bbox 320 985 1764 1041; baseline -0.003 -15"><span class='ocrx_word' id='word_1_131' title='bbox 320 989 529 1036; x_wconf 76' lang='lat' dir='ltr'><strong>Ovidium,</strong></span> <span class='ocrx_word' id='word_1_132' title='bbox 556 987 647 1026; x_wconf 77' lang='lat' dir='ltr'><strong>Dea</strong></span> <span class='ocrx_word' id='word_1_133' title='bbox 667 1002 748 1027; x_wconf 82' lang='lat' dir='ltr'><strong>sum</strong></span> <span class='ocrx_word' id='word_1_134' title='bbox 772 991 1011 1037; x_wconf 70' lang='lat' dir='ltr'><strong>auxiliaris,</strong></span> <span class='ocrx_word' id='word_1_135' title='bbox 1046 1003 1231 1041; x_wconf 80' lang='lat' dir='ltr'><strong>opemque</strong></span> <span class='ocrx_word' id='word_1_136' title='bbox 1249 989 1438 1026; x_wconf 67' lang='lat' dir='ltr'><strong>Exorata</strong></span> <span class='ocrx_word' id='word_1_137' title='bbox 1451 988 1568 1035; x_wconf 76' lang='lat' dir='ltr'><strong>fero,</strong></span> <span class='ocrx_word' id='word_1_138' title='bbox 1597 986 1668 1023; x_wconf 88' lang='lat' dir='ltr'><strong>IX.</strong></span> <span class='ocrx_word' id='word_1_139' title='bbox 1681 985 1764 1022; x_wconf 91' lang='lat' dir='ltr'><strong>Me-</strong></span> 
     </span>
     <span class='ocr_line' id='line_1_16' title="bbox 320 1042 1764 1086; baseline -0.003 -3"><span class='ocrx_word' id='word_1_140' title='bbox 320 1052 410 1084; x_wconf 89' lang='lat' dir='ltr'><strong>tam.</strong></span> <span class='ocrx_word' id='word_1_141' title='bbox 424 1047 529 1086; x_wconf 85' lang='lat'><strong>698.</strong></span> <span class='ocrx_word' id='word_1_142' title='bbox 554 1045 662 1082; x_wconf 80' lang='lat' dir='ltr'><strong>Adde</strong></span> <span class='ocrx_word' id='word_1_143' title='bbox 674 1044 872 1082; x_wconf 87' lang='lat' dir='ltr'><strong>Tibullum</strong></span> <span class='ocrx_word' id='word_1_144' title='bbox 892 1045 922 1083; x_wconf 91' lang='lat' dir='ltr'><strong>I.</strong></span> <span class='ocrx_word' id='word_1_145' title='bbox 937 1047 1062 1085; x_wconf 84' lang='lat'><strong>3.27.</strong></span> <span class='ocrx_word' id='word_1_146' title='bbox 1083 1059 1169 1083; x_wconf 87' lang='lat' dir='ltr'><strong>cum</strong></span> <span class='ocrx_word' id='word_1_147' title='bbox 1188 1052 1280 1082; x_wconf 78' lang='lat' dir='ltr'><strong>nota</strong></span> <span class='ocrx_word' id='word_1_148' title='bbox 1290 1043 1600 1082; x_wconf 85' lang='lat' dir='ltr'><strong>CLBroekhusii.</strong></span> <span class='ocrx_word' id='word_1_149' title='bbox 1629 1042 1764 1079; x_wconf 81' lang='lat' dir='ltr'><strong>WEss.</strong></span> 
     </span>
    </p>

    <p class='ocr_par' dir='ltr' id='par_1_4' title="bbox 311 1096 1772 1828">
     <span class='ocr_line' id='line_1_17' title="bbox 433 1096 1766 1154; baseline -0.005 -12"><span class='ocrx_word' id='word_1_150' title='bbox 433 1103 507 1142; x_wconf 86' lang='lat'><strong>29.</strong></span> <span class='ocrx_word' id='word_1_151' title='bbox 529 1103 604 1141; x_wconf 84' lang='lat'><strong>68.</strong></span> <span class='ocrx_word' id='word_1_152' title='bbox 637 1099 988 1153; x_wconf 73' lang='grc' dir='ltr'><em>Ἐπιὸεικνυμένην</em></span> <span class='ocrx_word' id='word_1_153' title='bbox 1016 1097 1092 1153; x_wconf 77' lang='grc' dir='ltr'><strong>τήν</strong></span> <span class='ocrx_word' id='word_1_154' title='bbox 1121 1116 1164 1140; x_wconf 79' lang='grc' dir='ltr'><strong>τε</strong></span> <span class='ocrx_word' id='word_1_155' title='bbox 1203 1100 1312 1140; x_wconf 78' lang='grc' dir='ltr'><em>ἴδίἀν</em></span> <span class='ocrx_word' id='word_1_156' title='bbox 1349 1096 1614 1154; x_wconf 73' lang='grc' dir='ltr'><em>ἐπιφάνειαν]</em></span> <span class='ocrx_word' id='word_1_157' title='bbox 1656 1099 1766 1137; x_wconf 77' lang='lat' dir='ltr'><strong>Suae</strong></span> 
     </span>
     <span class='ocr_line' id='line_1_18' title="bbox 311 1157 1766 1211; baseline -0.003 -15"><span class='ocrx_word' id='word_1_158' title='bbox 311 1159 578 1211; x_wconf 78' lang='lat' dir='ltr'><strong>praesentiae</strong></span> <span class='ocrx_word' id='word_1_159' title='bbox 605 1158 824 1205; x_wconf 66' lang='lat' dir='ltr'><strong>manase-sta</strong></span> <span class='ocrx_word' id='word_1_160' title='bbox 853 1160 1005 1196; x_wconf 81' lang='lat' dir='ltr'><strong>indicia</strong></span> <span class='ocrx_word' id='word_1_161' title='bbox 1036 1160 1379 1196; x_wconf 78' lang='lat' dir='ltr'><strong>demonstrantem.</strong></span> <span class='ocrx_word' id='word_1_162' title='bbox 1433 1157 1640 1206; x_wconf 86' lang='lat' dir='ltr'><strong>Appellant</strong></span> <span class='ocrx_word' id='word_1_163' title='bbox 1664 1158 1766 1192; x_wconf 86' lang='lat' dir='ltr'><strong>enim</strong></span> 
     </span>
     <span class='ocr_line' id='line_1_19' title="bbox 316 1211 1767 1268; baseline -0.005 -14"><span class='ocrx_word' id='word_1_164' title='bbox 316 1211 560 1268; x_wconf 72' lang='grc' dir='ltr'><em>,ἐπιφάνειαν</em></span> <span class='ocrx_word' id='word_1_165' title='bbox 600 1217 769 1252; x_wconf 88' lang='lat' dir='ltr'><strong>numinis</strong></span> <span class='ocrx_word' id='word_1_166' title='bbox 806 1217 1105 1265; x_wconf 80' lang='lat' dir='ltr'><strong>apparitionem,</strong></span> <span class='ocrx_word' id='word_1_167' title='bbox 1143 1227 1295 1264; x_wconf 85' lang='lat' dir='ltr'><strong>quoquo</strong></span> <span class='ocrx_word' id='word_1_168' title='bbox 1334 1213 1488 1251; x_wconf 86' lang='lat' dir='ltr'><strong>tandem</strong></span> <span class='ocrx_word' id='word_1_169' title='bbox 1516 1212 1630 1250; x_wconf 87' lang='lat' dir='ltr'><strong>modo</strong></span> <span class='ocrx_word' id='word_1_170' title='bbox 1660 1211 1767 1248; x_wconf 87' lang='lat' dir='ltr'><strong>Deus</strong></span> 
     </span>
     <span class='ocr_line' id='line_1_20' title="bbox 322 1270 1768 1323; baseline -0.003 -14"><span class='ocrx_word' id='word_1_171' title='bbox 322 1273 462 1320; x_wconf 85' lang='lat' dir='ltr'><strong>aliquis</strong></span> <span class='ocrx_word' id='word_1_172' title='bbox 481 1284 572 1308; x_wconf 86' lang='lat' dir='ltr'><strong>suae</strong></span> <span class='ocrx_word' id='word_1_173' title='bbox 595 1273 833 1320; x_wconf 86' lang='lat' dir='ltr'><strong>praesentiae</strong></span> <span class='ocrx_word' id='word_1_174' title='bbox 852 1274 1006 1323; x_wconf 84' lang='lat' dir='ltr'><strong>signum</strong></span> <span class='ocrx_word' id='word_1_175' title='bbox 1025 1271 1176 1308; x_wconf 78' lang='lat' dir='ltr'><strong>dedisse</strong></span> <span class='ocrx_word' id='word_1_176' title='bbox 1206 1270 1446 1308; x_wconf 83' lang='lat' dir='ltr'><strong>crederetur:</strong></span> <span class='ocrx_word' id='word_1_177' title='bbox 1506 1270 1768 1316; x_wconf 84' lang='lat' dir='ltr'><strong>exemplorum</strong></span> 
     </span>
     <span class='ocr_line' id='line_1_21' title="bbox 321 1323 1767 1380; baseline -0.004 -14"><span class='ocrx_word' id='word_1_178' title='bbox 321 1327 472 1366; x_wconf 88' lang='lat' dir='ltr'><strong>abunde</strong></span> <span class='ocrx_word' id='word_1_179' title='bbox 494 1327 762 1364; x_wconf 85' lang='lat' dir='ltr'><strong>conduxerunt</strong></span> <span class='ocrx_word' id='word_1_180' title='bbox 781 1330 859 1366; x_wconf 85' lang='lat' dir='ltr'><strong>viri</strong></span> <span class='ocrx_word' id='word_1_181' title='bbox 879 1330 1027 1380; x_wconf 82' lang='lat' dir='ltr'><strong>egregii</strong></span> <span class='ocrx_word' id='word_1_182' title='bbox 1046 1327 1096 1365; x_wconf 91' lang='lat' dir='ltr'><strong>Is.</strong></span> <span class='ocrx_word' id='word_1_183' title='bbox 1119 1325 1333 1365; x_wconf 82' lang='lat' dir='ltr'><strong>casaubon.</strong></span> <span class='ocrx_word' id='word_1_184' title='bbox 1353 1329 1394 1363; x_wconf 91' lang='lat' dir='ltr'><strong>in</strong></span> <span class='ocrx_word' id='word_1_185' title='bbox 1417 1325 1556 1363; x_wconf 88' lang='lat' dir='ltr'><strong>Athen.</strong></span> <span class='ocrx_word' id='word_1_186' title='bbox 1576 1323 1671 1362; x_wconf 91' lang='lat' dir='ltr'><strong>XII.</strong></span> <span class='ocrx_word' id='word_1_187' title='bbox 1695 1326 1767 1364; x_wconf 93' lang='grc'><strong>11.</strong></span> 
     </span>
     <span class='ocr_line' id='line_1_22' title="bbox 322 1378 1768 1434; baseline -0.003 -12"><span class='ocrx_word' id='word_1_188' title='bbox 322 1391 362 1422; x_wconf 84' lang='lat' dir='ltr'><strong>et</strong></span> <span class='ocrx_word' id='word_1_189' title='bbox 381 1384 555 1423; x_wconf 71' lang='lat' dir='ltr'><strong>Exci-cit.</strong></span> <span class='ocrx_word' id='word_1_190' title='bbox 588 1383 637 1421; x_wconf 90' lang='lat' dir='ltr'><strong>lI.</strong></span> <span class='ocrx_word' id='word_1_191' title='bbox 664 1386 707 1421; x_wconf 92' lang='lat' dir='ltr'><strong>in</strong></span> <span class='ocrx_word' id='word_1_192' title='bbox 737 1383 880 1422; x_wconf 89' lang='lat' dir='ltr'><strong>Baron.</strong></span> <span class='ocrx_word' id='word_1_193' title='bbox 898 1398 936 1434; x_wconf 89' lang='lat' dir='ltr'><strong>p.</strong></span> <span class='ocrx_word' id='word_1_194' title='bbox 973 1385 1076 1425; x_wconf 87' lang='lat'><strong>137.</strong></span> <span class='ocrx_word' id='word_1_195' title='bbox 1103 1390 1141 1421; x_wconf 87' lang='lat' dir='ltr'><strong>et</strong></span> <span class='ocrx_word' id='word_1_196' title='bbox 1163 1383 1305 1421; x_wconf 88' lang='lat' dir='ltr'><strong>Ezech.</strong></span> <span class='ocrx_word' id='word_1_197' title='bbox 1325 1381 1530 1432; x_wconf 87' lang='lat' dir='ltr'><strong>Spanhem.</strong></span> <span class='ocrx_word' id='word_1_198' title='bbox 1549 1381 1654 1419; x_wconf 86' lang='lat' dir='ltr'><strong>Diss.</strong></span> <span class='ocrx_word' id='word_1_199' title='bbox 1682 1378 1768 1418; x_wconf 88' lang='lat' dir='ltr'><strong>VII.</strong></span> 
     </span>
     <span class='ocr_line' id='line_1_23' title="bbox 323 1439 1770 1492; baseline -0.004 -14"><span class='ocrx_word' id='word_1_200' title='bbox 323 1441 370 1478; x_wconf 89' lang='lat' dir='ltr'><strong>de</strong></span> <span class='ocrx_word' id='word_1_201' title='bbox 391 1439 474 1478; x_wconf 89' lang='lat' dir='ltr'><strong>Usu</strong></span> <span class='ocrx_word' id='word_1_202' title='bbox 493 1447 532 1478; x_wconf 87' lang='lat' dir='ltr'><strong>et</strong></span> <span class='ocrx_word' id='word_1_203' title='bbox 549 1439 613 1477; x_wconf 93' lang='lat' dir='ltr'><strong>Pr.</strong></span> <span class='ocrx_word' id='word_1_204' title='bbox 633 1439 781 1478; x_wconf 90' lang='lat' dir='ltr'><strong>Numis.</strong></span> <span class='ocrx_word' id='word_1_205' title='bbox 802 1455 838 1491; x_wconf 88' lang='lat' dir='ltr'><strong>p.</strong></span> <span class='ocrx_word' id='word_1_206' title='bbox 860 1441 968 1482; x_wconf 83' lang='grc'><strong>426.</strong></span> <span class='ocrx_word' id='word_1_207' title='bbox 993 1440 1079 1492; x_wconf 81' lang='lat' dir='ltr'><strong>Ego</strong></span> <span class='ocrx_word' id='word_1_208' title='bbox 1098 1439 1285 1487; x_wconf 86' lang='lat' dir='ltr'><strong>Diodori,</strong></span> <span class='ocrx_word' id='word_1_209' title='bbox 1311 1441 1375 1476; x_wconf 90' lang='lat' dir='ltr'><strong>cui</strong></span> <span class='ocrx_word' id='word_1_210' title='bbox 1400 1440 1594 1487; x_wconf 83' lang='lat' dir='ltr'><strong>frequenti</strong></span> <span class='ocrx_word' id='word_1_211' title='bbox 1621 1440 1663 1476; x_wconf 91' lang='lat' dir='ltr'><strong>in</strong></span> <span class='ocrx_word' id='word_1_212' title='bbox 1682 1449 1770 1483; x_wconf 86' lang='lat' dir='ltr'><strong>usu,</strong></span> 
     </span>
     <span class='ocr_line' id='line_1_24' title="bbox 323 1493 1770 1547; baseline -0.003 -12"><span class='ocrx_word' id='word_1_213' title='bbox 323 1499 407 1536; x_wconf 87' lang='lat' dir='ltr'><strong>loca</strong></span> <span class='ocrx_word' id='word_1_214' title='bbox 424 1497 611 1547; x_wconf 80' lang='lat' dir='ltr'><strong>quaedam</strong></span> <span class='ocrx_word' id='word_1_215' title='bbox 627 1498 749 1535; x_wconf 85' lang='lat' dir='ltr'><strong>veluti</strong></span> <span class='ocrx_word' id='word_1_216' title='bbox 777 1511 844 1547; x_wconf 89' lang='lat' dir='ltr'><strong>per</strong></span> <span class='ocrx_word' id='word_1_217' title='bbox 874 1504 1042 1535; x_wconf 78' lang='lat' dir='ltr'><strong>saturam</strong></span> <span class='ocrx_word' id='word_1_218' title='bbox 1070 1497 1193 1544; x_wconf 83' lang='lat' dir='ltr'><strong>dabo,</strong></span> <span class='ocrx_word' id='word_1_219' title='bbox 1221 1495 1289 1534; x_wconf 90' lang='grc' dir='ltr'><strong>ΙΙΙ.</strong></span> <span class='ocrx_word' id='word_1_220' title='bbox 1313 1498 1386 1536; x_wconf 86' lang='grc'><strong>62.</strong></span> <span class='ocrx_word' id='word_1_221' title='bbox 1414 1495 1476 1533; x_wconf 88' lang='lat' dir='ltr'><strong>IV.</strong></span> <span class='ocrx_word' id='word_1_222' title='bbox 1503 1497 1575 1535; x_wconf 86' lang='lat'><strong>82.</strong></span> <span class='ocrx_word' id='word_1_223' title='bbox 1600 1493 1674 1531; x_wconf 80' lang='lat' dir='ltr'><strong>XI.</strong></span> <span class='ocrx_word' id='word_1_224' title='bbox 1697 1493 1770 1533; x_wconf 87' lang='lat'><strong>14.</strong></span> 
     </span>
     <span class='ocr_line' id='line_1_25' title="bbox 320 1551 1769 1607; baseline -0.006 -14"><span class='ocrx_word' id='word_1_225' title='bbox 320 1554 431 1593; x_wconf 89' lang='lat' dir='ltr'><strong>XIV.</strong></span> <span class='ocrx_word' id='word_1_226' title='bbox 461 1555 534 1595; x_wconf 86' lang='lat'><strong>69.</strong></span> <span class='ocrx_word' id='word_1_227' title='bbox 575 1552 709 1591; x_wconf 87' lang='lat' dir='ltr'><strong>Patres</strong></span> <span class='ocrx_word' id='word_1_228' title='bbox 735 1552 967 1602; x_wconf 84' lang='lat' dir='ltr'><strong>Christiani,</strong></span> <span class='ocrx_word' id='word_1_229' title='bbox 995 1560 1201 1607; x_wconf 87' lang='lat' dir='ltr'><strong>praeeunte</strong></span> <span class='ocrx_word' id='word_1_230' title='bbox 1231 1551 1273 1589; x_wconf 86' lang='lat' dir='ltr'><strong>S.</strong></span> <span class='ocrx_word' id='word_1_231' title='bbox 1305 1551 1464 1599; x_wconf 79' lang='lat' dir='ltr'><strong>Paullo,</strong></span> <span class='ocrx_word' id='word_1_232' title='bbox 1495 1551 1543 1588; x_wconf 90' lang='lat' dir='ltr'><strong>ad</strong></span> <span class='ocrx_word' id='word_1_233' title='bbox 1569 1557 1769 1600; x_wconf 84' lang='lat' dir='ltr'><strong>utramque</strong></span> 
     </span>
     <span class='ocr_line' id='line_1_26' title="bbox 322 1606 1772 1660; baseline -0.005 -11"><span class='ocrx_word' id='word_1_234' title='bbox 322 1610 471 1649; x_wconf 83' lang='lat' dir='ltr'><strong>Christi</strong></span> <span class='ocrx_word' id='word_1_235' title='bbox 492 1613 535 1648; x_wconf 92' lang='lat' dir='ltr'><strong>in</strong></span> <span class='ocrx_word' id='word_1_236' title='bbox 565 1612 681 1648; x_wconf 85' lang='lat' dir='ltr'><strong>terris</strong></span> <span class='ocrx_word' id='word_1_237' title='bbox 707 1613 963 1660; x_wconf 83' lang='lat' dir='ltr'><strong>praesentiam</strong></span> <span class='ocrx_word' id='word_1_238' title='bbox 994 1616 1188 1648; x_wconf 75' lang='lat' dir='ltr'><strong>commode</strong></span> <span class='ocrx_word' id='word_1_239' title='bbox 1216 1610 1522 1657; x_wconf 81' lang='lat' dir='ltr'><strong>transtulerunt,</strong></span> <span class='ocrx_word' id='word_1_240' title='bbox 1552 1614 1634 1644; x_wconf 91' lang='lat' dir='ltr'><strong>tum</strong></span> <span class='ocrx_word' id='word_1_241' title='bbox 1661 1606 1772 1643; x_wconf 81' lang='lat' dir='ltr'><strong>dein-</strong></span> 
     </span>
     <span class='ocr_line' id='line_1_27' title="bbox 322 1657 1772 1719; baseline -0.003 -15"><span class='ocrx_word' id='word_1_242' title='bbox 322 1680 411 1717; x_wconf 88' lang='lat' dir='ltr'><strong>ceps</strong></span> <span class='ocrx_word' id='word_1_243' title='bbox 440 1667 489 1705; x_wconf 86' lang='lat' dir='ltr'><strong>ad</strong></span> <span class='ocrx_word' id='word_1_244' title='bbox 518 1665 722 1716; x_wconf 80' lang='lat' dir='ltr'><strong>Martyres·</strong></span> <span class='ocrx_word' id='word_1_245' title='bbox 778 1665 900 1719; x_wconf 66' lang='lat' dir='ltr'><strong>Hap’</strong></span> <span class='ocrx_word' id='word_1_246' title='bbox 944 1658 1001 1706; x_wconf 74' lang='grc' dir='ltr'><strong>ὧν</strong></span> <span class='ocrx_word' id='word_1_247' title='bbox 1038 1665 1230 1717; x_wconf 60' lang='grc' dir='ltr'><em>δαίμονες</em></span> <span class='ocrx_word' id='word_1_248' title='bbox 1265 1661 1506 1703; x_wconf 74' lang='grc' dir='ltr'><strong><em>ἐλαύνονται</em></strong></span> <span class='ocrx_word' id='word_1_249' title='bbox 1539 1662 1608 1702; x_wconf 83' lang='grc' dir='ltr'><strong>καὶ</strong></span> <span class='ocrx_word' id='word_1_250' title='bbox 1653 1657 1772 1701; x_wconf 83' lang='grc' dir='ltr'><em>νόσοι</em></span> 
     </span>
     <span class='ocr_line' id='line_1_28' title="bbox 321 1713 1770 1775; baseline -0.006 -12"><span class='ocrx_word' id='word_1_251' title='bbox 321 1719 648 1775; x_wconf 74' lang='grc' dir='ltr'><em>θεραπεύονται·</em></span> <span class='ocrx_word' id='word_1_252' title='bbox 679 1714 736 1763; x_wconf 76' lang='grc' dir='ltr'><strong>ὧν</strong></span> <span class='ocrx_word' id='word_1_253' title='bbox 757 1721 801 1762; x_wconf 71' lang='grc' dir='ltr'><strong>αἱ</strong></span> <span class='ocrx_word' id='word_1_254' title='bbox 820 1718 1047 1775; x_wconf 76' lang='grc' dir='ltr'><em>ἐπιφάνειαι</em></span> <span class='ocrx_word' id='word_1_255' title='bbox 1067 1721 1136 1761; x_wconf 81' lang='grc' dir='ltr'><strong>καὶ</strong></span> <span class='ocrx_word' id='word_1_256' title='bbox 1158 1713 1215 1762; x_wconf 78' lang='grc' dir='ltr'><strong>ὧν</strong></span> <span class='ocrx_word' id='word_1_257' title='bbox 1247 1718 1292 1761; x_wconf 79' lang='grc' dir='ltr'><strong>αἶ</strong></span> <span class='ocrx_word' id='word_1_258' title='bbox 1309 1716 1576 1775; x_wconf 75' lang='grc' dir='ltr'><em>προρῥήσεις,</em></span> <span class='ocrx_word' id='word_1_259' title='bbox 1609 1718 1770 1769; x_wconf 84' lang='lat' dir='ltr'><strong>Gregor.</strong></span> 
     </span>
     <span class='ocr_line' id='line_1_29' title="bbox 323 1777 1091 1828; baseline -0.001 -9"><span class='ocrx_word' id='word_1_260' title='bbox 323 1780 488 1819; x_wconf 83' lang='lat' dir='ltr'><strong>Nazian.</strong></span> <span class='ocrx_word' id='word_1_261' title='bbox 509 1779 615 1816; x_wconf 86' lang='lat' dir='ltr'><strong>Orat.</strong></span> <span class='ocrx_word' id='word_1_262' title='bbox 636 1777 705 1818; x_wconf 89' lang='lat' dir='ltr'><strong>III.</strong></span> <span class='ocrx_word' id='word_1_263' title='bbox 727 1792 763 1828; x_wconf 91' lang='lat' dir='ltr'><strong>p.</strong></span> <span class='ocrx_word' id='word_1_264' title='bbox 785 1781 857 1822; x_wconf 88' lang='lat'><strong>77.</strong></span> <span class='ocrx_word' id='word_1_265' title='bbox 879 1779 926 1818; x_wconf 91' lang='lat' dir='ltr'><strong>A.</strong></span> <span class='ocrx_word' id='word_1_266' title='bbox 953 1778 1091 1818; x_wconf 84' lang='lat' dir='ltr'><strong>WESS.</strong></span> 
     </span>
    </p>

    <p class='ocr_par' dir='ltr' id='par_1_5' title="bbox 322 1830 1823 1998">
     <span class='ocr_line' id='line_1_30' title="bbox 438 1830 1772 1889; baseline -0.007 -13"><span class='ocrx_word' id='word_1_267' title='bbox 438 1837 513 1876; x_wconf 83' lang='lat'><strong>29.</strong></span> <span class='ocrx_word' id='word_1_268' title='bbox 538 1836 609 1875; x_wconf 84' lang='lat'><strong>74.</strong></span> <span class='ocrx_word' id='word_1_269' title='bbox 631 1832 754 1874; x_wconf 78' lang='grc' dir='ltr'><em>Κατὰ</em></span> <span class='ocrx_word' id='word_1_270' title='bbox 774 1833 872 1882; x_wconf 78' lang='grc' dir='ltr'><em>τοὺς</em></span> <span class='ocrx_word' id='word_1_271' title='bbox 888 1832 1043 1882; x_wconf 71' lang='grc' dir='ltr'><em>ὕπνους</em></span> <span class='ocrx_word' id='word_1_272' title='bbox 1068 1830 1372 1889; x_wconf 66' lang='grc' dir='ltr'><strong>ἐφισταμένην]</strong></span> <span class='ocrx_word' id='word_1_273' title='bbox 1401 1831 1699 1878; x_wconf 78' lang='lat' dir='ltr'><strong>Incubantibus,</strong></span> <span class='ocrx_word' id='word_1_274' title='bbox 1727 1837 1772 1867; x_wconf 82' lang='lat' dir='ltr'><strong>ut</strong></span> 
     </span>
     <span class='ocr_line' id='line_1_31' title="bbox 322 1885 1823 1944; baseline -0.006 -12"><span class='ocrx_word' id='word_1_275' title='bbox 322 1906 509 1944; x_wconf 87' lang='lat' dir='ltr'><strong>responsa</strong></span> <span class='ocrx_word' id='word_1_276' title='bbox 527 1903 708 1941; x_wconf 85' lang='lat' dir='ltr'><strong>opemque</strong></span> <span class='ocrx_word' id='word_1_277' title='bbox 727 1893 809 1931; x_wconf 77' lang='lat' dir='ltr'><strong>eius</strong></span> <span class='ocrx_word' id='word_1_278' title='bbox 828 1895 1067 1941; x_wconf 81' lang='lat' dir='ltr'><strong>acciperent3</strong></span> <span class='ocrx_word' id='word_1_279' title='bbox 1096 1904 1172 1941; x_wconf 87' lang='lat' dir='ltr'><strong>quo</strong></span> <span class='ocrx_word' id='word_1_280' title='bbox 1199 1902 1340 1941; x_wconf 85' lang='lat' dir='ltr'><strong>genere</strong></span> <span class='ocrx_word' id='word_1_281' title='bbox 1369 1889 1654 1942; x_wconf 76' lang='lat' dir='ltr'><strong>superstitionis</strong></span> <span class='ocrx_word' id='word_1_282' title='bbox 1672 1885 1772 1928; x_wconf 81' lang='lat' dir='ltr'><strong>nihil</strong></span> <span class='ocrx_word' id='word_1_283' title='bbox 1820 1899 1823 1901; x_wconf 67' lang='grc'><strong>’</strong></span> 
     </span>
     <span class='ocr_line' id='line_1_32' title="bbox 326 1947 1231 1998; baseline -0.003 -10"><span class='ocrx_word' id='word_1_284' title='bbox 326 1952 420 1989; x_wconf 84' lang='lat' dir='ltr'><strong>olim</strong></span> <span class='ocrx_word' id='word_1_285' title='bbox 439 1949 621 1987; x_wconf 79' lang='lat' dir='ltr'><strong>crebrius.</strong></span> <span class='ocrx_word' id='word_1_286' title='bbox 654 1947 844 1998; x_wconf 79' lang='lat' dir='ltr'><strong>Lycophr.</strong></span> <span class='ocrx_word' id='word_1_287' title='bbox 864 1947 1073 1986; x_wconf 86' lang='lat' dir='ltr'><strong>Alexandr.</strong></span> <span class='ocrx_word' id='word_1_288' title='bbox 1096 1947 1231 1988; x_wconf 88' lang='lat'><strong>1050.</strong></span> 
     </span>
    </p>

    <p class='ocr_par' dir='ltr' id='par_1_6' title="bbox 492 1999 1394 2057">
     <span class='ocr_line' id='line_1_33' title="bbox 492 1999 1394 2057; baseline -0.004 -12"><span class='ocrx_word' id='word_1_289' title='bbox 492 2004 655 2057; x_wconf 74' lang='grc' dir='ltr'><em>Λοραῒς</em></span> <span class='ocrx_word' id='word_1_290' title='bbox 675 2004 719 2044; x_wconf 73' lang='grc' dir='ltr'><strong>δὲ</strong></span> <span class='ocrx_word' id='word_1_291' title='bbox 738 2001 884 2056; x_wconf 74' lang='grc' dir='ltr'><em>μήλων</em></span> <span class='ocrx_word' id='word_1_292' title='bbox 903 2000 1063 2056; x_wconf 74' lang='grc' dir='ltr'><em>τύμβον</em></span> <span class='ocrx_word' id='word_1_293' title='bbox 1082 1999 1394 2056; x_wconf 74' lang='grc' dir='ltr'><em>ἓγκοιμωμὲνοις</em></span> 
     </span>
    </p>

    <p class='ocr_par' dir='ltr' id='par_1_7' title="bbox 327 2054 1774 2327">
     <span class='ocr_line' id='line_1_34' title="bbox 492 2054 1435 2114; baseline -0.005 -14"><span class='ocrx_word' id='word_1_294' title='bbox 492 2057 653 2114; x_wconf 75' lang='grc' dir='ltr'><em>Χρήσει</em></span> <span class='ocrx_word' id='word_1_295' title='bbox 683 2059 790 2100; x_wconf 69' lang='grc' dir='ltr'><strong>καθ’</strong></span> <span class='ocrx_word' id='word_1_296' title='bbox 826 2058 956 2101; x_wconf 67' lang='grc' dir='ltr'><em>ὕπνον</em></span> <span class='ocrx_word' id='word_1_297' title='bbox 977 2062 1076 2100; x_wconf 81' lang='grc' dir='ltr'><em>πᾶσι</em></span> <span class='ocrx_word' id='word_1_298' title='bbox 1096 2061 1276 2112; x_wconf 66' lang='grc' dir='ltr'><em>νημερτῆ</em></span> <span class='ocrx_word' id='word_1_299' title='bbox 1299 2054 1435 2112; x_wconf 77' lang='grc' dir='ltr'><strong>φάτιν.</strong></span> 
     </span>
     <span class='ocr_line' id='line_1_35' title="bbox 327 2111 1770 2169; baseline -0.003 -15"><span class='ocrx_word' id='word_1_300' title='bbox 327 2117 537 2167; x_wconf 83' lang='lat' dir='ltr'><strong>Praecipue</strong></span> <span class='ocrx_word' id='word_1_301' title='bbox 557 2119 599 2154; x_wconf 89' lang='lat' dir='ltr'><strong>in</strong></span> <span class='ocrx_word' id='word_1_302' title='bbox 629 2116 806 2169; x_wconf 80' lang='lat' dir='ltr'><strong>Aegypto</strong></span> <span class='ocrx_word' id='word_1_303' title='bbox 826 2120 868 2156; x_wconf 85' lang='lat' dir='ltr'><strong>in</strong></span> <span class='ocrx_word' id='word_1_304' title='bbox 894 2117 1008 2156; x_wconf 87' lang='lat' dir='ltr'><strong>Isidis</strong></span> <span class='ocrx_word' id='word_1_305' title='bbox 1027 2123 1095 2154; x_wconf 85' lang='lat' dir='ltr'><strong>aut</strong></span> <span class='ocrx_word' id='word_1_306' title='bbox 1115 2115 1312 2163; x_wconf 86' lang='lat' dir='ltr'><strong>Serapidis</strong></span> <span class='ocrx_word' id='word_1_307' title='bbox 1331 2114 1445 2160; x_wconf 83' lang='lat' dir='ltr'><strong>aede,</strong></span> <span class='ocrx_word' id='word_1_308' title='bbox 1474 2120 1518 2153; x_wconf 77' lang='lat' dir='ltr'><strong>ut</strong></span> <span class='ocrx_word' id='word_1_309' title='bbox 1535 2113 1635 2162; x_wconf 82' lang='lat' dir='ltr'><strong>apud</strong></span> <span class='ocrx_word' id='word_1_310' title='bbox 1653 2111 1770 2152; x_wconf 68' lang='lat' dir='ltr'><strong>Dion.</strong></span> 
     </span>
     <span class='ocr_line' id='line_1_36' title="bbox 327 2169 1772 2224; baseline -0.004 -13"><span class='ocrx_word' id='word_1_311' title='bbox 327 2173 525 2224; x_wconf 80' lang='lat' dir='ltr'><strong>Chrysost.</strong></span> <span class='ocrx_word' id='word_1_312' title='bbox 555 2173 662 2211; x_wconf 83' lang='lat' dir='ltr'><strong>Orat.</strong></span> <span class='ocrx_word' id='word_1_313' title='bbox 694 2174 868 2212; x_wconf 87' lang='lat' dir='ltr'><strong>XXXII.</strong></span> <span class='ocrx_word' id='word_1_314' title='bbox 895 2187 931 2223; x_wconf 89' lang='lat' dir='ltr'><strong>p.</strong></span> <span class='ocrx_word' id='word_1_315' title='bbox 964 2174 1070 2215; x_wconf 86' lang='grc'><strong>364.</strong></span> <span class='ocrx_word' id='word_1_316' title='bbox 1109 2172 1150 2211; x_wconf 92' lang='lat' dir='ltr'><strong>C.</strong></span> <span class='ocrx_word' id='word_1_317' title='bbox 1189 2179 1227 2211; x_wconf 83' lang='lat' dir='ltr'><strong>et</strong></span> <span class='ocrx_word' id='word_1_318' title='bbox 1256 2170 1384 2209; x_wconf 79' lang='lat' dir='ltr'><strong>Strab.</strong></span> <span class='ocrx_word' id='word_1_319' title='bbox 1412 2169 1539 2208; x_wconf 82' lang='lat' dir='ltr'><strong>XVII.</strong></span> <span class='ocrx_word' id='word_1_320' title='bbox 1569 2182 1604 2218; x_wconf 89' lang='lat' dir='ltr'><strong>p.</strong></span> <span class='ocrx_word' id='word_1_321' title='bbox 1637 2170 1772 2211; x_wconf 83' lang='lat'><strong>1152.</strong></span> 
     </span>
     <span class='ocr_line' id='line_1_37' title="bbox 327 2226 1774 2284; baseline -0.005 -15"><span class='ocrx_word' id='word_1_322' title='bbox 327 2229 452 2279; x_wconf 84' lang='lat' dir='ltr'><strong>Atque</strong></span> <span class='ocrx_word' id='word_1_323' title='bbox 479 2229 574 2267; x_wconf 86' lang='lat' dir='ltr'><strong>haec</strong></span> <span class='ocrx_word' id='word_1_324' title='bbox 601 2236 661 2267; x_wconf 90' lang='lat' dir='ltr'><strong>est</strong></span> <span class='ocrx_word' id='word_1_325' title='bbox 689 2230 922 2284; x_wconf 57' lang='lat' dir='ltr'><strong>{ynot&#39;pwlotg</strong></span> <span class='ocrx_word' id='word_1_326' title='bbox 950 2229 992 2270; x_wconf 76' lang='grc' dir='ltr'><strong>ἐν</strong></span> <span class='ocrx_word' id='word_1_327' title='bbox 1019 2233 1107 2277; x_wconf 83' lang='grc' dir='ltr'><em>τοῖς</em></span> <span class='ocrx_word' id='word_1_328' title='bbox 1136 2226 1279 2283; x_wconf 73' lang='grc' dir='ltr'><strong>ἱεραῖς,</strong></span> <span class='ocrx_word' id='word_1_329' title='bbox 1319 2228 1365 2265; x_wconf 91' lang='lat' dir='ltr'><strong>de</strong></span> <span class='ocrx_word' id='word_1_330' title='bbox 1395 2240 1470 2278; x_wconf 87' lang='lat' dir='ltr'><strong>qua</strong></span> <span class='ocrx_word' id='word_1_331' title='bbox 1496 2227 1652 2264; x_wconf 81' lang='lat' dir='ltr'><strong>uberius</strong></span> <span class='ocrx_word' id='word_1_332' title='bbox 1669 2226 1774 2263; x_wconf 79' lang='lat' dir='ltr'><strong>infra</strong></span> 
     </span>
     <span class='ocr_line' id='line_1_38' title="bbox 329 2285 620 2327; baseline -0.007 -3"><span class='ocrx_word' id='word_1_333' title='bbox 329 2301 364 2325; x_wconf 83' lang='lat' dir='ltr'><strong>c.</strong></span> <span class='ocrx_word' id='word_1_334' title='bbox 389 2288 462 2327; x_wconf 85' lang='lat'><strong>53.</strong></span> <span class='ocrx_word' id='word_1_335' title='bbox 487 2285 620 2323; x_wconf 82' lang='lat' dir='ltr'><strong>WEss..</strong></span> 
     </span>
    </p>

    <p class='ocr_par' dir='ltr' id='par_1_8' title="bbox 330 2336 1775 2662">
     <span class='ocr_line' id='line_1_39' title="bbox 444 2336 1774 2395; baseline -0.008 -11"><span class='ocrx_word' id='word_1_336' title='bbox 444 2343 516 2382; x_wconf 81' lang='lat'><strong>30-</strong></span> <span class='ocrx_word' id='word_1_337' title='bbox 549 2345 620 2383; x_wconf 81' lang='lat'><strong>82.</strong></span> <span class='ocrx_word' id='word_1_338' title='bbox 665 2340 725 2382; x_wconf 84' lang='grc' dir='ltr'><strong>Τὸ</strong></span> <span class='ocrx_word' id='word_1_339' title='bbox 769 2344 844 2395; x_wconf 76' lang='grc' dir='ltr'><strong>τῆς</strong></span> <span class='ocrx_word' id='word_1_340' title='bbox 886 2340 1124 2389; x_wconf 71' lang='grc' dir='ltr'><em>ἀθανασίας</em></span> <span class='ocrx_word' id='word_1_341' title='bbox 1169 2336 1418 2394; x_wconf 60' lang='grc' dir='ltr'><em>φάρμακον]</em></span> <span class='ocrx_word' id='word_1_342' title='bbox 1468 2338 1644 2377; x_wconf 79' lang='lat' dir='ltr'><strong>Meminit</strong></span> <span class='ocrx_word' id='word_1_343' title='bbox 1690 2340 1774 2386; x_wconf 78' lang='lat' dir='ltr'><strong>ipsa,</strong></span> 
     </span>
     <span class='ocr_line' id='line_1_40' title="bbox 330 2393 1775 2453; baseline -0.007 -13"><span class='ocrx_word' id='word_1_344' title='bbox 330 2395 577 2453; x_wconf 69' lang='grc' dir='ltr'><em>ἀφθαρσίας</em></span> <span class='ocrx_word' id='word_1_345' title='bbox 606 2395 829 2450; x_wconf 75' lang='grc' dir='ltr'><em>φαρμάκου</em></span> <span class='ocrx_word' id='word_1_346' title='bbox 848 2412 898 2437; x_wconf 84' lang='lat' dir='ltr'><strong>ex</strong></span> <span class='ocrx_word' id='word_1_347' title='bbox 920 2399 1113 2436; x_wconf 78' lang='lat' dir='ltr'><strong>Hermetis</strong></span> <span class='ocrx_word' id='word_1_348' title='bbox 1131 2399 1244 2436; x_wconf 81' lang='lat' dir='ltr'><strong>libris</strong></span> <span class='ocrx_word' id='word_1_349' title='bbox 1263 2399 1306 2434; x_wconf 85' lang='lat' dir='ltr'><strong>in</strong></span> <span class='ocrx_word' id='word_1_350' title='bbox 1324 2395 1458 2447; x_wconf 85' lang='lat' dir='ltr'><strong>Eclog.</strong></span> <span class='ocrx_word' id='word_1_351' title='bbox 1479 2394 1595 2445; x_wconf 78' lang='lat' dir='ltr'><strong>Phys.</strong></span> <span class='ocrx_word' id='word_1_352' title='bbox 1616 2393 1775 2432; x_wconf 81' lang='lat' dir='ltr'><strong>Stobaei</strong></span> 
     </span>
     <span class='ocr_line' id='line_1_41' title="bbox 331 2449 1774 2507; baseline -0.005 -15"><span class='ocrx_word' id='word_1_353' title='bbox 331 2469 368 2505; x_wconf 90' lang='lat' dir='ltr'><strong>p.</strong></span> <span class='ocrx_word' id='word_1_354' title='bbox 393 2457 494 2496; x_wconf 89' lang='lat'><strong>117-</strong></span> <span class='ocrx_word' id='word_1_355' title='bbox 527 2455 628 2503; x_wconf 80' lang='lat' dir='ltr'><strong>quod</strong></span> <span class='ocrx_word' id='word_1_356' title='bbox 646 2456 809 2492; x_wconf 85' lang='lat' dir='ltr'><strong>fortasse</strong></span> <span class='ocrx_word' id='word_1_357' title='bbox 830 2456 974 2494; x_wconf 86' lang='lat' dir='ltr'><strong>diversi</strong></span> <span class='ocrx_word' id='word_1_358' title='bbox 996 2457 1161 2507; x_wconf 83' lang='lat' dir='ltr'><strong>generis.</strong></span> <span class='ocrx_word' id='word_1_359' title='bbox 1214 2453 1369 2493; x_wconf 78' lang='lat' dir='ltr'><strong>Horum</strong></span> <span class='ocrx_word' id='word_1_360' title='bbox 1398 2454 1541 2501; x_wconf 83' lang='lat' dir='ltr'><strong>pariter</strong></span> <span class='ocrx_word' id='word_1_361' title='bbox 1565 2464 1609 2488; x_wconf 88' lang='lat' dir='ltr'><strong>ac</strong></span> <span class='ocrx_word' id='word_1_362' title='bbox 1639 2449 1774 2487; x_wconf 87' lang='lat' dir='ltr'><strong>Osirin</strong></span> 
     </span>
     <span class='ocr_line' id='line_1_42' title="bbox 331 2506 1774 2560; baseline -0.006 -10"><span class='ocrx_word' id='word_1_363' title='bbox 331 2525 356 2550; x_wconf 86' lang='lat' dir='ltr'><strong>a</strong></span> <span class='ocrx_word' id='word_1_364' title='bbox 373 2511 407 2549; x_wconf 91' lang='lat' dir='ltr'>T</span> <span class='ocrx_word' id='word_1_365' title='bbox 411 2512 580 2549; x_wconf 87' lang='lat' dir='ltr'><strong>itanibus</strong></span> <span class='ocrx_word' id='word_1_366' title='bbox 611 2514 829 2559; x_wconf 68' lang='lat' dir='ltr'><strong>(cr-tuatim,</strong></span> <span class='ocrx_word' id='word_1_367' title='bbox 859 2519 902 2549; x_wconf 88' lang='lat' dir='ltr'><strong>ut</strong></span> <span class='ocrx_word' id='word_1_368' title='bbox 927 2511 958 2549; x_wconf 84' lang='lat' dir='ltr'><strong>F</strong></span> <span class='ocrx_word' id='word_1_369' title='bbox 962 2515 1117 2549; x_wconf 88' lang='lat' dir='ltr'><strong>irmicus</strong></span> <span class='ocrx_word' id='word_1_370' title='bbox 1146 2512 1340 2560; x_wconf 84' lang='lat' dir='ltr'><strong>loquitur,</strong></span> <span class='ocrx_word' id='word_1_371' title='bbox 1370 2509 1571 2546; x_wconf 82' lang='lat' dir='ltr'><strong>discissum</strong></span> <span class='ocrx_word' id='word_1_372' title='bbox 1599 2506 1774 2555; x_wconf 83' lang='lat' dir='ltr'><strong>perhibe-</strong></span> 
     </span>
     <span class='ocr_line' id='line_1_43' title="bbox 331 2562 1772 2621; baseline -0.003 -15"><span class='ocrx_word' id='word_1_373' title='bbox 331 2568 449 2616; x_wconf 84' lang='lat' dir='ltr'><strong>bant,</strong></span> <span class='ocrx_word' id='word_1_374' title='bbox 476 2578 657 2616; x_wconf 86' lang='lat' dir='ltr'><strong>quorsum</strong></span> <span class='ocrx_word' id='word_1_375' title='bbox 676 2570 750 2607; x_wconf 81' lang='grc' dir='ltr'><strong>τοῦ</strong></span> <span class='ocrx_word' id='word_1_376' title='bbox 761 2565 892 2621; x_wconf 77' lang='grc' dir='ltr'><em>’Ώρου</em></span> <span class='ocrx_word' id='word_1_377' title='bbox 914 2565 1183 2620; x_wconf 69' lang='grc' dir='ltr'><em>διαμελισμός</em></span> <span class='ocrx_word' id='word_1_378' title='bbox 1210 2566 1310 2617; x_wconf 86' lang='lat' dir='ltr'><strong>apud</strong></span> <span class='ocrx_word' id='word_1_379' title='bbox 1342 2565 1443 2604; x_wconf 86' lang='lat' dir='ltr'><strong>Plut.</strong></span> <span class='ocrx_word' id='word_1_380' title='bbox 1461 2562 1522 2617; x_wconf 78' lang='grc' dir='ltr'><strong>ιΤ..</strong></span> <span class='ocrx_word' id='word_1_381' title='bbox 1539 2563 1587 2603; x_wconf 79' lang='grc'><strong>11.</strong></span> <span class='ocrx_word' id='word_1_382' title='bbox 1607 2577 1643 2613; x_wconf 90' lang='lat' dir='ltr'><strong>p.</strong></span> <span class='ocrx_word' id='word_1_383' title='bbox 1668 2563 1772 2602; x_wconf 81' lang='grc'><strong>358-</strong></span> 
     </span>
     <span class='ocr_line' id='line_1_44' title="bbox 333 2625 468 2662; baseline -0.015 0"><span class='ocrx_word' id='word_1_384' title='bbox 333 2625 468 2662; x_wconf 67' lang='lat' dir='ltr'><strong>Wssss.</strong></span> 
     </span>
    </p>

    <p class='ocr_par' dir='ltr' id='par_1_9' title="bbox 333 2672 1775 2845">
     <span class='ocr_line' id='line_1_45' title="bbox 447 2672 1775 2731; baseline -0.008 -11"><span class='ocrx_word' id='word_1_385' title='bbox 447 2681 521 2720; x_wconf 70' lang='lat'><strong>30-</strong></span> <span class='ocrx_word' id='word_1_386' title='bbox 545 2680 617 2720; x_wconf 89' lang='lat'><strong>89.</strong></span> <span class='ocrx_word' id='word_1_387' title='bbox 636 2675 877 2721; x_wconf 79' lang='grc' dir='ltr'><em>Ἀπόλλωνα</em></span> <span class='ocrx_word' id='word_1_388' title='bbox 896 2675 1120 2731; x_wconf 65' lang='grc' dir='ltr'><em>ὑπάρχειν]</em></span> <span class='ocrx_word' id='word_1_389' title='bbox 1149 2678 1208 2717; x_wconf 86' lang='lat' dir='ltr'><strong>De</strong></span> <span class='ocrx_word' id='word_1_390' title='bbox 1226 2677 1397 2715; x_wconf 79' lang='lat' dir='ltr'><strong>Deorum</strong></span> <span class='ocrx_word' id='word_1_391' title='bbox 1415 2678 1555 2714; x_wconf 38' lang='lat' dir='ltr'><strong>ultimo.</strong></span> <span class='ocrx_word' id='word_1_392' title='bbox 1577 2677 1677 2713; x_wconf 81' lang='lat' dir='ltr'><strong>inter</strong></span> <span class='ocrx_word' id='word_1_393' title='bbox 1699 2672 1775 2709; x_wconf 87' lang='lat' dir='ltr'><strong>Ae·-</strong></span> 
     </span>
     <span class='ocr_line' id='line_1_46' title="bbox 333 2727 1773 2787; baseline -0.006 -14"><span class='ocrx_word' id='word_1_394' title='bbox 333 2738 555 2787; x_wconf 83' lang='lat' dir='ltr'><strong>gyptiorum</strong></span> <span class='ocrx_word' id='word_1_395' title='bbox 583 2749 693 2786; x_wconf 77' lang='lat' dir='ltr'><strong>reges</strong></span> <span class='ocrx_word' id='word_1_396' title='bbox 722 2734 853 2782; x_wconf 85' lang='lat' dir='ltr'><strong>Horo,</strong></span> <span class='ocrx_word' id='word_1_397' title='bbox 889 2739 957 2784; x_wconf 88' lang='lat' dir='ltr'><strong>qui</strong></span> <span class='ocrx_word' id='word_1_398' title='bbox 986 2736 1146 2774; x_wconf 85' lang='lat' dir='ltr'><strong>Graecis</strong></span> <span class='ocrx_word' id='word_1_399' title='bbox 1176 2735 1336 2786; x_wconf 81' lang='lat' dir='ltr'><strong>Apollo,</strong></span> <span class='ocrx_word' id='word_1_400' title='bbox 1373 2735 1480 2783; x_wconf 78' lang='lat' dir='ltr'><strong>paria</strong></span> <span class='ocrx_word' id='word_1_401' title='bbox 1514 2730 1698 2770; x_wconf 73' lang='lat' dir='ltr'><strong>Herodot.</strong></span> <span class='ocrx_word' id='word_1_402' title='bbox 1725 2727 1773 2766; x_wconf 89' lang='lat'><strong>11.</strong></span> 
     </span>
     <span class='ocr_line' id='line_1_47' title="bbox 338 2790 1773 2845; baseline -0.009 -11"><span class='ocrx_word' id='word_1_403' title='bbox 338 2793 442 2834; x_wconf 81' lang='lat'><strong>144.</strong></span> <span class='ocrx_word' id='word_1_404' title='bbox 472 2793 591 2844; x_wconf 77' lang='lat' dir='ltr'><strong>Apud</strong></span> <span class='ocrx_word' id='word_1_405' title='bbox 608 2793 761 2833; x_wconf 78' lang='lat' dir='ltr'><strong>eosdem.</strong></span> <span class='ocrx_word' id='word_1_406' title='bbox 781 2792 947 2844; x_wconf 75' lang='lat' dir='ltr'><strong>Apelle,</strong></span> <span class='ocrx_word' id='word_1_407' title='bbox 975 2795 1045 2845; x_wconf 78' lang='lat' dir='ltr'><strong>qui</strong></span> <span class='ocrx_word' id='word_1_408' title='bbox 1072 2799 1130 2830; x_wconf 80' lang='lat' dir='ltr'><strong>est</strong></span> <span class='ocrx_word' id='word_1_409' title='bbox 1148 2793 1227 2839; x_wconf 81' lang='lat' dir='ltr'><strong>sol,</strong></span> <span class='ocrx_word' id='word_1_410' title='bbox 1256 2790 1395 2828; x_wconf 66' lang='lat' dir='ltr'><strong>Horas</strong></span> <span class='ocrx_word' id='word_1_411' title='bbox 1412 2795 1601 2834; x_wconf 76' lang='lat' dir='ltr'><strong>vocatur,</strong></span> <span class='ocrx_word' id='word_1_412' title='bbox 1628 2800 1676 2824; x_wconf 65' lang='lat' dir='ltr'><strong>ex</strong></span> <span class='ocrx_word' id='word_1_413' title='bbox 1701 2798 1773 2836; x_wconf 78' lang='lat' dir='ltr'><strong>quo</strong></span> 
     </span>
    </p>
   </div>
  </div>
 </body>
</html>
