1828 3253
305 176 395 218 104
742 170 1264 213 >ANNO'I'A'l'lONES

305 289 422 328 verba
440 293 550 335 sunt,
580 287 821 337 βασιλεῦσαι
851 286 896 328 δὲ
913 284 986 329 τὸν
1006 285 1153 328 Χέοπα
1172 289 1319 328 τοῦτον
1338 282 1556 340 Αἷγῦπτιοι
1577 283 1735 340 λέγουσι

306 340 556 394 πεντήκοντα
585 341 686 383 ἔτεα.
731 341 1048 397 τελευτήσαντος
1086 344 1130 383 δὲ
1165 341 1339 392 τούτου,
1377 341 1621 390 ἐκδέξασθαι
1659 341 1735 395 τὴν

305 400 526 451 βασιληΐην
565 397 638 439 τὸν
677 398 876 454 ἀδελφεὸν
918 398 1045 440 αὐτοῦ
1088 402 1303 453 λέφρῆνα.
1359 399 1436 436 Ubi
1476 399 1736 437 animadverte

307 456 536 493 Chemmidis
569 458 649 494 sive
679 455 839 507 Cheopis
869 458 1026 494 fratrem
1053 457 1099 494 ab
1120 455 1315 494 Herodoto
1334 463 1372 493 et
1392 455 1563 492 Diodoro
1583 457 1736 492 nomine

306 512 437 548 eodem
465 514 671 562 appellari,
700 515 777 550 nisi
804 513 903 562 quod
937 513 997 551 hic
1027 516 1229 561 aspiratam
1255 527 1283 562 χ
1313 515 1355 549 ἰη
1384 519 1536 549 tenuem
1560 526 1583 550 κ
1609 513 1738 549 vertit.

308 568 364 605 Ab
385 568 456 606 hoc
477 571 577 605 enim
597 567 790 622 Κεφρὴν,
823 570 867 607 ab
897 571 964 607 illo
992 567 1168 623 Χεφρὴν
1197 569 1347 606 dicitur.
1403 567 1556 605 Falsum
1585 574 1643 604 est
1663 569 1740 617 igi-

309 632 394 672 tur,
422 625 522 674 quod
542 626 694 673 quidam
712 628 969 675 scripserunt,
994 639 1105 676 quem
1124 625 1341 663 Herodotus
1360 623 1619 673 Chephrenem
1639 636 1741 660 nun-

311 687 445 728 cupet,
477 694 562 718 eum
580 695 602 718 a
619 681 790 719 Diodoro
813 681 979 733 Cephum
1007 687 1146 720 vocari.
1181 681 1333 719 STEPH.
1391 679 1563 717 Restitue
1592 681 1741 730 ,ΠΊυχε-

312 741 436 788 ρΐνον.
463 735 596 774 ΒΗΟΒ.
645 734 720 776 ςὈν
748 753 852 784 τινες
894 736 1153 791 Νῐεχερΐνον]
1191 737 1291 774 Dedi
1328 739 1481 785 scriptis
1519 735 1664 782 Codd.‚
1698 741 1742 771 ut

311 792 381 828 hoe
412 794 453 829 in
480 795 672 844 integrum
694 797 972 832 restitueretur.
1027 794 1214 831 Videntur
1235 794 1505 833 Mac-herinum
1526 799 1564 829 et
1585 791 1745 829 Meche-

311 851 439 886 riuum
473 851 550 887 levi
585 853 670 887 soni
707 851 926 887 discrimine
956 852 1184 901 appellasse:
1225 852 1425 901 vulgatum
1459 855 1559 884 certe
1589 848 1741 898 quidem

311 907 465 956 propius
493 904 582 942 hino
621 918 732 956 quam
749 920 771 944 a
801 905 987 956 Stephani
1015 909 1233 944 coniectura
1261 908 1378 944 abest.
1413 905 1548 944 Wssss.

427 973 498 1013 74.
523 974 593 1014 84.
634 970 721 1011 Ἐπὶ
752 973 1036 1013 πεντεκαίδεκα
1070 969 1249 1023 δόμους]
1278 973 1336 1009 Ad
1363 983 1423 1010 xv
1451 971 1617 1021 lapidum
1639 971 1743 1008 ordi-

311 1041 400 1067 nem
420 1031 501 1066 sive
523 1042 751 1080 conpagcm:
778 1029 960 1069 Herodot‚
987 1029 1033 1067 II.
1063 1031 1165 1069 127.
1194 1024 1420 1079 ὗποδειζιιας
1452 1027 1496 1066 δὲ
1525 1024 1598 1066 τὸν
1627 1028 1744 1080 πρῶ-

312 1099 384 1124 ’τον
405 1080 534 1135 δόμον
553 1084 676 1124 λίθου
697 1085 952 1125 Αἰθιοπικοῦ
983 1085 1189 1132 ποικίλου,
1218 1099 1302 1122 oum
1321 1087 1499 1137 primam
1531 1096 1744 1135 compagem

314 1154 363 1178 ea:
392 1141 622 1193 Aethiopico
649 1143 889 1180 versicolore
920 1142 1051 1193 lapide
1079 1144 1313 1179 struasisset:
1344 1143 1399 1177 sic
1429 1142 1531 1177 enim
1547 1146 1649 1176 recte
1669 1139 1744 1175 lac.

314 1196 506 1244 Gronov.⁹
526 1211 636 1247 quem
656 1198 745 1235 vide
774 1201 816 1236 in
835 1198 1001 1236 eiusdem
1021 1198 1050 1236 Ι.
1077 1199 1178 1239 179.
1210 1196 1397 1236 Rhodum.
1416 1198 1660 1246 contignatio
1682 1195 1745 1232 hio

311 1265 390 1291 non
410 1254 579 1304 quadrat.
605 1254 738 1292 wives.
1174 1263 1177 1266 ⁴

427 1322 499 1361 74.
534 1322 604 1362 85.
648 1319 716 1360 Ἐκ
755 1320 934 1373 μέλανος
982 1319 1139 1373 λίθου]
1201 1320 1329 1358 Minus
1378 1320 1556 1357 distincte
1596 1319 1746 1357 Plinius

312 1375 504 1414 XXXVI.
529 1380 598 1419 12.
640 1381 762 1417 tertia
792 1381 919 1416 minor
944 1375 1119 1430 quidem,
1154 1379 1224 1416 sed
1251 1378 1369 1414 oculto
1399 1379 1637 1428 spectatior,
1667 1375 1747 1414 Ae-

316 1433 499 1484 thiopicis
522 1434 716 1486 lapidibus
737 1438 924 1485 assurgit.
980 1435 1113 1483 Neque
1136 1437 1237 1470 enim
1256 1439 1337 1470 tota
1358 1445 1404 1470 ex
1434 1446 1477 1469 eo
1501 1433 1646 1480 lapide,
1680 1431 1746 1469 sed

314 1488 370 1534 εἷς
399 1487 445 1528 τὸ
479 1486 628 1541 ἣμισυ,
653 1491 702 1528 ad
731 1492 896 1529 medium
931 1504 1050 1540 usque
1081 1489 1264 1527 Herodot.
1304 1488 1352 1526 ΙΙ.
1384 1489 1486 1529 134.
1530 1496 1568 1527 et
1605 1487 1745 1525 Strabo

314 1543 438 1582 XVII.
461 1560 496 1596 p.
523 1549 676 1594 1161„
713 1550 777 1597 qui
806 1550 962 1596 insuper
989 1547 1116 1593 addit,
1155 1546 1320 1594 lapidem
1351 1559 1436 1582 eum
1457 1557 1505 1581 ex
1524 1543 1746 1592 Aethiopiae

313 1603 505 1639 montibus
544 1603 708 1650 deferri,
747 1603 883 1640 (lurum
921 1616 1024 1651 esse,
1061 1609 1099 1639 et
1127 1604 1320 1639 mortariis
1349 1601 1532 1638 navandis
1561 1599 1745 1638 habilem:

313 1657 441 1695 Plinio
460 1657 648 1697 XXXVI.
676 1655 714 1699 7.
743 1658 932 1697 Basaltes
949 1667 1027 1707 est,
1055 1660 1173 1696 ferrei
1193 1660 1332 1694 coloris
1356 1664 1393 1693 et
1413 1657 1590 1696 duritiae,
1623 1655 1747 1705 Atque

313 1715 367 1750 ita
386 1714 537 1762 quidem
555 1728 672 1764 paene
692 1714 751 1752 his
772 1716 1020 1764 scriptoribus
1046 1717 1240 1761 convenit,
1260 1725 1352 1761 quos
1371 1712 1415 1751 P.
1433 1711 1614 1750 Belonius
1634 1719 1747 1761 atque

316 1772 383 1807 alii
413 1778 640 1818 sequuntur:
671 1773 736 1821 qui
766 1785 858 1810 vero
888 1773 1124 1808 accuratiore
1155 1770 1355 1821 diligentia
1387 1769 1623 1819 pyramidem
1648 1768 1748 1806 hanc

314 1828 568 1874 examinavit,
596 1826 760 1864 candido
782 1828 908 1876 lapide
931 1833 1163 1866 exstructam
1183 1825 1476 1873 animadvertit,
1504 1824 1558 1862 10.
1581 1824 1746 1863 Gravius

313 1881 576 1933 Pyramidogr.
597 1897 632 1934 Ρ.
657 1884 758 1924 112.
799 1883 934 1922 ἛΥΕΞΞ.

427 1950 497 1990 74.
520 1952 590 1990 89.
616 1948 924 2004 Ἐπιγέγραπται
948 1949 1212 2003 ΖΙἸυκερῖνος]
1250 1948 1402 1986 Nomen
1423 1947 1463 1985 id
1485 1950 1582 1984 aeris
1601 1954 1747 1999 tempo-

312 2016 470 2053 rumque
487 2008 627 2044 iuiuria
646 2008 757 2058 plane
780 2007 962 2055 defluxit3
990 2007 1090 2045 idem
1118 2006 1285 2044 Gravius
1306 2018 1342 2054 p.
1367 2005 1470 2045 113.
1498 2003 1633 2044 ⁷WESS.

426 2073 497 2114 74.
520 2074 593 2114 93.
630 2073 716 2114 Καὶ
747 2073 908 2130 πρᾷον]
936 2073 1043 2111 Haec
1063 2080 1321 2112 exauctorato.
1354 2071 1490 2110 Rnon.

426 2141 499 2181 74.
524 2141 596 2181 96.
632 2138 755 2179 Κατὰ
785 2139 829 2180 δὲ
862 2138 960 2187 τοὺς
981 2137 1300 2194 χρηματισμοὺς
1326 2139 1428 2191 em]
1473 2137 1657 2176 Scholion
1678 2136 1747 2178 καὶ

313 2191 389 2241 τὰς
406 2198 602 2246 μαντείας
624 2195 808 2235 Rhodum.
829 2199 870 2234 in
889 2197 1063 2235 fraudem
1084 2197 1230 2244 induit,
1259 2203 1302 2232 ut
1324 2198 1364 2235 in
1388 2195 1563 2233 Deorum
1583 2207 1747 2246 respon-

314 2263 359 2287 sa
383 2260 423 2289 et
447 2254 612 2290 oracula
644 2259 831 2300 verteret,
856 2253 992 2303 quibus
1011 2254 1140 2290 nullus
1159 2253 1222 2289 hic
1241 2252 1394 2302 quidem
1414 2253 1543 2299 locus,
1575 2253 1688 2288 sicuti
1709 2257 1747 2287 et

312 2310 393 2357 ipse
424 2308 512 2345 dein
539 2308 820 2347 animadvertit.
876 2308 1156 2362 λ’ρηματίζειν
1187 2315 1335 2359 praeter
1362 2310 1439 2345 alia
1478 2320 1548 2344 rex
1580 2307 1745 2345 iudexve

313 2364 474 2411 dicitur,
504 2377 617 2415 quum
636 2365 681 2401 de
701 2367 782 2402 iure
804 2365 951 2402 civibus
966 2365 1194 2416 respondet:
1224 2364 1384 2414 Appian.
1407 2363 1473 2401 111.
1496 2361 1540 2402 Β.
1566 2361 1606 2400 C.
1625 2361 1690 2399 IV.
1709 2375 1746 2412 p.

315 2422 418 2460 882.
449 2419 510 2459 ἐπὶ
548 2422 620 2459 τοῦ
651 2423 920 2473 στρατηγικοῦ
949 2417 1160 2472 βήματος,
1189 2417 1294 2459 ἔνθα
1325 2415 1345 2460 ὃ
1375 2415 1606 2472 Τρεβώνιος
1627 2417 1746 2470 ἔχρη-

309 2472 454 2526 ,aarum
467 2503 478 2522 ‚
504 2475 569 2513 ubi
594 2476 809 2514 Trebonius
826 2480 888 2514 ias
908 2478 1075 2515 reddere
1095 2476 1257 2515 solebat.
1299 2482 1337 2512 et
1351 2471 1642 2527 χρηματισμὸς
1663 2477 1746 2522 ipsa

311 2532 525 2569 iurisdictio
553 2533 642 2568 infr.
663 2547 695 2572 c.
722 2535 792 2572 70.
819 2533 1030 2581 indicisque
1060 2534 1270 2579 sententia,
1298 2542 1410 2579 quam
1438 2533 1503 2578 qui
1530 2530 1747 2567 adulterant

309 2593 564 2640 mantuani&
582 2589 749 2637 ψευδεῖς
764 2586 1082 2641 χρηματισμοὺς
1100 2585 1327 2642 γράφοντες
1345 2601 1377 2623 0·
1402 2589 1472 2627 78.
1505 2585 1562 2622 De
1592 2586 1744 2623 iudiciis

310 2650 439 2681 autem
465 2643 526 2681 hic
560 2646 622 2694 agi
657 2652 695 2681 et
725 2658 768 2681 ea
796 2656 892 2693 quae
922 2647 1096 2694 proxime
1121 2649 1407 2694 consequuntur
1442 2649 1480 2681 et
1496 2641 1680 2685 Herodoti
1697 2640 1745 2678 ΙΙ.

313 2701 418 2740 129.
451 2699 637 2738 indicant.
672 2699 805 2738 WESS.

424 2757 496 2796 74-
522 2757 595 2795 99.
638 2755 732 2795 Εἰσὶ
760 2755 805 2795 δὲ
833 2754 901 2794 καὶ
930 2751 1050 2795 ἄλλαι
1078 2755 1210 2808 τρεῖς]
1240 2753 1335 2792 Illae
1374 2755 1417 2793 in
1445 2752 1539 2791 haec
1575 2760 1745 2802 tempora

309 2808 411 2849 haud
443 2811 605 2859 durant,
641 2814 781 2850 nisi-si
811 2813 913 2850 inter
942 2824 1006 2850 eas
1035 2813 1160 2851 locum
1184 2817 1390 2862 occupent,
1422 2812 1516 2860 quae
1534 2811 1576 2847 in
1591 2808 1744 2847 Africae
