1828 3253
265 85 355 127 532
631 101 633 104 ·
722 77 1242 118 ANNOTATIONES

376 193 468 235 448
515 193 555 232 3.
588 189 838 245 Στρατηγεΐν
857 189 920 231 ἐπὶ
940 193 1013 231 τοῦ
1034 188 1235 243 πολέμου]
1268 190 1355 229 Non
1374 193 1498 240 placet
1516 190 1588 228 hoc
1609 190 1702 229 mihi

266 254 353 290 loco
373 250 451 298 ἐπὶ,
477 261 599 297 neque
621 249 823 285 admodum
841 247 944 299 περὶ,
973 249 1072 297 quod
1095 251 1135 285 in
1158 251 1311 296 scriptis
1324 247 1466 295 Codd.3
1495 251 1527 285 si
1548 249 1710 294 abesset,

268 321 349 346 non
378 319 610 344 revocarem.
647 304 860 355 Dionysius
889 304 999 341 Rom.
1029 305 1120 341 Ant.
1152 305 1195 341 L.
1217 304 1285 341 Ill.
1319 317 1352 352 p.
1382 307 1483 345 178.
1511 303 1578 342 καὶ
1599 303 1713 353 νομί-

271 377 417 408 σαντες
438 360 513 412 οὐχ
534 358 673 400 ἱκανὸν
694 357 792 400 εἶναι
811 358 990 410 πολέμου
1012 365 1265 412 στρατηγεῖν,
1289 373 1472 410 saepeque
1492 362 1569 397 alii.
1600 360 1710 403 Quod

272 422 403 458 statim
442 420 711 466 consequitur,
763 414 836 455 τὸν
875 415 919 455 δὲ
951 413 1295 470 συγχωρήσαντα,
1339 418 1510 453 absolute
1546 418 1713 463 ponitur.

275 476 435 524 Spectat
468 477 570 510 enim
611 473 918 510 Themistoclem.
966 471 1098 509 Genus
1130 480 1343 510 structurae
1379 479 1528 522 praeter
1568 478 1714 508 ceteros

275 532 462 580 explicuit
491 529 578 568 Tib.
608 529 922 566 Heinsterhusius
953 531 995 566 in
1026 528 1186 566 Luciani
1215 529 1406 580 Halcyon.
1439 543 1471 565 c.
1505 532 1544 568 8.
1582 527 1717 565 WEss.

277 589 384 632 Quae
404 586 450 622 de
472 587 647 623 absoluta
668 591 858 622 structura
886 587 1039 633 monui,
1065 586 1157 622 alibi
1180 592 1292 622 erunt
1318 585 1575 622 conmodiora.
1617 583 1719 620 Pen-

278 644 372 681 dent
395 643 513 684 verba
534 655 582 678 ex
604 641 730 708 φασὶ,
755 641 856 690 quod
884 644 927 678 in
945 642 1212 689 superioribus.
1241 641 1378 678 IDEM
1368 655 1408 679 ιη
1429 641 1526 677 Add.

396 699 503 739 448.
528 700 570 738 7.
597 694 759 737 Κύλικα
780 699 854 736 τοῦ
879 712 1051 748 αιματος
1070 693 1381 750 πληρώσαττα
1364 712 1468 736 {mm
1474 696 1523 747 ἵν]
1555 695 1723 746 Sangui-

278 769 369 794 nem
397 756 614 801 taurinum,
657 756 691 790 si
722 753 897 800 bibatur,
932 756 1175 802 pestilentem
1214 766 1319 800 esse,
1364 754 1501 790 docent
1528 752 1723 789 Nicander

279 810 459 860 Alexiph.
491 824 529 848 v.
551 811 658 849 312.
689 816 728 846 et
750 808 998 846 Dioscorides
1017 809 1276 857 Alexipharm.
1302 824 1333 845 c.
1354 811 1441 856 25,
1473 810 1723 856 ferunturque

283 881 328 905 eo
349 866 485 903 hausto
507 868 668 914 periisse
698 864 974 916 Tanyoxarces
994 867 1035 902 in
1066 864 1213 902 Ctesiae
1235 865 1378 901 Persic.
1408 879 1440 901 c.
1466 866 1548 910 lO.,
1581 864 1723 910 Aeson,

281 924 431 961 Iasonis
451 929 583 971 pater,
612 924 784 972 superius
814 922 939 961 1..1V.
969 923 1040 962 51.
1068 928 1180 969 atque
1209 922 1276 957 alii
1306 923 1443 970 plures.
1488 919 1547 956 De
1567 919 1726 956 Themi-

283 981 402 1017 stocle
422 980 531 1029 vulgi
553 981 585 1014 is
603 991 733 1015 rumor
750 979 844 1025 fuit,
874 991 985 1027 quem
1004 980 1093 1017 falsi
1113 980 1240 1029 arguit
1264 976 1514 1027 Symmachus
1536 980 1577 1013 in
1607 975 1726 1012 schol.

287 1036 336 1073 ad
347 1034 491 1071 Comici
509 1034 639 1083 Equit.
658 1048 696 1072 v.
718 1036 788 1074 83.
817 1035 954 1073 Wnss.

396 1091 503 1130 448.
542 1093 610 1130 ll.
642 1088 732 1129 “Ost
753 1092 889 1136 καλῶς
912 1085 1156 1142 ἐπολιτεῦθη
1187 1086 1237 1129 τὰ
1259 1086 1362 1142 πρὸς
1390 1085 1723 1139 τούᾄΈλληνας]

285 1147 430 1184 Eadem
446 1146 842 1194 sententiaAristidis,
865 1160 980 1195 quum
990 1147 1036 1183 de
1048 1146 1318 1192 Themistocle,
1342 1143 1476 1196 ἐπειδη
1499 1143 1575 1183 ἔδει
1598 1159 1728 1196 στρα-

284 1198 415 1242 vedav
437 1201 500 1241 ἐπὶ
525 1199 574 1254 τὴ
580 1217 600 1239 ν
624 1198 826 1249 ς“Ελλά()α,
858 1217 1072 1269 προυκρινε
1095 1204 1297 1241 τελευτᾶν·
1330 1199 1371 1255 ἕρ
1375 1217 1430 1269 γω
1463 1200 1538 1252 μὲν
1561 1198 1727 1239 ἅπασαν

284 1253 416 1304 λυσας
437 1256 598 1306 αἰτίαν,
629 1256 763 1305 δείξας
790 1256 832 1297 δ’
867 1255 1022 1298 ὃποσου
1044 1261 1210 1308 τιμᾶται
1229 1244 1304 1304 τὰς
1336 1272 1535 1309 προτερον
1565 1252 1729 1309 πράξεις

286 1313 356 1354 καὶ
375 1310 675 1365 πολιτεύματα,
692 1315 758 1352 καὶ
782 1311 844 1354 ὅτι
867 1311 1098 1354 οὐδέποτε
1081 1330 1182 1354 (κων
1202 1330 1258 1353 «ιι
1262 1330 1302 1352 αι
1323 1317 1396 1352 τοῦ
1422 1315 1496 1352 καλ
1502 1315 1548 1352 οὗ
1568 1313 1633 1351 καὶ
1655 1314 1729 1351 τοῦ

285 1366 570 1438 προσήκοντος
589 1368 707 1409 οὐδὲν
726 1367 925 1423 πρότερον
947 1367 1172 1422 ποιήσεται,
1201 1368 1249 1409 οὐ
1270 1372 1470 1417 πλοῦτον,
1499 1367 1547 1407 οὗ
1568 1368 1731 1414 παῖδας,

288 1425 338 1465 οὗ
360 1441 436 1478 την
458 1424 665 1477 σωτηρίαν
687 1424 827 1493 αὐτήν.
859 1426 1301 1475 'lom.1{1.p.362.1n
1324 1428 1458 1474 quibus
1481 1438 1548 1461 cur
1570 1420 1732 1474 πράξεις

288 1483 504 1528 maluerim,
525 1494 638 1530 quam
655 1479 800 1530 τάξεις,
822 1484 998 1520 fecerunt
1012 1490 1049 1519 et
1066 1497 1128 1520 res
1148 1486 1229 1533 ipsa
1249 1489 1288 1519 et
1308 1484 1440 1532 scripti
1463 1482 1564 1520 libri.
1593 1481 1730 1518 Paullo

288 1546 378 1589 post
397 1541 431 1575 si
448 1538 515 1588 qui
531 1537 614 1576 ἐπεὶ
636 1534 843 1591 πάρεσμεν
863 1541 1079 1587 maluerint,
1099 1546 1258 1576 utantur
1275 1539 1436 1576 arbitrio
1457 1550 1546 1575 suo:
1571 1536 1664 1574 mihi
1683 1536 1730 1573 ad

290 1597 505 1632 orationem
526 1597 781 1632 necessarium
799 1609 877 1632 non
895 1596 1060 1633 videtur.
1088 1596 1222 1633 WEss.

404 1651 512 1691 448.
541 1651 614 1689 37.
660 1649 809 1703 Αὐτὴν
836 1649 1034 1704 διέσωσε]
1072 1653 1168 1690 Vide
1188 1651 1416 1689 Aeschinem
1443 1650 1543 1701 apud
1570 1649 1731 1687 eundem

287 1705 501 1744 Aristidem
524 1705 571 1743 T.
593 1705 658 1743 ΠΙ.
684 1720 718 1756 p.
743 1709 847 1748 366.
884 1708 1018 1745 WESS.

403 1763 510 1802 449·
537 1762 612 1802 45·
652 1759 966 1815 Χαλεπωτάτην
995 1761 1099 1816 πρὸς
1120 1762 1270 1804 ἐκεῖνον
1296 1759 1557 1816 εὑρίσκομεν]
1589 1761 1732 1811 Scripti

291 1831 408 1857 manu
428 1820 517 1856 libri
528 1818 598 1854 hoc
621 1821 828 1868 postulant.
868 1822 991 1865 Quam
1007 1833 1099 1858 vero
1126 1821 1380 1858 Athenienses
1400 1821 1575 1856 maximis
1603 1820 1731 1866 reipu-

291 1876 415 1912 blicae
437 1888 528 1912 suae
548 1877 643 1912 viris
662 1876 808 1913 fuerint
826 1878 982 1926 infesti,
1008 1879 1179 1927 exempla
1198 1877 1298 1915 haud
1317 1890 1403 1913 rara
1424 1876 1574 1913 docent.
1608 1875 1732 1918 Quare

291 1930 517 1978 Aeschines,
541 1943 656 1979 quum
672 1933 913 1970 incommoda
932 1940 970 1970 et
989 1935 1157 1981 pericula
1174 1935 1445 1983 proposuisset,
1463 1944 1557 1980 quae
1571 1929 1732 1966 Athenis

292 1990 336 2025 in
367 2000 496 2024 rerum
524 1987 855 2025 administratione
883 1991 1013 2026 multis
1039 2003 1112 2026 usu
1141 1990 1370 2036 veniebant,
1412 1990 1491 2026 ποῦ
1520 1984 1733 2036 τέθνηκεν,

293 2045 422 2090 inquit
441 2042 594 2094 Dialog.
623 2043 690 2080 ῙΠ.
719 2046 802 2112 12ἐ,
836 2041 1096 2110 Μιλτιάδης-ς
1124 2047 1202 2084 ποῦ
1236 2044 1539 2114 Θεέιιστοκλῆω
1575 2045 1653 2081 ποῖ)
1687 2039 1729 2079 ὁ)

288 2094 533 2152 Ἑφιάλτης;
557 2101 636 2138 ποῦ
665 2097 708 2138 δ’
743 2097 783 2139 οἷ
802 2096 945 2153 πρώην
963 2099 1060 2139 δέκα
1070 2099 1330 2168 στρατηγοί;
1353 2102 1545 2151 ingratum
1565 2101 1734 2136 animum

292 2155 443 2192 civibus
464 2157 661 2206 eleganter
682 2156 929 2205 exprobrans.
968 2156 1012 2194 ld
1030 2158 1202 2205 mireris,
1228 2160 1270 2195 in
1297 2163 1487 2206 postrema
1506 2158 1619 2192 etiam
1640 2153 1733 2190 Dia-

292 2212 469 2261 logorum
489 2211 655 2249 editione
675 2213 822 2259 placere
842 2215 1031 2263 potuisse,
1059 2216 1136 2252 ποῦ
1160 2211 1193 2252 δ’
1224 2211 1262 2253 οἱ
1292 2209 1433 2265 πρώην
1454 2212 1637 2262 βασιλεῖς
1665 2208 1734 2248 καὶ

293 2266 540 2319 στρατηγοίς
568 2280 654 2304 cum
673 2269 856 2318 βασιλεῖς
879 2271 1029 2307 omittat
1048 2269 1139 2307 Cod.
1162 2269 1314 2315 Medic„
1335 2276 1448 2317 atque
1470 2268 1522 2314 id,
1551 2267 1649 2317 quod
1674 2280 1728 2302 re-

292 2325 559 2372 praesentavi,
596 2323 650 2361 lo.
684 2323 885 2362 Stobensis
914 2329 1098 2372 servarit,
1135 2333 1172 2363 et
1201 2325 1379 2362 Socrates
1414 2327 1455 2361 in
1487 2324 1731 2372 sequentibus

293 2390 374 2415 non
397 2379 493 2415 alios
513 2382 692 2428 respiciat
712 2394 756 2417 ac
777 2380 906 2418 decem
927 2393 991 2418 eos
1011 2382 1160 2419 Atticae
1181 2384 1314 2419 classis
1338 2381 1463 2427 duceS,
1487 2383 1564 2429 qui,
1580 2380 1733 2429 egregia

293 2434 342 2472 ad
369 2434 582 2485 Arginusas
612 2436 657 2472 de
678 2435 878 2486 Spartanis
899 2445 1007 2486 parta
1035 2440 1220 2484 victoria,
1253 2439 1468 2475 auctoribus
1495 2436 1733 2472 Theramene

292 2496 332 2526 et
352 2488 550 2527 Callixeno
573 2494 707 2541 capitis
732 2493 885 2530 fuerant
917 2494 1097 2531 damnati.
1138 2494 1233 2531 Vide
1255 2494 1456 2532 Observat.
1488 2504 1658 2529 mearum
1686 2491 1728 2528 L.

293 2544 323 2582 I.
354 2548 403 2592 l.,
433 2560 503 2597 ego
524 2547 572 2583 ad
592 2551 810 2585 institutum
829 2557 1015 2586 revertor.
1042 2551 1178 2587 Wnss.

404 2603 513 2641 449.
534 2604 604 2643 51.
627 2600 760 2642 Πόλιν
779 2602 906 2643 ἔκτισε
923 2606 1170 2657 Ίέυξοῦντα]
1202 2606 1303 2657 Lege
1318 2605 1554 2652 Πυξοῦντα,
1568 2603 1729 2640 Buxen-

292 2663 394 2704 tum,
425 2658 470 2694 de
491 2670 564 2707 qua
583 2659 733 2697 Plinius
754 2659 795 2696 L.
821 2660 888 2699 lll.
911 2674 942 2698 c.
964 2663 1001 2700 5.
1024 2662 1152 2698 PALM.
1182 2659 1316 2702 Πόλιν
1339 2660 1466 2700 ἔκτισε
1488 2659 1727 2706 Πυξοῦντα]

291 2712 431 2751 Verum
454 2715 559 2752 urbis
581 2728 740 2761 nomen,
766 2723 808 2752 ut
831 2716 1053 2764 Palmerius,
1084 2725 1121 2754 et
1142 2732 1184 2756 co
1205 2722 1309 2768 prior
1329 2718 1396 2754 Ph.
1420 2717 1619 2753 Cluverius
1643 2715 1724 2751 ital.
