<?xml version="1.0" encoding="UTF-8"?>
<!DOCTYPE html PUBLIC "-//W3C//DTD XHTML 1.0 Transitional//EN"
    "http://www.w3.org/TR/xhtml1/DTD/xhtml1-transitional.dtd">
<html xmlns="http://www.w3.org/1999/xhtml" xml:lang="en" lang="en">
 <head>
  <title>
</title>
<meta http-equiv="Content-Type" content="text/html;charset=utf-8" />
  <meta name='ocr-system' content='tesseract 3.04.00' />
  <meta name='ocr-capabilities' content='ocr_page ocr_carea ocr_par ocr_line ocrx_word'/>
</head>
<body>
  <div class='ocr_page' id='page_1' title='image "./bibliothecahisto04dioduoft_0157.png"; bbox 0 0 1828 3253; ppageno 0'>
   <div class='ocr_carea' id='block_1_1' title="bbox 442 136 1499 179">
    <p class='ocr_par' dir='ltr' id='par_1_1' title="bbox 442 136 1499 179">
     <span class='ocr_line' id='line_1_1' title="bbox 442 136 1499 179; baseline 0.002 -2"><span class='ocrx_word' id='word_1_1' title='bbox 442 138 508 177; x_wconf 93' lang='lat' dir='ltr'>IN</span> <span class='ocrx_word' id='word_1_2' title='bbox 537 137 647 177; x_wconf 86' lang='lat' dir='ltr'><strong>LIB.</strong></span> <span class='ocrx_word' id='word_1_3' title='bbox 677 136 706 175; x_wconf 90' lang='lat'>1.</span> <span class='ocrx_word' id='word_1_4' title='bbox 736 136 862 174; x_wconf 90' lang='lat' dir='ltr'><strong>CAP.</strong></span> <span class='ocrx_word' id='word_1_5' title='bbox 901 137 975 178; x_wconf 85' lang='lat'>92.</span> <span class='ocrx_word' id='word_1_6' title='bbox 997 137 1071 177; x_wconf 89' lang='grc'>93.</span> <span class='ocrx_word' id='word_1_7' title='bbox 1409 137 1499 179; x_wconf 77' lang='grc'>145</span> 
     </span>
    </p>
   </div>
   <div class='ocr_carea' id='block_1_2' title="bbox 47 246 1492 583">
    <p class='ocr_par' dir='ltr' id='par_1_2' title="bbox 47 246 1492 583">
     <span class='ocr_line' id='line_1_2' title="bbox 167 246 1492 304; baseline -0.005 -9"><span class='ocrx_word' id='word_1_8' title='bbox 167 253 271 295; x_wconf 89' lang='grc'>103.</span> <span class='ocrx_word' id='word_1_9' title='bbox 298 252 371 295; x_wconf 83' lang='grc'>65</span> <span class='ocrx_word' id='word_1_10' title='bbox 413 247 626 304; x_wconf 57' lang='lat' dir='ltr'>Meycizozg</span> <span class='ocrx_word' id='word_1_11' title='bbox 653 247 879 304; x_wconf 83' lang='grc' dir='ltr'><em>περιπίπτει</em></span> <span class='ocrx_word' id='word_1_12' title='bbox 907 246 1177 302; x_wconf 79' lang='grc' dir='ltr'><em>προστίμοις]</em></span> <span class='ocrx_word' id='word_1_13' title='bbox 1224 248 1302 288; x_wconf 83' lang='lat' dir='ltr'>Cur</span> <span class='ocrx_word' id='word_1_14' title='bbox 1331 248 1492 304; x_wconf 83' lang='grc' dir='ltr'><em>περιπί-</em></span> 
     </span>
     <span class='ocr_line' id='line_1_3' title="bbox 49 305 1492 362; baseline -0.003 -14"><span class='ocrx_word' id='word_1_15' title='bbox 49 323 137 348; x_wconf 86' lang='grc' dir='ltr'><em>πτει</em></span> <span class='ocrx_word' id='word_1_16' title='bbox 163 317 426 358; x_wconf 81' lang='lat' dir='ltr'><strong>sperneretur,</strong></span> <span class='ocrx_word' id='word_1_17' title='bbox 453 321 587 345; x_wconf 83' lang='lat' dir='ltr'>caussa</span> <span class='ocrx_word' id='word_1_18' title='bbox 606 320 685 344; x_wconf 89' lang='lat' dir='ltr'>non</span> <span class='ocrx_word' id='word_1_19' title='bbox 719 313 812 345; x_wconf 89' lang='lat' dir='ltr'>erat.</span> <span class='ocrx_word' id='word_1_20' title='bbox 855 305 921 342; x_wconf 86' lang='lat' dir='ltr'>Sic</span> <span class='ocrx_word' id='word_1_21' title='bbox 949 306 998 345; x_wconf 91' lang='lat' dir='ltr'>II.</span> <span class='ocrx_word' id='word_1_22' title='bbox 1034 306 1105 345; x_wconf 89' lang='grc'>55</span> <span class='ocrx_word' id='word_1_23' title='bbox 1134 306 1349 359; x_wconf 74' lang='grc' dir='ltr'><strong><em>τιμωρίαις</em></strong></span> <span class='ocrx_word' id='word_1_24' title='bbox 1377 321 1492 362; x_wconf 81' lang='grc' dir='ltr'><em>περι-</em></span> 
     </span>
     <span class='ocr_line' id='line_1_4' title="bbox 48 357 1489 415; baseline -0.002 -11"><span class='ocrx_word' id='word_1_25' title='bbox 48 371 228 404; x_wconf 74' lang='grc' dir='ltr'>πεσεῖται</span> <span class='ocrx_word' id='word_1_26' title='bbox 261 379 352 411; x_wconf 86' lang='grc' dir='ltr'><em>ταις</em></span> <span class='ocrx_word' id='word_1_27' title='bbox 378 363 600 414; x_wconf 57' lang='lat' dir='ltr'>(teyt&#39;ovmg‘</span> <span class='ocrx_word' id='word_1_28' title='bbox 639 376 740 411; x_wconf 90' lang='lat' dir='ltr'><strong>supr.</strong></span> <span class='ocrx_word' id='word_1_29' title='bbox 773 376 806 400; x_wconf 88' lang='lat' dir='ltr'>c.</span> <span class='ocrx_word' id='word_1_30' title='bbox 848 364 920 402; x_wconf 88' lang='lat'>77.</span> <span class='ocrx_word' id='word_1_31' title='bbox 952 357 1128 415; x_wconf 77' lang='grc' dir='ltr'><em>θανάτῳ</em></span> <span class='ocrx_word' id='word_1_32' title='bbox 1158 361 1409 414; x_wconf 76' lang='grc' dir='ltr'><em>περιπίπτειν</em></span> <span class='ocrx_word' id='word_1_33' title='bbox 1437 363 1489 414; x_wconf 72' lang='grc' dir='ltr'>ἠν</span> 
     </span>
     <span class='ocr_line' id='line_1_5' title="bbox 50 414 1489 473; baseline -0.003 -14"><span class='ocrx_word' id='word_1_34' title='bbox 50 419 143 473; x_wconf 59' lang='lat' dir='ltr'>(inq</span> <span class='ocrx_word' id='word_1_35' title='bbox 149 427 284 461; x_wconf 81' lang='grc' dir='ltr'><strong>καῖον.</strong></span> <span class='ocrx_word' id='word_1_36' title='bbox 317 435 350 459; x_wconf 87' lang='lat' dir='ltr'>c.</span> <span class='ocrx_word' id='word_1_37' title='bbox 389 420 460 460; x_wconf 82' lang='lat'>83.</span> <span class='ocrx_word' id='word_1_38' title='bbox 499 433 663 465; x_wconf 77' lang='grc' dir='ltr'><em>παντως</em></span> <span class='ocrx_word' id='word_1_39' title='bbox 693 414 867 472; x_wconf 72' lang='grc' dir='ltr'><em>θανατῳ</em></span> <span class='ocrx_word' id='word_1_40' title='bbox 904 416 1153 467; x_wconf 71' lang='grc' dir='ltr'>περιπίπτει,</span> <span class='ocrx_word' id='word_1_41' title='bbox 1187 425 1226 453; x_wconf 92' lang='lat' dir='ltr'>et</span> <span class='ocrx_word' id='word_1_42' title='bbox 1255 419 1489 468; x_wconf 83' lang='lat' dir='ltr'>frequentis-</span> 
     </span>
     <span class='ocr_line' id='line_1_6' title="bbox 49 473 1488 560; baseline 0.001 -50"><span class='ocrx_word' id='word_1_43' title='bbox 49 480 142 514; x_wconf 81' lang='lat' dir='ltr'>sime</span> <span class='ocrx_word' id='word_1_44' title='bbox 174 480 433 560; x_wconf 44' lang='grc' dir='ltr'><em>συιιιφοραῖςΊ</em></span> <span class='ocrx_word' id='word_1_45' title='bbox 436 474 686 528; x_wconf 69' lang='grc' dir='ltr'><em>περιπίπτειν</em></span> <span class='ocrx_word' id='word_1_46' title='bbox 699 503 710 522; x_wconf 83' lang='lat'>,</span> <span class='ocrx_word' id='word_1_47' title='bbox 751 477 823 510; x_wconf 82' lang='lat' dir='ltr'>etsi</span> <span class='ocrx_word' id='word_1_48' title='bbox 855 474 893 510; x_wconf 83' lang='lat' dir='ltr'>id</span> <span class='ocrx_word' id='word_1_49' title='bbox 921 475 1050 522; x_wconf 82' lang='lat' dir='ltr'>paullo</span> <span class='ocrx_word' id='word_1_50' title='bbox 1084 473 1286 510; x_wconf 77' lang='lat' dir='ltr'>diversius.</span> <span class='ocrx_word' id='word_1_51' title='bbox 1330 474 1488 513; x_wconf 77' lang='lat' dir='ltr'>Isocrat.</span> 
     </span>
     <span class='ocr_line' id='line_1_7' title="bbox 47 526 1490 583; baseline 0 -14"><span class='ocrx_word' id='word_1_52' title='bbox 47 533 233 583; x_wconf 81' lang='lat' dir='ltr'>Areopag.</span> <span class='ocrx_word' id='word_1_53' title='bbox 272 545 308 580; x_wconf 87' lang='lat' dir='ltr'>p.</span> <span class='ocrx_word' id='word_1_54' title='bbox 341 533 434 571; x_wconf 88' lang='grc'>212</span> <span class='ocrx_word' id='word_1_55' title='bbox 487 534 623 577; x_wconf 81' lang='grc' dir='ltr'><em>κακῶς</em></span> <span class='ocrx_word' id='word_1_56' title='bbox 651 526 940 582; x_wconf 73' lang='grc' dir='ltr'><em>διοικήσαντας</em></span> <span class='ocrx_word' id='word_1_57' title='bbox 967 534 1059 576; x_wconf 81' lang='grc' dir='ltr'>ταῖς</span> <span class='ocrx_word' id='word_1_58' title='bbox 1086 528 1297 581; x_wconf 74' lang='grc' dir='ltr'><em>μεγίσταις</em></span> <span class='ocrx_word' id='word_1_59' title='bbox 1327 529 1490 582; x_wconf 79' lang='grc' dir='ltr'><em>ζημίαις</em></span> 
     </span>
    </p>
   </div>
   <div class='ocr_carea' id='block_1_3' title="bbox 47 587 1488 696">
    <p class='ocr_par' dir='ltr' id='par_1_3' title="bbox 47 587 1477 696">
     <span class='ocr_line' id='line_1_8' title="bbox 47 587 476 643; baseline -0.012 -16"><span class='ocrx_word' id='word_1_60' title='bbox 47 589 305 643; x_wconf 81' lang='grc' dir='ltr'><em>περιπίπτειν.</em></span> <span class='ocrx_word' id='word_1_61' title='bbox 342 587 391 624; x_wconf 89' lang='lat' dir='ltr'>W</span> <span class='ocrx_word' id='word_1_62' title='bbox 395 598 476 624; x_wconf 80' lang='lat' dir='ltr'><strong>Ess.</strong></span> 
     </span>
     <span class='ocr_line' id='line_1_9' title="bbox 160 638 1488 696; baseline -0.004 -12"><span class='ocrx_word' id='word_1_63' title='bbox 160 645 259 685; x_wconf 88' lang='lat'><strong>103.</strong></span> <span class='ocrx_word' id='word_1_64' title='bbox 284 645 356 684; x_wconf 86' lang='lat'>69.</span> <span class='ocrx_word' id='word_1_65' title='bbox 379 640 671 696; x_wconf 66' lang='grc' dir='ltr'><em>Ἵ2σπερπαρὰ</em></span> <span class='ocrx_word' id='word_1_66' title='bbox 690 656 776 689; x_wconf 83' lang='grc' dir='ltr'><em>τοις</em></span> <span class='ocrx_word' id='word_1_67' title='bbox 785 638 1001 694; x_wconf 70' lang='lat' dir='ltr'><strong>‘&#39;.E77.75c51v]</strong></span> <span class='ocrx_word' id='word_1_68' title='bbox 1034 640 1190 678; x_wconf 87' lang='lat' dir='ltr'>Isocrat.</span> <span class='ocrx_word' id='word_1_69' title='bbox 1217 639 1336 678; x_wconf 84' lang='lat' dir='ltr'><strong>Laud.</strong></span> <span class='ocrx_word' id='word_1_70' title='bbox 1361 640 1488 680; x_wconf 90' lang='lat' dir='ltr'>Busir.</span> 
     </span>
    </p>
   </div>
   <div class='ocr_carea' id='block_1_4' title="bbox 44 696 1488 805">
    <p class='ocr_par' dir='ltr' id='par_1_4' title="bbox 44 696 1488 805">
     <span class='ocr_line' id='line_1_10' title="bbox 46 696 1488 750; baseline -0.001 -14"><span class='ocrx_word' id='word_1_71' title='bbox 46 713 81 750; x_wconf 88' lang='lat' dir='ltr'>p.</span> <span class='ocrx_word' id='word_1_72' title='bbox 103 701 208 740; x_wconf 83' lang='lat'><strong>328.</strong></span> <span class='ocrx_word' id='word_1_73' title='bbox 242 699 405 750; x_wconf 84' lang='lat' dir='ltr'>Dionys.</span> <span class='ocrx_word' id='word_1_74' title='bbox 427 699 669 736; x_wconf 84' lang='lat' dir='ltr'>Halicarnas.</span> <span class='ocrx_word' id='word_1_75' title='bbox 699 697 746 736; x_wconf 89' lang='lat' dir='ltr'>T.</span> <span class='ocrx_word' id='word_1_76' title='bbox 770 698 817 735; x_wconf 92' lang='lat' dir='ltr'>II.</span> <span class='ocrx_word' id='word_1_77' title='bbox 848 712 883 747; x_wconf 88' lang='lat' dir='ltr'>p.</span> <span class='ocrx_word' id='word_1_78' title='bbox 899 699 973 738; x_wconf 89' lang='grc'>39.</span> <span class='ocrx_word' id='word_1_79' title='bbox 1009 696 1366 747; x_wconf 85' lang='lat' dir='ltr'>T.heonProgymn</span> <span class='ocrx_word' id='word_1_80' title='bbox 1389 712 1422 736; x_wconf 86' lang='lat' dir='ltr'>c.</span> <span class='ocrx_word' id='word_1_81' title='bbox 1448 703 1488 739; x_wconf 85' lang='lat'>8.</span> 
     </span>
     <span class='ocr_line' id='line_1_11' title="bbox 44 754 868 805; baseline -0.002 -13"><span class='ocrx_word' id='word_1_82' title='bbox 44 755 116 792; x_wconf 85' lang='lat' dir='ltr'>hoc</span> <span class='ocrx_word' id='word_1_83' title='bbox 139 757 184 792; x_wconf 90' lang='lat' dir='ltr'>de</span> <span class='ocrx_word' id='word_1_84' title='bbox 206 755 441 793; x_wconf 86' lang='lat' dir='ltr'>Graecorum</span> <span class='ocrx_word' id='word_1_85' title='bbox 459 769 563 792; x_wconf 89' lang='lat' dir='ltr'>more</span> <span class='ocrx_word' id='word_1_86' title='bbox 584 758 704 805; x_wconf 87' lang='lat' dir='ltr'>plura.</span> <span class='ocrx_word' id='word_1_87' title='bbox 733 754 868 792; x_wconf 80' lang='lat' dir='ltr'><strong>WEss.</strong></span> 
     </span>
    </p>
   </div>
   <div class='ocr_carea' id='block_1_5' title="bbox 37 805 1487 1813">
    <p class='ocr_par' dir='ltr' id='par_1_5' title="bbox 37 805 1487 1466">
     <span class='ocr_line' id='line_1_12' title="bbox 159 805 1487 865; baseline -0.005 -13"><span class='ocrx_word' id='word_1_88' title='bbox 159 814 259 853; x_wconf 84' lang='lat'><strong>103.</strong></span> <span class='ocrx_word' id='word_1_89' title='bbox 288 813 359 852; x_wconf 82' lang='lat'>74.</span> <span class='ocrx_word' id='word_1_90' title='bbox 387 813 690 865; x_wconf 69' lang='lat' dir='ltr'>JIa9axa705m</span> <span class='ocrx_word' id='word_1_91' title='bbox 708 808 806 856; x_wconf 74' lang='grc' dir='ltr'>τοὺς</span> <span class='ocrx_word' id='word_1_92' title='bbox 826 806 937 849; x_wconf 81' lang='grc' dir='ltr'><em>κάτω</em></span> <span class='ocrx_word' id='word_1_93' title='bbox 956 805 1107 860; x_wconf 73' lang='grc' dir='ltr'><em>θεους]</em></span> <span class='ocrx_word' id='word_1_94' title='bbox 1133 807 1215 846; x_wconf 89' lang='lat' dir='ltr'>Nec</span> <span class='ocrx_word' id='word_1_95' title='bbox 1235 821 1376 860; x_wconf 83' lang='lat' dir='ltr'>genere</span> <span class='ocrx_word' id='word_1_96' title='bbox 1397 815 1487 847; x_wconf 89' lang='lat' dir='ltr'>tan-</span> 
     </span>
     <span class='ocr_line' id='line_1_13' title="bbox 42 864 1486 918; baseline -0.002 -14"><span class='ocrx_word' id='word_1_97' title='bbox 42 874 125 905; x_wconf 87' lang='lat' dir='ltr'>tum</span> <span class='ocrx_word' id='word_1_98' title='bbox 144 871 323 918; x_wconf 83' lang='lat' dir='ltr'>proximi,</span> <span class='ocrx_word' id='word_1_99' title='bbox 356 869 421 904; x_wconf 86' lang='lat' dir='ltr'>sed</span> <span class='ocrx_word' id='word_1_100' title='bbox 443 875 480 904; x_wconf 88' lang='lat' dir='ltr'>et</span> <span class='ocrx_word' id='word_1_101' title='bbox 501 868 674 905; x_wconf 83' lang='lat' dir='ltr'><strong>defuncti</strong></span> <span class='ocrx_word' id='word_1_102' title='bbox 693 869 848 904; x_wconf 88' lang='lat' dir='ltr'>nomine</span> <span class='ocrx_word' id='word_1_103' title='bbox 873 867 1144 914; x_wconf 85' lang='lat' dir='ltr'><strong>pollinctorum</strong></span> <span class='ocrx_word' id='word_1_104' title='bbox 1161 878 1260 902; x_wconf 90' lang='lat' dir='ltr'>unus</span> <span class='ocrx_word' id='word_1_105' title='bbox 1281 864 1384 902; x_wconf 86' lang='lat' dir='ltr'>Deos</span> <span class='ocrx_word' id='word_1_106' title='bbox 1407 868 1486 902; x_wconf 86' lang='lat' dir='ltr'>sol-</span> 
     </span>
     <span class='ocr_line' id='line_1_14' title="bbox 43 921 1487 975; baseline -0.001 -15"><span class='ocrx_word' id='word_1_107' title='bbox 43 925 160 962; x_wconf 90' lang='lat' dir='ltr'>lemni</span> <span class='ocrx_word' id='word_1_108' title='bbox 187 926 352 962; x_wconf 84' lang='lat' dir='ltr'>formula</span> <span class='ocrx_word' id='word_1_109' title='bbox 383 925 564 975; x_wconf 87' lang='lat' dir='ltr'>rogabat,</span> <span class='ocrx_word' id='word_1_110' title='bbox 591 926 698 960; x_wconf 90' lang='lat' dir='ltr'>cuius</span> <span class='ocrx_word' id='word_1_111' title='bbox 728 930 896 972; x_wconf 85' lang='lat' dir='ltr'>partem,</span> <span class='ocrx_word' id='word_1_112' title='bbox 933 921 1033 970; x_wconf 90' lang='lat' dir='ltr'>quod</span> <span class='ocrx_word' id='word_1_113' title='bbox 1056 928 1324 972; x_wconf 81' lang='lat' dir='ltr'>argumentum</span> <span class='ocrx_word' id='word_1_114' title='bbox 1350 923 1487 960; x_wconf 85' lang='lat' dir='ltr'>lauda-</span> 
     </span>
     <span class='ocr_line' id='line_1_15' title="bbox 42 978 1485 1029; baseline -0.001 -12"><span class='ocrx_word' id='word_1_115' title='bbox 42 983 184 1028; x_wconf 78' lang='lat' dir='ltr'>tionis,</span> <span class='ocrx_word' id='word_1_116' title='bbox 221 981 267 1017; x_wconf 87' lang='lat' dir='ltr'>de</span> <span class='ocrx_word' id='word_1_117' title='bbox 296 993 369 1029; x_wconf 87' lang='lat' dir='ltr'>qua</span> <span class='ocrx_word' id='word_1_118' title='bbox 401 980 562 1019; x_wconf 88' lang='lat' dir='ltr'>Diodor.</span> <span class='ocrx_word' id='word_1_119' title='bbox 605 981 890 1029; x_wconf 76' lang='lat' dir='ltr'>conplectatur,</span> <span class='ocrx_word' id='word_1_120' title='bbox 922 978 1138 1014; x_wconf 81' lang='lat' dir='ltr'>exscribere</span> <span class='ocrx_word' id='word_1_121' title='bbox 1168 991 1303 1026; x_wconf 84' lang='lat' dir='ltr'>operae</span> <span class='ocrx_word' id='word_1_122' title='bbox 1333 979 1407 1014; x_wconf 85' lang='lat' dir='ltr'>erit</span> <span class='ocrx_word' id='word_1_123' title='bbox 1435 991 1485 1016; x_wconf 83' lang='lat' dir='ltr'>ex</span> 
     </span>
     <span class='ocr_line' id='line_1_16' title="bbox 43 1029 1486 1086; baseline 0.001 -14"><span class='ocrx_word' id='word_1_124' title='bbox 43 1036 232 1086; x_wconf 84' lang='lat' dir='ltr'>Porphyr.</span> <span class='ocrx_word' id='word_1_125' title='bbox 264 1037 327 1073; x_wconf 67' lang='lat' dir='ltr'>Il.</span> <span class='ocrx_word' id='word_1_126' title='bbox 351 1037 395 1073; x_wconf 90' lang='lat' dir='ltr'><strong>A.</strong></span> <span class='ocrx_word' id='word_1_127' title='bbox 430 1036 473 1073; x_wconf 88' lang='lat' dir='ltr'><strong>A.</strong></span> <span class='ocrx_word' id='word_1_128' title='bbox 507 1038 576 1076; x_wconf 89' lang='grc'>10.</span> <span class='ocrx_word' id='word_1_129' title='bbox 608 1029 661 1074; x_wconf 70' lang='grc' dir='ltr'>3Ω</span> <span class='ocrx_word' id='word_1_130' title='bbox 690 1034 870 1073; x_wconf 75' lang='grc' dir='ltr'><em>δέσποτα</em></span> <span class='ocrx_word' id='word_1_131' title='bbox 902 1032 987 1085; x_wconf 67' lang='grc' dir='ltr'><em>ἥλιε</em></span> <span class='ocrx_word' id='word_1_132' title='bbox 1020 1033 1087 1072; x_wconf 82' lang='grc' dir='ltr'>καὶ</span> <span class='ocrx_word' id='word_1_133' title='bbox 1115 1034 1208 1072; x_wconf 52' lang='lat'>3501</span> <span class='ocrx_word' id='word_1_134' title='bbox 1240 1029 1411 1081; x_wconf 82' lang='grc' dir='ltr'><em>πάντες,</em></span> <span class='ocrx_word' id='word_1_135' title='bbox 1444 1050 1486 1073; x_wconf 84' lang='grc' dir='ltr'><em>οι</em></span> 
     </span>
     <span class='ocr_line' id='line_1_17' title="bbox 43 1087 1485 1158; baseline -0.002 -27"><span class='ocrx_word' id='word_1_136' title='bbox 43 1090 120 1143; x_wconf 63' lang='grc' dir='ltr'>τὴν</span> <span class='ocrx_word' id='word_1_137' title='bbox 152 1090 258 1143; x_wconf 68' lang='grc' dir='ltr'>ζωὴν</span> <span class='ocrx_word' id='word_1_138' title='bbox 279 1098 366 1138; x_wconf 79' lang='grc' dir='ltr'>τοῖς</span> <span class='ocrx_word' id='word_1_139' title='bbox 388 1089 636 1158; x_wconf 58' lang='grc' dir='ltr'><em>ἀνθ-ριειποις</em></span> <span class='ocrx_word' id='word_1_140' title='bbox 660 1088 822 1138; x_wconf 84' lang='grc' dir='ltr'><em>δόντες,</em></span> <span class='ocrx_word' id='word_1_141' title='bbox 851 1088 1143 1158; x_wconf 72' lang='grc' dir='ltr'><em>προσδέξασθέ</em></span> <span class='ocrx_word' id='word_1_142' title='bbox 1169 1104 1221 1140; x_wconf 78' lang='grc' dir='ltr'><em>με</em></span> <span class='ocrx_word' id='word_1_143' title='bbox 1251 1089 1319 1127; x_wconf 83' lang='grc' dir='ltr'>καὶ</span> <span class='ocrx_word' id='word_1_144' title='bbox 1350 1087 1485 1156; x_wconf 83' lang='grc' dir='ltr'><em>παρά-</em></span> 
     </span>
     <span class='ocr_line' id='line_1_18' title="bbox 43 1142 1486 1198; baseline -0.001 -12"><span class='ocrx_word' id='word_1_145' title='bbox 43 1147 136 1187; x_wconf 88' lang='grc' dir='ltr'><em>δοτε</em></span> <span class='ocrx_word' id='word_1_146' title='bbox 159 1153 246 1194; x_wconf 78' lang='grc' dir='ltr'>τοῖς</span> <span class='ocrx_word' id='word_1_147' title='bbox 274 1147 419 1194; x_wconf 79' lang='grc' dir='ltr'><em>ἀιδίοις</em></span> <span class='ocrx_word' id='word_1_148' title='bbox 442 1151 558 1194; x_wconf 67' lang='grc' dir='ltr'><em>θεοῖς</em></span> <span class='ocrx_word' id='word_1_149' title='bbox 589 1143 789 1186; x_wconf 76' lang='grc' dir='ltr'><em>σύνοικον</em></span> <span class='ocrx_word' id='word_1_150' title='bbox 821 1144 897 1198; x_wconf 63' lang='lat'>370)</span> <span class='ocrx_word' id='word_1_151' title='bbox 926 1143 1003 1198; x_wconf 67' lang='grc' dir='ltr'>γὰρ</span> <span class='ocrx_word' id='word_1_152' title='bbox 1034 1160 1131 1191; x_wconf 83' lang='grc' dir='ltr'>τους</span> <span class='ocrx_word' id='word_1_153' title='bbox 1160 1142 1307 1192; x_wconf 73' lang='grc' dir='ltr'><em>θεους,</em></span> <span class='ocrx_word' id='word_1_154' title='bbox 1343 1160 1416 1191; x_wconf 82' lang='grc' dir='ltr'>ους</span> <span class='ocrx_word' id='word_1_155' title='bbox 1445 1161 1486 1185; x_wconf 88' lang='grc' dir='ltr'><em>οι</em></span> 
     </span>
     <span class='ocr_line' id='line_1_19' title="bbox 40 1198 1486 1269; baseline -0.001 -27"><span class='ocrx_word' id='word_1_156' title='bbox 40 1209 169 1269; x_wconf 69' lang='grc' dir='ltr'><em>γονεῖς</em></span> <span class='ocrx_word' id='word_1_157' title='bbox 186 1219 256 1254; x_wconf 84' lang='grc' dir='ltr'><em>μοι</em></span> <span class='ocrx_word' id='word_1_158' title='bbox 277 1203 539 1256; x_wconf 70' lang='grc' dir='ltr'><em>παρέδειξαν,</em></span> <span class='ocrx_word' id='word_1_159' title='bbox 569 1201 690 1253; x_wconf 70' lang='grc' dir='ltr'><em>εὐσεβ</em></span> <span class='ocrx_word' id='word_1_160' title='bbox 692 1205 748 1242; x_wconf 80' lang='grc' dir='ltr'>ῶν</span> <span class='ocrx_word' id='word_1_161' title='bbox 776 1201 901 1241; x_wconf 67' lang='grc' dir='ltr'><em>δ”.ιετεὶ</em></span> <span class='ocrx_word' id='word_1_162' title='bbox 907 1214 990 1240; x_wconf 84' lang='grc' dir='ltr'><em>ουν·</em></span> <span class='ocrx_word' id='word_1_163' title='bbox 1011 1216 1107 1248; x_wconf 80' lang='grc' dir='ltr'>τους</span> <span class='ocrx_word' id='word_1_164' title='bbox 1127 1216 1169 1240; x_wconf 84' lang='grc' dir='ltr'><em>τε</em></span> <span class='ocrx_word' id='word_1_165' title='bbox 1191 1198 1237 1240; x_wconf 80' lang='grc' dir='ltr'>τὸ</span> <span class='ocrx_word' id='word_1_166' title='bbox 1260 1216 1308 1239; x_wconf 69' lang='grc' dir='ltr'>σι(</span> <span class='ocrx_word' id='word_1_167' title='bbox 1321 1217 1381 1251; x_wconf 84' lang='grc' dir='ltr'>μα</span> <span class='ocrx_word' id='word_1_168' title='bbox 1400 1216 1486 1252; x_wconf 86' lang='grc' dir='ltr'>μου</span> 
     </span>
     <span class='ocr_line' id='line_1_20' title="bbox 39 1253 1486 1312; baseline -0.001 -15"><span class='ocrx_word' id='word_1_169' title='bbox 39 1256 316 1312; x_wconf 71' lang='grc' dir='ltr'><em>γεννήσαιτας</em></span> <span class='ocrx_word' id='word_1_170' title='bbox 346 1259 495 1310; x_wconf 73' lang='grc' dir='ltr'><em>ε’τιμων</em></span> <span class='ocrx_word' id='word_1_171' title='bbox 524 1257 595 1298; x_wconf 79' lang='grc' dir='ltr'><em>ἀεί·</em></span> <span class='ocrx_word' id='word_1_172' title='bbox 626 1261 711 1297; x_wconf 74' lang='grc' dir='ltr'>τῶν</span> <span class='ocrx_word' id='word_1_173' title='bbox 747 1273 791 1297; x_wconf 88' lang='grc' dir='ltr'><em>τε</em></span> <span class='ocrx_word' id='word_1_174' title='bbox 826 1255 962 1296; x_wconf 63' lang='grc' dir='ltr'><em>ἄλλων</em></span> <span class='ocrx_word' id='word_1_175' title='bbox 996 1253 1233 1309; x_wconf 63' lang='grc' dir='ltr'><em>ἀνθρώπων</em></span> <span class='ocrx_word' id='word_1_176' title='bbox 1263 1254 1355 1296; x_wconf 78' lang='grc' dir='ltr'><em>ου’τε</em></span> <span class='ocrx_word' id='word_1_177' title='bbox 1387 1256 1486 1296; x_wconf 74' lang='grc' dir='ltr'>ἀπέ-</span> 
     </span>
     <span class='ocr_line' id='line_1_21' title="bbox 41 1309 1487 1384; baseline -0.001 -30"><span class='ocrx_word' id='word_1_178' title='bbox 41 1330 190 1364; x_wconf 83' lang='grc' dir='ltr'><em>κτεινα,</em></span> <span class='ocrx_word' id='word_1_179' title='bbox 214 1314 261 1355; x_wconf 70' lang='grc' dir='ltr'>οἷ·</span> <span class='ocrx_word' id='word_1_180' title='bbox 265 1331 305 1355; x_wconf 88' lang='grc' dir='ltr'><em>τε</em></span> <span class='ocrx_word' id='word_1_181' title='bbox 324 1311 687 1384; x_wconf 66' lang='grc' dir='ltr'><em>παρακαταθήκην</em></span> <span class='ocrx_word' id='word_1_182' title='bbox 707 1311 981 1381; x_wconf 74' lang='grc' dir='ltr'><em>απεστέρησα,</em></span> <span class='ocrx_word' id='word_1_183' title='bbox 1010 1310 1103 1352; x_wconf 72' lang='grc' dir='ltr'><em>οὔτε</em></span> <span class='ocrx_word' id='word_1_184' title='bbox 1124 1310 1223 1351; x_wconf 65' lang='lat' dir='ltr'>&amp;mo</span> <span class='ocrx_word' id='word_1_185' title='bbox 1245 1310 1403 1351; x_wconf 68' lang='grc' dir='ltr'><em>οὐδέν’</em></span> <span class='ocrx_word' id='word_1_186' title='bbox 1382 1309 1487 1365; x_wconf 75' lang='grc' dir='ltr'><em>ανή-</em></span> 
     </span>
     <span class='ocr_line' id='line_1_22' title="bbox 40 1365 1484 1426; baseline 0.001 -18"><span class='ocrx_word' id='word_1_187' title='bbox 40 1385 186 1411; x_wconf 83' lang='grc' dir='ltr'><em>κεστον</em></span> <span class='ocrx_word' id='word_1_188' title='bbox 215 1368 507 1426; x_wconf 76' lang='grc' dir='ltr'><em>διεπραξαμην.</em></span> <span class='ocrx_word' id='word_1_189' title='bbox 548 1370 608 1408; x_wconf 90' lang='lat' dir='ltr'>De</span> <span class='ocrx_word' id='word_1_190' title='bbox 639 1373 715 1409; x_wconf 79' lang='lat' dir='ltr'>diis</span> <span class='ocrx_word' id='word_1_191' title='bbox 742 1370 890 1418; x_wconf 78' lang='lat' dir='ltr'>inferis</span> <span class='ocrx_word' id='word_1_192' title='bbox 922 1365 1033 1409; x_wconf 82' lang='grc' dir='ltr'><em>κάτω</em></span> <span class='ocrx_word' id='word_1_193' title='bbox 1066 1372 1183 1415; x_wconf 73' lang='grc' dir='ltr'><em>θεοῖς</em></span> <span class='ocrx_word' id='word_1_194' title='bbox 1214 1369 1315 1405; x_wconf 82' lang='lat' dir='ltr'><strong>conf.</strong></span> <span class='ocrx_word' id='word_1_195' title='bbox 1353 1383 1386 1406; x_wconf 92' lang='lat' dir='ltr'>c.</span> <span class='ocrx_word' id='word_1_196' title='bbox 1408 1371 1484 1410; x_wconf 78' lang='lat'>49.</span> 
     </span>
     <span class='ocr_line' id='line_1_23' title="bbox 37 1426 175 1467; baseline -0.024 -1"><span class='ocrx_word' id='word_1_197' title='bbox 37 1426 175 1467; x_wconf 63' lang='lat' dir='ltr'>wass,</span> 
     </span>
    </p>

    <p class='ocr_par' dir='ltr' id='par_1_6' title="bbox 39 1476 1486 1813">
     <span class='ocr_line' id='line_1_24' title="bbox 156 1476 1484 1535; baseline -0.004 -11"><span class='ocrx_word' id='word_1_198' title='bbox 156 1484 258 1524; x_wconf 88' lang='lat'><strong>103.</strong></span> <span class='ocrx_word' id='word_1_199' title='bbox 282 1485 354 1524; x_wconf 87' lang='grc'><strong>79.</strong></span> <span class='ocrx_word' id='word_1_200' title='bbox 382 1480 450 1523; x_wconf 79' lang='grc' dir='ltr'>Ἐν</span> <span class='ocrx_word' id='word_1_201' title='bbox 469 1488 560 1531; x_wconf 75' lang='grc' dir='ltr'>ταῖς</span> <span class='ocrx_word' id='word_1_202' title='bbox 582 1479 938 1535; x_wconf 71' lang='grc' dir='ltr'><em>ἀποδεδειγμέναις</em></span> <span class='ocrx_word' id='word_1_203' title='bbox 958 1476 1129 1533; x_wconf 74' lang='grc' dir='ltr'><em>θηκαις]</em></span> <span class='ocrx_word' id='word_1_204' title='bbox 1156 1479 1274 1518; x_wconf 86' lang='lat' dir='ltr'>Recte</span> <span class='ocrx_word' id='word_1_205' title='bbox 1293 1479 1484 1522; x_wconf 88' lang='lat' dir='ltr'><strong>Rhodom.</strong></span> 
     </span>
     <span class='ocr_line' id='line_1_25' title="bbox 39 1537 1485 1589; baseline -0.001 -12"><span class='ocrx_word' id='word_1_206' title='bbox 39 1542 82 1578; x_wconf 78' lang='lat' dir='ltr'>in</span> <span class='ocrx_word' id='word_1_207' title='bbox 111 1542 332 1589; x_wconf 76' lang='lat' dir='ltr'>designatis</span> <span class='ocrx_word' id='word_1_208' title='bbox 361 1542 416 1578; x_wconf 83' lang='lat' dir='ltr'>ad</span> <span class='ocrx_word' id='word_1_209' title='bbox 440 1541 512 1578; x_wconf 79' lang='lat' dir='ltr'>lzoc</span> <span class='ocrx_word' id='word_1_210' title='bbox 542 1542 786 1579; x_wconf 81' lang='lat' dir='ltr'>conditoriis.</span> <span class='ocrx_word' id='word_1_211' title='bbox 833 1540 999 1583; x_wconf 80' lang='lat' dir='ltr'>Quaevis</span> <span class='ocrx_word' id='word_1_212' title='bbox 1030 1540 1132 1575; x_wconf 89' lang='lat' dir='ltr'>enim</span> <span class='ocrx_word' id='word_1_213' title='bbox 1155 1537 1203 1574; x_wconf 88' lang='lat' dir='ltr'>ad</span> <span class='ocrx_word' id='word_1_214' title='bbox 1236 1545 1360 1574; x_wconf 86' lang='lat' dir='ltr'>certos</span> <span class='ocrx_word' id='word_1_215' title='bbox 1391 1551 1485 1575; x_wconf 87' lang='lat' dir='ltr'>usus</span> 
     </span>
     <span class='ocr_line' id='line_1_26' title="bbox 41 1593 1484 1647; baseline -0.002 -12"><span class='ocrx_word' id='word_1_216' title='bbox 41 1597 322 1635; x_wconf 87' lang='lat' dir='ltr'>accommodata</span> <span class='ocrx_word' id='word_1_217' title='bbox 351 1604 389 1633; x_wconf 91' lang='lat' dir='ltr'>et</span> <span class='ocrx_word' id='word_1_218' title='bbox 417 1597 609 1634; x_wconf 87' lang='lat' dir='ltr'>destinata</span> <span class='ocrx_word' id='word_1_219' title='bbox 637 1593 954 1647; x_wconf 16' lang='grc' dir='ltr'><em>ἀποδεδηειγμεία</em></span> <span class='ocrx_word' id='word_1_220' title='bbox 984 1596 1231 1644; x_wconf 77' lang='lat' dir='ltr'>appellitant,</span> <span class='ocrx_word' id='word_1_221' title='bbox 1263 1596 1321 1631; x_wconf 89' lang='lat' dir='ltr'>uti</span> <span class='ocrx_word' id='word_1_222' title='bbox 1338 1593 1484 1644; x_wconf 71' lang='grc' dir='ltr'><em>βιβὶία</em></span> 
     </span>
     <span class='ocr_line' id='line_1_27' title="bbox 40 1646 1486 1704; baseline -0.002 -12"><span class='ocrx_word' id='word_1_223' title='bbox 40 1650 356 1704; x_wconf 67' lang='grc' dir='ltr'><em>ἀποδεδειγμένα</em></span> <span class='ocrx_word' id='word_1_224' title='bbox 382 1654 419 1692; x_wconf 92' lang='grc'>1</span> <span class='ocrx_word' id='word_1_225' title='bbox 447 1652 616 1690; x_wconf 87' lang='lat' dir='ltr'><strong>Maccab.</strong></span> <span class='ocrx_word' id='word_1_226' title='bbox 633 1652 737 1690; x_wconf 91' lang='lat' dir='ltr'><strong>XIV.</strong></span> <span class='ocrx_word' id='word_1_227' title='bbox 769 1652 844 1691; x_wconf 89' lang='grc'>33.</span> <span class='ocrx_word' id='word_1_228' title='bbox 872 1646 1095 1701; x_wconf 78' lang='grc' dir='ltr'>θαλάμους</span> <span class='ocrx_word' id='word_1_229' title='bbox 1122 1647 1486 1702; x_wconf 72' lang='grc' dir='ltr'><em>ἀποδεδειγμένους</em></span> 
     </span>
     <span class='ocr_line' id='line_1_28' title="bbox 42 1707 1484 1757; baseline -0.002 -11"><span class='ocrx_word' id='word_1_230' title='bbox 42 1709 151 1746; x_wconf 86' lang='lat' dir='ltr'>Sext.</span> <span class='ocrx_word' id='word_1_231' title='bbox 186 1708 368 1757; x_wconf 88' lang='lat' dir='ltr'>Empiric.</span> <span class='ocrx_word' id='word_1_232' title='bbox 392 1709 421 1747; x_wconf 91' lang='lat' dir='ltr'>I.</span> <span class='ocrx_word' id='word_1_233' title='bbox 452 1712 495 1746; x_wconf 92' lang='lat' dir='ltr'>in</span> <span class='ocrx_word' id='word_1_234' title='bbox 518 1709 726 1746; x_wconf 87' lang='lat' dir='ltr'>Grammat.</span> <span class='ocrx_word' id='word_1_235' title='bbox 750 1709 820 1747; x_wconf 87' lang='lat'>13.</span> <span class='ocrx_word' id='word_1_236' title='bbox 852 1719 887 1756; x_wconf 88' lang='lat' dir='ltr'>p.</span> <span class='ocrx_word' id='word_1_237' title='bbox 920 1708 1040 1753; x_wconf 64' lang='lat'><strong>280..</strong></span> <span class='ocrx_word' id='word_1_238' title='bbox 1077 1718 1187 1754; x_wconf 87' lang='lat' dir='ltr'>quem</span> <span class='ocrx_word' id='word_1_239' title='bbox 1207 1707 1484 1756; x_wconf 83' lang='lat' dir='ltr'>elegantiorem</span> 
     </span>
     <span class='ocr_line' id='line_1_29' title="bbox 40 1761 1483 1813; baseline -0.002 -11"><span class='ocrx_word' id='word_1_240' title='bbox 40 1767 149 1804; x_wconf 89' lang='lat' dir='ltr'>vocis</span> <span class='ocrx_word' id='word_1_241' title='bbox 181 1778 291 1801; x_wconf 88' lang='lat' dir='ltr'>usum</span> <span class='ocrx_word' id='word_1_242' title='bbox 321 1765 488 1813; x_wconf 87' lang='lat' dir='ltr'>erudite,</span> <span class='ocrx_word' id='word_1_243' title='bbox 523 1772 566 1802; x_wconf 86' lang='lat' dir='ltr'>nt</span> <span class='ocrx_word' id='word_1_244' title='bbox 597 1766 712 1811; x_wconf 84' lang='lat' dir='ltr'>solet,</span> <span class='ocrx_word' id='word_1_245' title='bbox 746 1763 794 1800; x_wconf 93' lang='lat' dir='ltr'>T.</span> <span class='ocrx_word' id='word_1_246' title='bbox 823 1761 1038 1798; x_wconf 87' lang='lat' dir='ltr'>Hemsterh.</span> <span class='ocrx_word' id='word_1_247' title='bbox 1065 1762 1114 1799; x_wconf 84' lang='lat' dir='ltr'>ad</span> <span class='ocrx_word' id='word_1_248' title='bbox 1142 1761 1392 1809; x_wconf 87' lang='lat' dir='ltr'>Xenophont.</span> <span class='ocrx_word' id='word_1_249' title='bbox 1420 1762 1483 1799; x_wconf 89' lang='lat' dir='ltr'>lV.</span> 
     </span>
    </p>
   </div>
   <div class='ocr_carea' id='block_1_6' title="bbox 36 1817 1488 2824">
    <p class='ocr_par' dir='ltr' id='par_1_7' title="bbox 38 1817 1366 1870">
     <span class='ocr_line' id='line_1_30' title="bbox 38 1817 1366 1870; baseline -0.003 -11"><span class='ocrx_word' id='word_1_250' title='bbox 38 1820 178 1870; x_wconf 88' lang='lat' dir='ltr'>Ephes.</span> <span class='ocrx_word' id='word_1_251' title='bbox 209 1833 244 1868; x_wconf 87' lang='lat' dir='ltr'><strong>p.</strong></span> <span class='ocrx_word' id='word_1_252' title='bbox 271 1822 342 1860; x_wconf 81' lang='lat'>59.</span> <span class='ocrx_word' id='word_1_253' title='bbox 373 1823 595 1869; x_wconf 82' lang='lat' dir='ltr'>explanavit</span> <span class='ocrx_word' id='word_1_254' title='bbox 632 1820 716 1857; x_wconf 87' lang='lat' dir='ltr'><strong>Vol.</strong></span> <span class='ocrx_word' id='word_1_255' title='bbox 737 1818 801 1856; x_wconf 91' lang='lat' dir='ltr'>VI.</span> <span class='ocrx_word' id='word_1_256' title='bbox 830 1818 991 1855; x_wconf 86' lang='lat' dir='ltr'>Miscell.</span> <span class='ocrx_word' id='word_1_257' title='bbox 1019 1831 1055 1867; x_wconf 90' lang='lat' dir='ltr'><strong>p.</strong></span> <span class='ocrx_word' id='word_1_258' title='bbox 1084 1819 1190 1857; x_wconf 89' lang='lat'><strong>301.</strong></span> <span class='ocrx_word' id='word_1_259' title='bbox 1230 1817 1366 1855; x_wconf 79' lang='lat' dir='ltr'><strong>WEss.</strong></span> 
     </span>
    </p>

    <p class='ocr_par' dir='ltr' id='par_1_8' title="bbox 36 1870 1482 2028">
     <span class='ocr_line' id='line_1_31' title="bbox 157 1870 1482 1930; baseline -0.005 -13"><span class='ocrx_word' id='word_1_260' title='bbox 157 1878 258 1917; x_wconf 85' lang='lat'><strong>103.</strong></span> <span class='ocrx_word' id='word_1_261' title='bbox 290 1878 363 1917; x_wconf 88' lang='grc'>80.</span> <span class='ocrx_word' id='word_1_262' title='bbox 395 1873 554 1930; x_wconf 73' lang='grc' dir='ltr'><em>Τάφιον</em></span> <span class='ocrx_word' id='word_1_263' title='bbox 575 1873 752 1927; x_wconf 84' lang='grc' dir='ltr'><em>κτίσεις]</em></span> <span class='ocrx_word' id='word_1_264' title='bbox 792 1874 930 1912; x_wconf 85' lang='lat' dir='ltr'>Melius</span> <span class='ocrx_word' id='word_1_265' title='bbox 952 1870 1123 1925; x_wconf 64' lang='grc' dir='ltr'><em>κτήσεις.</em></span> <span class='ocrx_word' id='word_1_266' title='bbox 1173 1873 1219 1910; x_wconf 86' lang='lat' dir='ltr'>Si</span> <span class='ocrx_word' id='word_1_267' title='bbox 1248 1876 1332 1922; x_wconf 89' lang='lat' dir='ltr'>quis</span> <span class='ocrx_word' id='word_1_268' title='bbox 1353 1881 1482 1911; x_wconf 88' lang='lat' dir='ltr'>tamen</span> 
     </span>
     <span class='ocr_line' id='line_1_32' title="bbox 36 1931 1481 1982; baseline -0.003 -11"><span class='ocrx_word' id='word_1_269' title='bbox 36 1933 280 1971; x_wconf 81' lang='lat' dir='ltr'>retinendum</span> <span class='ocrx_word' id='word_1_270' title='bbox 300 1937 494 1971; x_wconf 89' lang='lat' dir='ltr'>censuerit</span> <span class='ocrx_word' id='word_1_271' title='bbox 521 1932 691 1979; x_wconf 80' lang='grc' dir='ltr'><em>κτίσεις,</em></span> <span class='ocrx_word' id='word_1_272' title='bbox 724 1934 782 1969; x_wconf 87' lang='lat' dir='ltr'>ita</span> <span class='ocrx_word' id='word_1_273' title='bbox 809 1938 955 1970; x_wconf 86' lang='lat' dir='ltr'>vertat:</span> <span class='ocrx_word' id='word_1_274' title='bbox 1006 1932 1075 1981; x_wconf 82' lang='lat' dir='ltr'>qui</span> <span class='ocrx_word' id='word_1_275' title='bbox 1093 1932 1266 1982; x_wconf 79' lang='lat' dir='ltr'>propria</span> <span class='ocrx_word' id='word_1_276' title='bbox 1295 1931 1481 1982; x_wconf 78' lang='lat' dir='ltr'>sepulcra</span> 
     </span>
     <span class='ocr_line' id='line_1_33' title="bbox 37 1988 678 2028; baseline -0.005 -1"><span class='ocrx_word' id='word_1_277' title='bbox 37 2003 114 2028; x_wconf 79' lang='lat' dir='ltr'>non</span> <span class='ocrx_word' id='word_1_278' title='bbox 144 1989 265 2026; x_wconf 77' lang='lat' dir='ltr'>habet</span> <span class='ocrx_word' id='word_1_279' title='bbox 289 1997 507 2027; x_wconf 66' lang='lat' dir='ltr'>emh-‚ueta</span> <span class='ocrx_word' id='word_1_280' title='bbox 543 1988 678 2026; x_wconf 74' lang='lat' dir='ltr'><strong>Rflon.</strong></span> 
     </span>
    </p>

    <p class='ocr_par' dir='ltr' id='par_1_9' title="bbox 36 2040 1482 2320">
     <span class='ocr_line' id='line_1_34' title="bbox 158 2040 1482 2111; baseline -0.005 -25"><span class='ocrx_word' id='word_1_281' title='bbox 158 2046 257 2086; x_wconf 86' lang='lat'><strong>103.</strong></span> <span class='ocrx_word' id='word_1_282' title='bbox 283 2049 354 2086; x_wconf 86' lang='grc'><strong>81.</strong></span> <span class='ocrx_word' id='word_1_283' title='bbox 384 2044 504 2098; x_wconf 78' lang='grc' dir='ltr'><em>Πρὸς</em></span> <span class='ocrx_word' id='word_1_284' title='bbox 524 2043 596 2084; x_wconf 82' lang='grc' dir='ltr'>τὸν</span> <span class='ocrx_word' id='word_1_285' title='bbox 625 2041 942 2111; x_wconf 75' lang='grc' dir='ltr'><em>ἀσφαλέστατον</em></span> <span class='ocrx_word' id='word_1_286' title='bbox 969 2044 1054 2082; x_wconf 83' lang='grc' dir='ltr'>τῶν</span> <span class='ocrx_word' id='word_1_287' title='bbox 1083 2040 1263 2093; x_wconf 82' lang='grc' dir='ltr'><em>τοίχων]</em></span> <span class='ocrx_word' id='word_1_288' title='bbox 1299 2041 1389 2080; x_wconf 92' lang='lat' dir='ltr'>Non</span> <span class='ocrx_word' id='word_1_289' title='bbox 1409 2043 1482 2079; x_wconf 89' lang='lat' dir='ltr'>ali-</span> 
     </span>
     <span class='ocr_line' id='line_1_35' title="bbox 37 2096 1482 2151; baseline -0.003 -13"><span class='ocrx_word' id='word_1_290' title='bbox 37 2107 97 2139; x_wconf 87' lang='lat' dir='ltr'>ter</span> <span class='ocrx_word' id='word_1_291' title='bbox 114 2101 298 2139; x_wconf 89' lang='lat' dir='ltr'>Herodot.</span> <span class='ocrx_word' id='word_1_292' title='bbox 327 2101 375 2138; x_wconf 89' lang='lat' dir='ltr'>II.</span> <span class='ocrx_word' id='word_1_293' title='bbox 400 2105 471 2143; x_wconf 85' lang='lat'>86.</span> <span class='ocrx_word' id='word_1_294' title='bbox 501 2102 636 2139; x_wconf 87' lang='lat' dir='ltr'>Paullo</span> <span class='ocrx_word' id='word_1_295' title='bbox 656 2108 745 2138; x_wconf 86' lang='lat' dir='ltr'>ante</span> <span class='ocrx_word' id='word_1_296' title='bbox 768 2096 928 2151; x_wconf 67' lang='grc' dir='ltr'><em>κτήσεις</em></span> <span class='ocrx_word' id='word_1_297' title='bbox 949 2100 996 2136; x_wconf 86' lang='lat' dir='ltr'>ob</span> <span class='ocrx_word' id='word_1_298' title='bbox 1028 2100 1190 2147; x_wconf 82' lang='lat' dir='ltr'>scriptos</span> <span class='ocrx_word' id='word_1_299' title='bbox 1212 2099 1333 2135; x_wconf 87' lang='lat' dir='ltr'>libros</span> <span class='ocrx_word' id='word_1_300' title='bbox 1361 2104 1400 2134; x_wconf 91' lang='lat' dir='ltr'>et</span> <span class='ocrx_word' id='word_1_301' title='bbox 1422 2101 1482 2148; x_wconf 85' lang='lat' dir='ltr'>ip-</span> 
     </span>
     <span class='ocr_line' id='line_1_36' title="bbox 38 2155 1480 2207; baseline -0.003 -13"><span class='ocrx_word' id='word_1_302' title='bbox 38 2171 118 2195; x_wconf 89' lang='lat' dir='ltr'>sam</span> <span class='ocrx_word' id='word_1_303' title='bbox 144 2172 246 2204; x_wconf 86' lang='lat' dir='ltr'>rem,</span> <span class='ocrx_word' id='word_1_304' title='bbox 270 2158 444 2207; x_wconf 89' lang='lat' dir='ltr'>quodque</span> <span class='ocrx_word' id='word_1_305' title='bbox 466 2171 580 2196; x_wconf 82' lang='lat' dir='ltr'>voces</span> <span class='ocrx_word' id='word_1_306' title='bbox 606 2171 670 2194; x_wconf 90' lang='lat' dir='ltr'>eas</span> <span class='ocrx_word' id='word_1_307' title='bbox 686 2157 835 2194; x_wconf 85' lang='lat' dir='ltr'>librarii</span> <span class='ocrx_word' id='word_1_308' title='bbox 858 2155 1093 2192; x_wconf 85' lang='lat' dir='ltr'>confundere</span> <span class='ocrx_word' id='word_1_309' title='bbox 1116 2156 1285 2201; x_wconf 86' lang='lat' dir='ltr'>soleant,</span> <span class='ocrx_word' id='word_1_310' title='bbox 1314 2156 1480 2192; x_wconf 88' lang='lat' dir='ltr'>restitui.</span> 
     </span>
     <span class='ocr_line' id='line_1_37' title="bbox 37 2209 1479 2265; baseline -0.001 -15"><span class='ocrx_word' id='word_1_311' title='bbox 37 2213 135 2251; x_wconf 83' lang='lat' dir='ltr'>Vide</span> <span class='ocrx_word' id='word_1_312' title='bbox 167 2214 274 2251; x_wconf 88' lang='lat' dir='ltr'><strong>Gisb.</strong></span> <span class='ocrx_word' id='word_1_313' title='bbox 307 2212 441 2265; x_wconf 88' lang='lat' dir='ltr'>Cuper.</span> <span class='ocrx_word' id='word_1_314' title='bbox 471 2214 541 2254; x_wconf 92' lang='lat' dir='ltr'><strong>III.</strong></span> <span class='ocrx_word' id='word_1_315' title='bbox 576 2213 668 2251; x_wconf 87' lang='lat' dir='ltr'><strong>Obs.</strong></span> <span class='ocrx_word' id='word_1_316' title='bbox 701 2214 742 2252; x_wconf 83' lang='lat'>9.</span> <span class='ocrx_word' id='word_1_317' title='bbox 764 2219 802 2249; x_wconf 90' lang='lat' dir='ltr'>et</span> <span class='ocrx_word' id='word_1_318' title='bbox 829 2211 1069 2260; x_wconf 85' lang='lat' dir='ltr'>Scherpezel.</span> <span class='ocrx_word' id='word_1_319' title='bbox 1097 2213 1140 2249; x_wconf 91' lang='lat' dir='ltr'>in</span> <span class='ocrx_word' id='word_1_320' title='bbox 1163 2209 1343 2250; x_wconf 86' lang='lat' dir='ltr'>Strabon.</span> <span class='ocrx_word' id='word_1_321' title='bbox 1365 2210 1479 2249; x_wconf 86' lang='lat' dir='ltr'><strong>X111.</strong></span> 
     </span>
     <span class='ocr_line' id='line_1_38' title="bbox 36 2270 363 2320; baseline -0.016 -10"><span class='ocrx_word' id='word_1_322' title='bbox 36 2282 73 2320; x_wconf 80' lang='lat'>1»-</span> <span class='ocrx_word' id='word_1_323' title='bbox 96 2272 200 2310; x_wconf 89' lang='lat'><strong>881.</strong></span> <span class='ocrx_word' id='word_1_324' title='bbox 228 2270 363 2308; x_wconf 80' lang='lat' dir='ltr'><strong>WEss.</strong></span> 
     </span>
    </p>

    <p class='ocr_par' dir='ltr' id='par_1_10' title="bbox 37 2320 1488 2824">
     <span class='ocr_line' id='line_1_39' title="bbox 155 2320 1483 2382; baseline -0.006 -16"><span class='ocrx_word' id='word_1_325' title='bbox 155 2327 257 2366; x_wconf 88' lang='grc'><strong>104.</strong></span> <span class='ocrx_word' id='word_1_326' title='bbox 294 2327 368 2366; x_wconf 91' lang='lat'>90.</span> <span class='ocrx_word' id='word_1_327' title='bbox 413 2325 486 2372; x_wconf 80' lang='grc' dir='ltr'>Εἷς</span> <span class='ocrx_word' id='word_1_328' title='bbox 505 2323 585 2382; x_wconf 75' lang='grc' dir='ltr'>τὴν</span> <span class='ocrx_word' id='word_1_329' title='bbox 612 2320 779 2365; x_wconf 81' lang='grc' dir='ltr'><em>αῗώνιον</em></span> <span class='ocrx_word' id='word_1_330' title='bbox 798 2320 986 2376; x_wconf 79' lang='grc' dir='ltr'><em>οικησιν]</em></span> <span class='ocrx_word' id='word_1_331' title='bbox 1010 2321 1108 2361; x_wconf 58' lang='lat' dir='ltr'>Dixi</span> <span class='ocrx_word' id='word_1_332' title='bbox 1127 2333 1229 2373; x_wconf 83' lang='lat' dir='ltr'><strong>supr.</strong></span> <span class='ocrx_word' id='word_1_333' title='bbox 1260 2336 1293 2361; x_wconf 84' lang='lat' dir='ltr'>c.</span> <span class='ocrx_word' id='word_1_334' title='bbox 1316 2322 1389 2363; x_wconf 87' lang='lat'>51.</span> <span class='ocrx_word' id='word_1_335' title='bbox 1380 2348 1414 2370; x_wconf 78' lang='lat'>.‚</span> <span class='ocrx_word' id='word_1_336' title='bbox 1442 2327 1483 2359; x_wconf 85' lang='lat' dir='ltr'>et</span> 
     </span>
     <span class='ocr_line' id='line_1_40' title="bbox 38 2380 1482 2432; baseline -0.001 -15"><span class='ocrx_word' id='word_1_337' title='bbox 38 2383 81 2418; x_wconf 89' lang='lat' dir='ltr'>in</span> <span class='ocrx_word' id='word_1_338' title='bbox 102 2393 273 2419; x_wconf 83' lang='lat' dir='ltr'>caussam</span> <span class='ocrx_word' id='word_1_339' title='bbox 304 2384 490 2432; x_wconf 89' lang='lat' dir='ltr'>inquisivi</span> <span class='ocrx_word' id='word_1_340' title='bbox 526 2384 607 2420; x_wconf 86' lang='lat' dir='ltr'>eius</span> <span class='ocrx_word' id='word_1_341' title='bbox 637 2395 772 2428; x_wconf 88' lang='lat' dir='ltr'>curae,</span> <span class='ocrx_word' id='word_1_342' title='bbox 812 2392 925 2429; x_wconf 90' lang='lat' dir='ltr'>quam</span> <span class='ocrx_word' id='word_1_343' title='bbox 956 2380 1291 2431; x_wconf 85' lang='lat' dir='ltr'>diligentissimam</span> <span class='ocrx_word' id='word_1_344' title='bbox 1318 2380 1482 2415; x_wconf 85' lang='lat' dir='ltr'>mortuis</span> 
     </span>
     <span class='ocr_line' id='line_1_41' title="bbox 37 2436 1481 2487; baseline -0.001 -14"><span class='ocrx_word' id='word_1_345' title='bbox 37 2438 310 2485; x_wconf 86' lang='lat' dir='ltr'>inpendebant.</span> <span class='ocrx_word' id='word_1_346' title='bbox 351 2437 394 2475; x_wconf 87' lang='lat' dir='ltr'>ld</span> <span class='ocrx_word' id='word_1_347' title='bbox 413 2452 507 2476; x_wconf 87' lang='lat' dir='ltr'>vero</span> <span class='ocrx_word' id='word_1_348' title='bbox 530 2441 736 2487; x_wconf 85' lang='lat' dir='ltr'>praeterire</span> <span class='ocrx_word' id='word_1_349' title='bbox 756 2439 865 2475; x_wconf 89' lang='lat' dir='ltr'>nefas</span> <span class='ocrx_word' id='word_1_350' title='bbox 885 2443 964 2483; x_wconf 88' lang='lat' dir='ltr'>est,</span> <span class='ocrx_word' id='word_1_351' title='bbox 990 2437 1155 2475; x_wconf 81' lang='lat' dir='ltr'>fortasse</span> <span class='ocrx_word' id='word_1_352' title='bbox 1175 2448 1247 2471; x_wconf 89' lang='lat' dir='ltr'>nec</span> <span class='ocrx_word' id='word_1_353' title='bbox 1276 2436 1369 2472; x_wconf 88' lang='lat' dir='ltr'>alibi</span> <span class='ocrx_word' id='word_1_354' title='bbox 1390 2447 1481 2483; x_wconf 89' lang='lat' dir='ltr'>pro-</span> 
     </span>
     <span class='ocr_line' id='line_1_42' title="bbox 41 2492 1482 2545; baseline -0.001 -17"><span class='ocrx_word' id='word_1_355' title='bbox 41 2492 185 2540; x_wconf 88' lang='lat' dir='ltr'>ditum,</span> <span class='ocrx_word' id='word_1_356' title='bbox 222 2497 416 2531; x_wconf 85' lang='lat' dir='ltr'>censuisse</span> <span class='ocrx_word' id='word_1_357' title='bbox 439 2496 672 2545; x_wconf 82' lang='lat' dir='ltr'>Aegyptios,</span> <span class='ocrx_word' id='word_1_358' title='bbox 702 2494 894 2530; x_wconf 84' lang='lat' dir='ltr'>redituros</span> <span class='ocrx_word' id='word_1_359' title='bbox 923 2492 1129 2540; x_wconf 81' lang='lat' dir='ltr'>aliquando</span> <span class='ocrx_word' id='word_1_360' title='bbox 1151 2504 1191 2528; x_wconf 88' lang='lat' dir='ltr'>se</span> <span class='ocrx_word' id='word_1_361' title='bbox 1213 2494 1254 2528; x_wconf 88' lang='lat' dir='ltr'>in</span> <span class='ocrx_word' id='word_1_362' title='bbox 1275 2493 1417 2537; x_wconf 84' lang='lat' dir='ltr'>vitam,</span> <span class='ocrx_word' id='word_1_363' title='bbox 1444 2496 1482 2526; x_wconf 88' lang='lat' dir='ltr'>et</span> 
     </span>
     <span class='ocr_line' id='line_1_43' title="bbox 39 2547 1485 2598; baseline -0.001 -14"><span class='ocrx_word' id='word_1_364' title='bbox 39 2556 239 2598; x_wconf 86' lang='lat' dir='ltr'>propterea</span> <span class='ocrx_word' id='word_1_365' title='bbox 258 2557 364 2587; x_wconf 89' lang='lat' dir='ltr'>tanto</span> <span class='ocrx_word' id='word_1_366' title='bbox 385 2563 497 2598; x_wconf 88' lang='lat' dir='ltr'>opere</span> <span class='ocrx_word' id='word_1_367' title='bbox 515 2550 791 2587; x_wconf 82' lang='lat' dir='ltr'>conservandis</span> <span class='ocrx_word' id='word_1_368' title='bbox 811 2549 1032 2598; x_wconf 85' lang='lat' dir='ltr'>corporibus</span> <span class='ocrx_word' id='word_1_369' title='bbox 1056 2548 1267 2585; x_wconf 85' lang='lat' dir='ltr'>studuisse:</span> <span class='ocrx_word' id='word_1_370' title='bbox 1297 2549 1404 2583; x_wconf 89' lang='lat' dir='ltr'>cuius</span> <span class='ocrx_word' id='word_1_371' title='bbox 1426 2547 1485 2583; x_wconf 85' lang='lat' dir='ltr'>rei</span> 
     </span>
     <span class='ocr_line' id='line_1_44' title="bbox 39 2603 1481 2656; baseline -0.003 -15"><span class='ocrx_word' id='word_1_372' title='bbox 39 2612 233 2642; x_wconf 84' lang='lat' dir='ltr'>auctorem</span> <span class='ocrx_word' id='word_1_373' title='bbox 253 2605 301 2642; x_wconf 88' lang='lat' dir='ltr'>do</span> <span class='ocrx_word' id='word_1_374' title='bbox 318 2605 574 2656; x_wconf 85' lang='lat' dir='ltr'>Augustinum</span> <span class='ocrx_word' id='word_1_375' title='bbox 598 2606 721 2642; x_wconf 87' lang='lat' dir='ltr'>Serm.</span> <span class='ocrx_word' id='word_1_376' title='bbox 742 2604 865 2641; x_wconf 78' lang='lat' dir='ltr'><strong>CXX.</strong></span> <span class='ocrx_word' id='word_1_377' title='bbox 886 2605 931 2641; x_wconf 81' lang='lat' dir='ltr'>(le</span> <span class='ocrx_word' id='word_1_378' title='bbox 952 2603 1148 2642; x_wconf 87' lang='lat' dir='ltr'>Diversis:</span> <span class='ocrx_word' id='word_1_379' title='bbox 1178 2603 1369 2653; x_wconf 72' lang='lat' dir='ltr'>Aegyptii</span> <span class='ocrx_word' id='word_1_380' title='bbox 1386 2613 1481 2638; x_wconf 83' lang='lat' dir='ltr'>vero</span> 
     </span>
     <span class='ocr_line' id='line_1_45' title="bbox 40 2661 1487 2711; baseline -0.003 -14"><span class='ocrx_word' id='word_1_381' title='bbox 40 2662 136 2706; x_wconf 75' lang='lat' dir='ltr'><em>soli,</em></span> <span class='ocrx_word' id='word_1_382' title='bbox 181 2664 328 2710; x_wconf 84' lang='lat' dir='ltr'>inquit,</span> <span class='ocrx_word' id='word_1_383' title='bbox 368 2664 535 2700; x_wconf 80' lang='lat' dir='ltr'>credunt</span> <span class='ocrx_word' id='word_1_384' title='bbox 561 2664 916 2708; x_wconf 73' lang='lat' dir='ltr'>resurrectionem,</span> <span class='ocrx_word' id='word_1_385' title='bbox 955 2662 1049 2711; x_wconf 79' lang='lat' dir='ltr'>quia</span> <span class='ocrx_word' id='word_1_386' title='bbox 1088 2661 1302 2708; x_wconf 80' lang='lat' dir='ltr'>diligenter</span> <span class='ocrx_word' id='word_1_387' title='bbox 1338 2662 1487 2695; x_wconf 79' lang='lat' dir='ltr'>curant</span> 
     </span>
     <span class='ocr_line' id='line_1_46' title="bbox 43 2717 1488 2765; baseline -0.003 -11"><span class='ocrx_word' id='word_1_388' title='bbox 43 2719 244 2755; x_wconf 77' lang='lat' dir='ltr'>cadavera</span> <span class='ocrx_word' id='word_1_389' title='bbox 273 2725 540 2765; x_wconf 77' lang='lat' dir='ltr'>mortum-um3</span> <span class='ocrx_word' id='word_1_390' title='bbox 578 2732 723 2755; x_wconf 84' lang='lat' dir='ltr'>morem</span> <span class='ocrx_word' id='word_1_391' title='bbox 753 2720 854 2754; x_wconf 84' lang='lat' dir='ltr'>em&#39;m</span> <span class='ocrx_word' id='word_1_392' title='bbox 883 2717 1027 2754; x_wconf 70' lang='lat' dir='ltr'>habent</span> <span class='ocrx_word' id='word_1_393' title='bbox 1055 2719 1212 2754; x_wconf 74' lang='lat' dir='ltr'>siccare</span> <span class='ocrx_word' id='word_1_394' title='bbox 1242 2727 1414 2765; x_wconf 66' lang='lat' dir='ltr'>corpora</span> <span class='ocrx_word' id='word_1_395' title='bbox 1445 2718 1488 2749; x_wconf 86' lang='lat' dir='ltr'>et</span> 
     </span>
     <span class='ocr_line' id='line_1_47' title="bbox 41 2771 1488 2824; baseline -0.003 -14"><span class='ocrx_word' id='word_1_396' title='bbox 41 2777 159 2824; x_wconf 77' lang='lat' dir='ltr'>quasi</span> <span class='ocrx_word' id='word_1_397' title='bbox 187 2787 315 2812; x_wconf 79' lang='lat' dir='ltr'>aenea</span> <span class='ocrx_word' id='word_1_398' title='bbox 348 2776 536 2821; x_wconf 83' lang='lat' dir='ltr'>reddere,</span> <span class='ocrx_word' id='word_1_399' title='bbox 568 2775 780 2813; x_wconf 68' lang='lat' dir='ltr'>Gabbarus</span> <span class='ocrx_word' id='word_1_400' title='bbox 803 2787 850 2812; x_wconf 83' lang='lat' dir='ltr'>ea</span> <span class='ocrx_word' id='word_1_401' title='bbox 882 2780 1081 2811; x_wconf 79' lang='lat' dir='ltr'>vocantes.</span> <span class='ocrx_word' id='word_1_402' title='bbox 1127 2773 1248 2815; x_wconf 75' lang='lat' dir='ltr'>Quem</span> <span class='ocrx_word' id='word_1_403' title='bbox 1266 2773 1394 2808; x_wconf 90' lang='lat' dir='ltr'>virum</span> <span class='ocrx_word' id='word_1_404' title='bbox 1411 2771 1488 2806; x_wconf 82' lang='lat' dir='ltr'>etsi</span> 
     </span>
    </p>
   </div>
   <div class='ocr_carea' id='block_1_7' title="bbox 98 2827 1264 2868">
    <p class='ocr_par' dir='ltr' id='par_1_11' title="bbox 98 2827 1264 2868">
     <span class='ocr_line' id='line_1_48' title="bbox 98 2827 1264 2868; baseline 0.001 -1"><span class='ocrx_word' id='word_1_405' title='bbox 98 2830 194 2868; x_wconf 67' lang='lat' dir='ltr'><strong>vor.</strong></span> <span class='ocrx_word' id='word_1_406' title='bbox 222 2830 251 2867; x_wconf 88' lang='lat'>1.</span> <span class='ocrx_word' id='word_1_407' title='bbox 1206 2827 1264 2868; x_wconf 91' lang='grc'>10</span> 
     </span>
    </p>
   </div>
  </div>
 </body>
</html>
