1828 3253
368 236 428 275 IN
458 234 568 274 LIB.
595 234 704 273 XII.
742 232 869 272 CAP.
904 235 946 274 9.
971 255 1018 262 —
1046 235 1114 276 ll.
1382 236 1472 278 569

36 348 235 399 ἐξέπεσον.
260 350 456 389 Nimirum
467 347 669 398 Sybaritae
688 346 856 386 advenas
878 359 966 396 prae
986 359 1025 383 se
1044 354 1344 396 contemnentes,
1361 361 1471 398 prae-

37 410 148 455 cipua
167 421 253 444 cum
273 408 311 444 in
334 419 457 443 rerum
480 404 823 450 administratione,
839 411 918 440 tum
935 416 1111 454 agrorum
1123 404 1376 454 descriptione
1399 406 1472 442 sibi

37 464 255 500 sumebant:
298 462 386 499 hinc
406 463 525 498 rixae.
581 459 722 497 Strabo
751 460 920 497 eiusdem
940 461 1210 508 conmeminst,
1249 461 1313 498 sed
1337 474 1471 510 parum

37 527 226 565 accurate,
253 518 294 556 L.
313 518 376 557 Vl.
399 531 433 567 p
460 517 566 556 404.
600 516 646 552 W
651 527 735 555 sss

149 577 254 616 485.
282 576 355 613 93.
394 573 478 612 Καὶ
506 570 577 618 τὰς
598 586 794 623 ῃυιαικας
816 566 999 611 ἐπιθύειν
1018 576 1104 618 τοῖς
1131 574 1248 619 θεοῖς
1276 580 1346 610 etc.
1358 571 1377 625 ]
1408 574 1470 611 ln-

37 638 181 680 terpres
210 631 448 682 generaliore
485 629 653 665 dictione
682 629 826 679 defun<
814 631 916 665 itur.
957 624 1163 667 Ἐπιθύειν
1182 637 1311 666 servat
1330 633 1470 668 veteris

37 688 356 739 significationiS,
384 697 458 734 qua
477 681 595 724 θύειν
616 685 702 722 ῐΙιιιε
724 686 905 731 adolere,
931 685 1135 721 manifesta
1155 688 1332 736 vestigia.
1382 686 1471 724 Dici

38 744 84 781 de
107 746 183 781 illis
205 745 313 790 solet,
326 745 391 790 qui
413 741 500 778 thus
519 741 652 791 digitis
677 743 907 790 primoribus
924 748 1139 790 correptum
1158 743 1200 778 in
1218 755 1323 779 aram
1343 744 1473 781 inver-

36 808 143 851 gunt.
171 799 312 836 Noster
327 798 534 835 Eumenem
554 811 639 834 cum
659 798 890 847 prodidisset
909 798 1150 834 admonuisse
1171 798 1286 835 duces
1310 805 1348 835 et
1377 812 1474 836 con-

35 858 231 893 militones
267 850 449 894 ἐπιθυειν
474 850 540 904 ἅμ’
563 849 697 909 ἡμέρα
716 850 874 900 πάντας
896 853 1136 901 Alexandro,
1168 854 1260 904 quid
1280 857 1332 891 sit
1351 858 1475 893 conti-

36 925 113 949 nuo
147 913 314 959 explicat
342 910 383 948 L.
416 909 559 948 XVIII.
593 912 633 950 6.
659 912 727 948 καὶ
747 908 949 977 κεᾳιείνςί
973 906 1150 961 ἐσχάρας
1175 907 1352 978 ἑχουσης
1378 914 1476 965 πῦρ,

35 967 212 1007 ἐπέθυον
231 967 274 1006 ἐκ
305 966 496 1017 κιβωτίου
519 969 679 1017 χρυσοῦ
700 963 847 1012 πάντες
870 981 906 1005 οι
929 961 1121 1018 ἡγεμόνες
1139 962 1212 1005 τόν
1235 982 1278 1006 τε
1301 969 1477 1018 ὶιβανω-

34 1021 108 1063 τὸν
127 1023 194 1063 καὶ
215 1026 298 1062 τῶν
319 1021 393 1062 αλ)
399 1038 454 1062 ων
475 1020 639 1061 είωὸῶν
659 1020 709 1061 τὰ
731 1024 835 1061 πολι
839 1020 929 1061 τε)’
909 1037 1083 1069 εστατιι,
1120 1025 1330 1076 positoque
1348 1024 1476 1071 focu-

38 1081 97 1126 lo,
128 1082 218 1130 igne
241 1080 414 1131 repleto,
453 1092 503 1116 ea:
523 1092 650 1116 aurea
679 1092 827 1116 acerra
858 1080 1100 1130 depromtum
1132 1079 1221 1117 tlms
1251 1088 1292 1118 et
1315 1082 1473 1133 reliqua

36 1138 316 1188 magnipretii
337 1149 386 1173 (ιν
393 1143 524 1172 amata
546 1137 663 1173 duces
687 1137 726 1172 in
748 1148 792 1172 eo
812 1137 983 1172 adolent.
1029 1135 1133 1172 Hinc
1152 1150 1246 1174 vero
1266 1138 1386 1186 liquet
1407 1151 1475 1175 ne-

36 1194 176 1230 sarium
201 1194 404 1244 consilium
422 1191 614 1237 Antiochi,
630 1194 696 1241 qui
717 1194 841 1241 patria
862 1191 1086 1229 ludaeorum
1107 1192 1256 1229 deserta
1275 1195 1476 1245 religione,

35 1263 254 1300 τεκμηριον
290 1246 529 1300 ἐμπαρέχειν
558 1247 697 1297 οιομει
700 1262 745 1293 ος
773 1244 818 1287 τὸ
851 1247 1164 1295 ΕΠΙΘΥΕΙΝ,
1190 1246 1326 1316 ὥσπερ
1350 1247 1477 1301 νόμος

39 1304 123 1343 ἐστὶ
153 1309 240 1350 τοῖς
257 1299 472 1355 ‘'Emoyow,
505 1301 656 1343 ἐκέλευε
684 1319 751 1342 και
778 1317 876 1349 τους
904 1302 1054 1350 ἄὶὶοῑς
1077 1301 1203 1343 ταυτό
1227 1311 1355 1344 ποιεῖν
1373 1304 1477 1345 ἀνα-

35 1357 206 1427 ymi‘g‘ecv·
238 1357 444 1414 (pave9oig
462 1357 539 1412 γὰρ
559 1356 807 1412 γενήσεσθαι
829 1374 887 1398 τι)
914 1358 972 1411 μὴ
993 1359 1070 1399 35)
1074 1375 1129 1399 ειν
1149 1358 1246 1406 τοὺς
1266 1360 1479 1413 ἐπιβεβου-

37 1412 234 1462 ὶευκότας
271 1416 371 1465 apud
404 1415 551 1464 Ioseph.
574 1415 654 1452 Bel.
685 1415 766 1452 Iud.
797 1416 840 1454 L.
868 1416 949 1452 V.lI
972 1418 1012 1455 3
1037 1417 1078 1455 3.
1121 1417 1303 1465 Volebat
1332 1427 1375 1456 ut
1398 1419 1478 1456 An..

35 1472 207 1510 tiocheni
229 1472 373 1518 Iudaei,
402 1472 715 1523 quemadmodum
738 1474 832 1522 ipse,
862 1471 950 1509 thus
973 1475 1105 1522 primis
1127 1473 1260 1524 digitis
1281 1487 1329 1511 ex
1348 1488 1480 1514 acerra

38 1529 257 1578 decerptum
277 1542 366 1566 arae
394 1530 552 1566 iniicere
581 1528 852 1578 adigerentur3
894 1529 1008 1578 idque
1032 1532 1064 1566 si
1084 1537 1328 1577 recusarent,
1356 1535 1479 1570 mani·-

37 1586 139 1622 festo
169 1592 212 1622 ut
242 1591 476 1623 tenerentur.
521 1585 831 1631 Immolafionis,
870 1594 982 1633 quam
1021 1587 1098 1622 viri
1125 1586 1229 1623 docti
1257 1588 1481 1635 obtrudunt,

39 1643 147 1678 nulla
167 1643 249 1678 illic
272 1642 383 1679 ratio.
410 1640 612 1678 Praeclare
632 1640 868 1691 Porphyrius
890 1641 929 1678 L.
944 1641 990 1679 II.
1009 1641 1054 1678 A.
1076 1641 1119 1678 A.
1141 1655 1174 1679 c.
1187 1644 1258 1683 58.
1286 1643 1354 1682 καὶ
1378 1642 1478 1685 αὐτὸ

38 1695 85 1736 τὸ
109 1693 226 1736 θύειν
251 1699 325 1736 τοῦ
349 1699 508 1752 θιμιᾷν
533 1695 658 1749 εἴχετο
673 1723 686 1745 ,
727 1712 794 1736 και
816 1699 890 1737 τοῦ
914 1699 988 1738 νῦν
1010 1712 1094 1751 παρ
1136 1693 1235 1751 ἡμῖν
1265 1699 1482 1753 λεγομένου

40 1752 512 1793 EH1&1⁷E1N.W1:ss.

152 1810 320 1850 485.1.
346 1808 431 1849 Και
451 1807 677 1862 κρείττονες
699 1805 846 1860 σχεδὸν
866 1804 997 1859 ὄντες]
1030 1809 1111 1848 Nos
1131 1813 1316 1862 marginis
1326 1813 1485 1852 lectioni

41 1866 328 1905 subscribimus,
360 1866 461 1912 Quid
480 1868 582 1903 enim
603 1865 665 1902 hic
690 1863 836 1915 σχεδὸν
858 1873 944 1913 post
962 1865 1187 1917 κρείττονες
1205 1866 1312 1918 agit?
1345 1868 1482 1910 RHon.

153 1923 259 1965 485.
295 1922 365 1962 15.
393 1919 552 1963 Ἄλλων
581 1921 740 1975 γενῶν]
781 1921 914 1962 Malim
934 1919 1188 1977 ἀλλογενῶν,
1215 1936 1328 1974 quam
1348 1922 1485 1966 ἄλλων

39 1980 180 2033 γενῶν.
213 1978 369 2017 STEPH.

153 2035 358 2076 485.16.
388 2031 510 2073 Τὸν
495 2031 663 2086 ἄριστον
685 2029 758 2073 τὸν
780 2030 821 2074 ἓν
840 2032 1005 2090 παιδείᾳ
1023 2031 1374 2089 θαυμαζόμενον]
1394 2036 1485 2076 Non

42 2091 175 2129 dubito
193 2093 286 2140 quin
304 2091 508 2141 legendum
528 2093 578 2128 sit
599 2087 768 2141 ἶίριστον
788 2092 872 2129 τῶν
893 2105 935 2129 εν
955 2076 1120 2131 παιδεία
1138 2094 1226 2132 θαι
1228 2092 1413 2144 μαζομέι
1415 2109 1485 2133 ων.

45 2147 200 2189 STEPH
224 2154 262 2184 et
281 2146 416 2186 RHOD.
441 2147 592 2184 Accedo
614 2149 710 2185 viris
730 2147 973 2186 doctissimis.
1006 2147 1049 2187 ld
1062 2133 1233 2186 Diodoro
1253 2151 1386 2200 largiri
1406 2163 1485 2188 non

44 2217 213 2253 possum,
237 2202 477 2244 Charondam
496 2204 616 2240 fuisse
639 2201 857 2240 Thurinum
877 2205 1012 2250 civem,
1027 2206 1206 2256 legesque
1217 2204 1376 2244 Thuriis
1390 2207 1485 2243 scri-

40 2263 179 2310 psisse.
204 2260 422 2355 5Adpellant
451 2273 536 2296 eum
565 2259 717 2309 quidem
750 2258 962 2306 Thur-iam,
995 2258 1196 2313 Θούριον,
1227 2262 1354 2302 valer
1376 2262 1482 2302 Max.

47 2316 91 2355 L.
113 2316 178 2354 Vl.
234 2323 301 2355 ,et
319 2315 555 2353 Themistius
575 2315 682 2352 Orat.
703 2315 750 2352 ll.
772 2330 805 2365 p.
830 2317 901 2356 31.
925 2315 968 2356 Β.
961 2344 984 2362 .,
999 2317 1065 2354 sed
1085 2331 1171 2355 cum
1192 2318 1333 2356 Nostro
1353 2332 1486 2357 erran-

47 2379 116 2409 tes.
146 2370 269 2410 Domo
294 2372 537 2411 Gatanaeum
558 2371 813 2419 Philosophus
835 2372 949 2410 Polit.
972 2372 1013 2411 L.
1036 2373 1082 2410 ΙΙ.
1106 2376 1190 2421 10.,
1200 2374 1424 2412 Heraclides
1438 2376 1484 2412 de

47 2429 164 2466 Polit.
189 2427 414 2465 lamblichus
435 2429 511 2466 vit.
535 2427 648 2477 Pyth.
673 2436 764 2466 sect.
789 2429 861 2468 33.
889 2430 990 2469 104.
1021 2438 1092 2468 etc.
1120 2439 1232 2479 atque
1263 2432 1333 2470 alii
1358 2432 1486 2481 perhi-

49 2485 152 2522 bent.
191 2484 307 2537 Addit
326 2484 551 2521 lamblichus
572 2483 812 2535 Pythagorae
831 2487 1025 2537 aequalem
1047 2494 1085 2524 et
1103 2487 1332 2539 discipulum
1352 2489 1485 2535 fuisse,

50 2543 117 2588 qui
136 2553 220 2577 eum
238 2548 326 2576 ante
346 2540 414 2576 hos
435 2543 634 2591 sexaginta
656 2548 817 2588 quatuor
833 2554 955 2579 annos
977 2544 1018 2579 in
1039 2543 1150 2581 Italia
1171 2544 1368 2591 floruerit,
1400 2545 1486 2581 fieri

49 2598 120 2634 vix
142 2599 275 2645 potuit,
295 2603 338 2633 ut
358 2595 576 2633 Charondas
598 2599 696 2633 inter
717 2597 828 2634 vivos
848 2597 1014 2645 duraret,
1036 2611 1151 2648 quum
1172 2599 1312 2638 Thurii
1339 2604 1487 2637 instau-

49 2660 239 2696 rarentur.
276 2652 452 2689 Prodidit
478 2648 549 2689 hoc
579 2655 741 2702 amplius
766 2652 988 2691 Heraclides
1008 2655 1111 2692 dicto
1139 2658 1246 2702 loco,
1276 2655 1487 2707 Rheginos,

52 2708 152 2756 apud
173 2720 266 2757 quos
296 2711 534 2758 optimatium
558 2716 684 2756 partes
705 2710 920 2757 valuerint,
956 2708 1180 2750 Charondae
1200 2714 1348 2762 legibus
1368 2714 1487 2750 fuisse

52 2777 164 2802 usos:
196 2772 360 2801 mutasse
384 2764 473 2800 dein
494 2765 723 2813 reipublicae
744 2766 904 2804 formam
924 2766 1152 2816 Anaxssam,
1177 2769 1335 2808 civitate
1358 2776 1492 2818 tyran-

54 2821 144 2858 nide
167 2833 358 2870 oppressa.
387 2820 504 2868 Atqui
522 2819 705 2857 Anaxilas
725 2830 810 2870 post
829 2823 1038 2861 octodecim
1056 2838 1245 2863 annorum
1266 2824 1496 2862 dominatio-

56 2890 142 2914 nem
163 2878 256 2914 fatis
282 2880 473 2914 concessit
493 2889 594 2913 anno
615 2879 736 2924 primo
756 2876 909 2927 Olymp.
931 2888 1096 2929 LXXVI„
1130 2883 1245 2920 sicuti
1265 2881 1431 2918 vidimus
1455 2880 1500 2918 L.
