<?xml version="1.0" encoding="UTF-8"?>
<!DOCTYPE html PUBLIC "-//W3C//DTD XHTML 1.0 Transitional//EN"
    "http://www.w3.org/TR/xhtml1/DTD/xhtml1-transitional.dtd">
<html xmlns="http://www.w3.org/1999/xhtml" xml:lang="en" lang="en">
 <head>
  <title>
</title>
<meta http-equiv="Content-Type" content="text/html;charset=utf-8" />
  <meta name='ocr-system' content='tesseract 3.04.00' />
  <meta name='ocr-capabilities' content='ocr_page ocr_carea ocr_par ocr_line ocrx_word'/>
</head>
<body>
  <div class='ocr_page' id='page_1' title='image "./bibliothecahisto04dioduoft_0608.png"; bbox 0 0 1828 3253; ppageno 0'>
   <div class='ocr_carea' id='block_1_1' title="bbox 311 89 1296 137">
    <p class='ocr_par' dir='ltr' id='par_1_1' title="bbox 311 89 1296 137">
     <span class='ocr_line' id='line_1_1' title="bbox 311 89 1296 137; baseline -0.006 0"><span class='ocrx_word' id='word_1_1' title='bbox 311 93 407 137; x_wconf 82' lang='lat'>574</span> <span class='ocrx_word' id='word_1_2' title='bbox 775 89 1296 133; x_wconf 84' lang='lat' dir='ltr'>ANNOTATIONES</span> 
     </span>
    </p>
   </div>
   <div class='ocr_carea' id='block_1_2' title="bbox 310 204 1792 2784">
    <p class='ocr_par' dir='ltr' id='par_1_2' title="bbox 313 204 1792 864">
     <span class='ocr_line' id='line_1_2' title="bbox 313 204 1753 255; baseline 0 -10"><span class='ocrx_word' id='word_1_3' title='bbox 313 207 397 245; x_wconf 87' lang='lat' dir='ltr'>eius</span> <span class='ocrx_word' id='word_1_4' title='bbox 415 205 502 244; x_wconf 89' lang='lat' dir='ltr'>funi</span> <span class='ocrx_word' id='word_1_5' title='bbox 528 204 756 253; x_wconf 85' lang='lat' dir='ltr'>inserendo,</span> <span class='ocrx_word' id='word_1_6' title='bbox 786 205 852 253; x_wconf 90' lang='lat' dir='ltr'>qui</span> <span class='ocrx_word' id='word_1_7' title='bbox 879 206 1006 255; x_wconf 87' lang='lat' dir='ltr'>legum</span> <span class='ocrx_word' id='word_1_8' title='bbox 1028 205 1190 244; x_wconf 85' lang='lat' dir='ltr'>latarum</span> <span class='ocrx_word' id='word_1_9' title='bbox 1216 207 1382 255; x_wconf 81' lang='lat' dir='ltr'>aliquam</span> <span class='ocrx_word' id='word_1_10' title='bbox 1413 209 1568 245; x_wconf 84' lang='lat' dir='ltr'>meliore</span> <span class='ocrx_word' id='word_1_11' title='bbox 1596 219 1753 246; x_wconf 89' lang='lat' dir='ltr'>conmu-</span> 
     </span>
     <span class='ocr_line' id='line_1_3' title="bbox 313 260 1753 309; baseline 0 -8"><span class='ocrx_word' id='word_1_12' title='bbox 313 263 470 302; x_wconf 78' lang='lat' dir='ltr'>tantiam</span> <span class='ocrx_word' id='word_1_13' title='bbox 490 263 689 309; x_wconf 81' lang='lat' dir='ltr'>suaderet,</span> <span class='ocrx_word' id='word_1_14' title='bbox 715 267 861 298; x_wconf 81' lang='lat' dir='ltr'>ceteros</span> <span class='ocrx_word' id='word_1_15' title='bbox 884 274 1000 308; x_wconf 84' lang='lat' dir='ltr'>vero,</span> <span class='ocrx_word' id='word_1_16' title='bbox 1030 260 1325 300; x_wconf 82' lang='lat' dir='ltr'><strong>Demosthenem</strong></span> <span class='ocrx_word' id='word_1_17' title='bbox 1345 263 1452 301; x_wconf 89' lang='lat' dir='ltr'>Orat.</span> <span class='ocrx_word' id='word_1_18' title='bbox 1482 266 1522 300; x_wconf 89' lang='lat' dir='ltr'>in</span> <span class='ocrx_word' id='word_1_19' title='bbox 1543 263 1753 301; x_wconf 86' lang='lat' dir='ltr'>Timocrat.</span> 
     </span>
     <span class='ocr_line' id='line_1_4' title="bbox 314 316 1754 370; baseline 0.003 -16"><span class='ocrx_word' id='word_1_20' title='bbox 314 334 352 370; x_wconf 81' lang='lat'>1)-</span> <span class='ocrx_word' id='word_1_21' title='bbox 372 321 477 359; x_wconf 84' lang='grc'><strong>468.</strong></span> <span class='ocrx_word' id='word_1_22' title='bbox 511 318 788 364; x_wconf 83' lang='lat' dir='ltr'><strong>Locrensibus,</strong></span> <span class='ocrx_word' id='word_1_23' title='bbox 833 323 871 353; x_wconf 85' lang='lat' dir='ltr'>et</span> <span class='ocrx_word' id='word_1_24' title='bbox 897 316 1145 355; x_wconf 79' lang='lat' dir='ltr'><strong>Locrensium</strong></span> <span class='ocrx_word' id='word_1_25' title='bbox 1173 320 1301 370; x_wconf 83' lang='lat' dir='ltr'>legum</span> <span class='ocrx_word' id='word_1_26' title='bbox 1326 324 1476 357; x_wconf 85' lang='lat' dir='ltr'>auctori</span> <span class='ocrx_word' id='word_1_27' title='bbox 1504 319 1671 357; x_wconf 88' lang='lat' dir='ltr'>Zaleuco</span> <span class='ocrx_word' id='word_1_28' title='bbox 1700 320 1754 358; x_wconf 86' lang='lat' dir='ltr'><strong>lo.</strong></span> 
     </span>
     <span class='ocr_line' id='line_1_5' title="bbox 315 372 1756 424; baseline 0 -11"><span class='ocrx_word' id='word_1_29' title='bbox 315 376 523 413; x_wconf 78' lang='lat' dir='ltr'>stobaeum</span> <span class='ocrx_word' id='word_1_30' title='bbox 555 373 677 411; x_wconf 88' lang='lat' dir='ltr'>Serm.</span> <span class='ocrx_word' id='word_1_31' title='bbox 694 372 818 410; x_wconf 79' lang='lat' dir='ltr'><strong>XLII.</strong></span> <span class='ocrx_word' id='word_1_32' title='bbox 844 387 878 422; x_wconf 91' lang='lat' dir='ltr'>p.</span> <span class='ocrx_word' id='word_1_33' title='bbox 901 375 1023 420; x_wconf 78' lang='lat'><strong>280.,</strong></span> <span class='ocrx_word' id='word_1_34' title='bbox 1055 375 1279 424; x_wconf 78' lang='lat' dir='ltr'>Polybium,</span> <span class='ocrx_word' id='word_1_35' title='bbox 1309 389 1439 424; x_wconf 86' lang='lat' dir='ltr'>parum</span> <span class='ocrx_word' id='word_1_36' title='bbox 1463 383 1586 412; x_wconf 90' lang='lat' dir='ltr'>tamen</span> <span class='ocrx_word' id='word_1_37' title='bbox 1612 376 1756 413; x_wconf 87' lang='lat' dir='ltr'>discre-</span> 
     </span>
     <span class='ocr_line' id='line_1_6' title="bbox 314 429 1755 483; baseline 0 -14"><span class='ocrx_word' id='word_1_38' title='bbox 314 438 493 483; x_wconf 79' lang='lat' dir='ltr'>pantem,</span> <span class='ocrx_word' id='word_1_39' title='bbox 522 430 565 467; x_wconf 88' lang='lat' dir='ltr'>L.</span> <span class='ocrx_word' id='word_1_40' title='bbox 596 430 686 467; x_wconf 85' lang='lat' dir='ltr'><strong>Xll.</strong></span> <span class='ocrx_word' id='word_1_41' title='bbox 711 432 750 469; x_wconf 89' lang='grc'>7.</span> <span class='ocrx_word' id='word_1_42' title='bbox 781 436 818 465; x_wconf 88' lang='lat' dir='ltr'>et</span> <span class='ocrx_word' id='word_1_43' title='bbox 846 429 1062 467; x_wconf 83' lang='lat' dir='ltr'>Hieroclem</span> <span class='ocrx_word' id='word_1_44' title='bbox 1093 432 1134 466; x_wconf 90' lang='lat' dir='ltr'>in</span> <span class='ocrx_word' id='word_1_45' title='bbox 1165 430 1319 469; x_wconf 80' lang='lat' dir='ltr'>Stobaei</span> <span class='ocrx_word' id='word_1_46' title='bbox 1347 431 1425 470; x_wconf 81' lang='lat' dir='ltr'><strong>Tit.</strong></span> <span class='ocrx_word' id='word_1_47' title='bbox 1457 431 1685 471; x_wconf 78' lang='lat' dir='ltr'><strong>XXXVIII.</strong></span> <span class='ocrx_word' id='word_1_48' title='bbox 1719 446 1755 482; x_wconf 91' lang='lat' dir='ltr'>p.</span> 
     </span>
     <span class='ocr_line' id='line_1_7' title="bbox 315 486 1757 537; baseline -0.001 -9"><span class='ocrx_word' id='word_1_49' title='bbox 315 490 425 529; x_wconf 80' lang='lat'><strong>229.</strong></span> <span class='ocrx_word' id='word_1_50' title='bbox 454 488 696 525; x_wconf 85' lang='lat' dir='ltr'>contribuere</span> <span class='ocrx_word' id='word_1_51' title='bbox 716 492 947 522; x_wconf 71' lang='lat' dir='ltr'>constanter.</span> <span class='ocrx_word' id='word_1_52' title='bbox 974 486 1106 523; x_wconf 86' lang='lat' dir='ltr'>Videri</span> <span class='ocrx_word' id='word_1_53' title='bbox 1118 495 1314 537; x_wconf 87' lang='lat' dir='ltr'>propterea</span> <span class='ocrx_word' id='word_1_54' title='bbox 1328 487 1567 525; x_wconf 78' lang='lat' dir='ltr'>Charondam</span> <span class='ocrx_word' id='word_1_55' title='bbox 1587 495 1653 525; x_wconf 77' lang='lat' dir='ltr'>aut</span> <span class='ocrx_word' id='word_1_56' title='bbox 1672 502 1757 526; x_wconf 85' lang='lat' dir='ltr'>eum</span> 
     </span>
     <span class='ocr_line' id='line_1_8' title="bbox 315 541 1757 591; baseline -0.001 -9"><span class='ocrx_word' id='word_1_57' title='bbox 315 545 484 582; x_wconf 91' lang='lat' dir='ltr'>Zaleuco</span> <span class='ocrx_word' id='word_1_58' title='bbox 498 544 713 585; x_wconf 77' lang='lat' dir='ltr'>confusum,</span> <span class='ocrx_word' id='word_1_59' title='bbox 724 541 824 590; x_wconf 91' lang='lat' dir='ltr'>quod</span> <span class='ocrx_word' id='word_1_60' title='bbox 836 543 909 578; x_wconf 90' lang='lat' dir='ltr'>sibi</span> <span class='ocrx_word' id='word_1_61' title='bbox 930 545 1118 591; x_wconf 81' lang='lat' dir='ltr'>persuasit</span> <span class='ocrx_word' id='word_1_62' title='bbox 1128 542 1183 582; x_wconf 88' lang='lat' dir='ltr'><strong>Cl.</strong></span> <span class='ocrx_word' id='word_1_63' title='bbox 1198 544 1250 581; x_wconf 91' lang='grc' dir='ltr'>Ιο.</span> <span class='ocrx_word' id='word_1_64' title='bbox 1262 544 1438 581; x_wconf 86' lang='lat' dir='ltr'>Albertus</span> <span class='ocrx_word' id='word_1_65' title='bbox 1453 543 1757 582; x_wconf 86' lang='lat' dir='ltr'>FabriciusBibl.</span> 
     </span>
     <span class='ocr_line' id='line_1_9' title="bbox 318 597 1792 651; baseline -0.001 -13"><span class='ocrx_word' id='word_1_66' title='bbox 318 601 455 638; x_wconf 83' lang='lat' dir='ltr'>Graec.</span> <span class='ocrx_word' id='word_1_67' title='bbox 477 599 519 637; x_wconf 90' lang='lat' dir='ltr'>L.</span> <span class='ocrx_word' id='word_1_68' title='bbox 539 599 586 636; x_wconf 93' lang='grc' dir='ltr'>ΙΙ.</span> <span class='ocrx_word' id='word_1_69' title='bbox 608 612 640 636; x_wconf 92' lang='lat' dir='ltr'>c.</span> <span class='ocrx_word' id='word_1_70' title='bbox 665 599 735 638; x_wconf 86' lang='lat'>14</span> <span class='ocrx_word' id='word_1_71' title='bbox 757 599 812 644; x_wconf 79' lang='grc'><strong>3.,</strong></span> <span class='ocrx_word' id='word_1_72' title='bbox 836 605 900 635; x_wconf 88' lang='lat' dir='ltr'>aut</span> <span class='ocrx_word' id='word_1_73' title='bbox 920 597 1131 636; x_wconf 88' lang='lat' dir='ltr'>Diodorum</span> <span class='ocrx_word' id='word_1_74' title='bbox 1151 601 1366 637; x_wconf 86' lang='lat' dir='ltr'>eiusmodi</span> <span class='ocrx_word' id='word_1_75' title='bbox 1357 614 1397 637; x_wconf 87' lang='lat' dir='ltr'>ln</span> <span class='ocrx_word' id='word_1_76' title='bbox 1419 602 1545 651; x_wconf 82' lang='lat' dir='ltr'>legum</span> <span class='ocrx_word' id='word_1_77' title='bbox 1565 603 1758 650; x_wconf 85' lang='lat' dir='ltr'>exemplar</span> <span class='ocrx_word' id='word_1_78' title='bbox 1786 612 1792 616; x_wconf 67' lang='grc'><strong><em>’</em></strong></span> 
     </span>
     <span class='ocr_line' id='line_1_10' title="bbox 315 650 1758 705; baseline -0.001 -10"><span class='ocrx_word' id='word_1_79' title='bbox 315 657 515 703; x_wconf 77' lang='lat' dir='ltr'>incidisse,</span> <span class='ocrx_word' id='word_1_80' title='bbox 536 655 636 705; x_wconf 88' lang='lat' dir='ltr'>quod</span> <span class='ocrx_word' id='word_1_81' title='bbox 655 654 895 691; x_wconf 87' lang='lat' dir='ltr'>Charondam</span> <span class='ocrx_word' id='word_1_82' title='bbox 914 657 995 691; x_wconf 86' lang='lat' dir='ltr'>eius</span> <span class='ocrx_word' id='word_1_83' title='bbox 1012 650 1300 693; x_wconf 81' lang='lat' dir='ltr'>constitutionis</span> <span class='ocrx_word' id='word_1_84' title='bbox 1320 664 1512 694; x_wconf 84' lang='lat' dir='ltr'>auctorem</span> <span class='ocrx_word' id='word_1_85' title='bbox 1533 656 1758 705; x_wconf 81' lang='lat' dir='ltr'>perhiberet.</span> 
     </span>
     <span class='ocr_line' id='line_1_11' title="bbox 316 709 1757 763; baseline -0.001 -12"><span class='ocrx_word' id='word_1_86' title='bbox 316 714 442 763; x_wconf 88' lang='lat' dir='ltr'>Atque</span> <span class='ocrx_word' id='word_1_87' title='bbox 459 713 531 749; x_wconf 91' lang='lat' dir='ltr'>hoc</span> <span class='ocrx_word' id='word_1_88' title='bbox 548 711 642 748; x_wconf 89' lang='lat' dir='ltr'>mihi</span> <span class='ocrx_word' id='word_1_89' title='bbox 663 709 816 760; x_wconf 87' lang='lat' dir='ltr'>quidem</span> <span class='ocrx_word' id='word_1_90' title='bbox 834 724 926 748; x_wconf 87' lang='lat' dir='ltr'>vero</span> <span class='ocrx_word' id='word_1_91' title='bbox 947 713 1109 748; x_wconf 90' lang='lat' dir='ltr'>similius</span> <span class='ocrx_word' id='word_1_92' title='bbox 1128 712 1280 759; x_wconf 85' lang='lat' dir='ltr'>accidit,</span> <span class='ocrx_word' id='word_1_93' title='bbox 1304 713 1608 762; x_wconf 88' lang='lat' dir='ltr'>quandoquidem</span> <span class='ocrx_word' id='word_1_94' title='bbox 1625 720 1663 750; x_wconf 90' lang='lat' dir='ltr'>et</span> <span class='ocrx_word' id='word_1_95' title='bbox 1682 715 1757 750; x_wconf 75' lang='lat' dir='ltr'>alia</span> 
     </span>
     <span class='ocr_line' id='line_1_12' title="bbox 317 767 1758 820; baseline -0.001 -13"><span class='ocrx_word' id='word_1_96' title='bbox 317 783 367 807; x_wconf 89' lang='lat' dir='ltr'>ex</span> <span class='ocrx_word' id='word_1_97' title='bbox 386 771 555 820; x_wconf 84' lang='lat' dir='ltr'>legibus,</span> <span class='ocrx_word' id='word_1_98' title='bbox 586 780 680 816; x_wconf 85' lang='lat' dir='ltr'>quae</span> <span class='ocrx_word' id='word_1_99' title='bbox 701 767 868 803; x_wconf 89' lang='lat' dir='ltr'>Zaleueo</span> <span class='ocrx_word' id='word_1_100' title='bbox 889 767 1226 816; x_wconf 79' lang='lat' dir='ltr'>adscribebantur,</span> <span class='ocrx_word' id='word_1_101' title='bbox 1256 768 1478 806; x_wconf 87' lang='lat' dir='ltr'>Charondae</span> <span class='ocrx_word' id='word_1_102' title='bbox 1499 771 1662 820; x_wconf 87' lang='lat' dir='ltr'>largitus</span> <span class='ocrx_word' id='word_1_103' title='bbox 1686 776 1758 817; x_wconf 88' lang='lat' dir='ltr'>est,</span> 
     </span>
     <span class='ocr_line' id='line_1_13' title="bbox 319 823 861 864; baseline -0.011 0"><span class='ocrx_word' id='word_1_104' title='bbox 319 833 364 864; x_wconf 88' lang='lat' dir='ltr'>ut</span> <span class='ocrx_word' id='word_1_105' title='bbox 382 825 494 863; x_wconf 86' lang='lat' dir='ltr'>modo</span> <span class='ocrx_word' id='word_1_106' title='bbox 518 824 697 861; x_wconf 88' lang='lat' dir='ltr'>vidimus.</span> <span class='ocrx_word' id='word_1_107' title='bbox 727 823 776 859; x_wconf 89' lang='lat' dir='ltr'>W</span> <span class='ocrx_word' id='word_1_108' title='bbox 781 833 861 862; x_wconf 81' lang='lat' dir='ltr'>Ess.</span> 
     </span>
    </p>

    <p class='ocr_par' dir='ltr' id='par_1_3' title="bbox 316 873 1761 1435">
     <span class='ocr_line' id='line_1_14' title="bbox 430 873 1760 932; baseline -0.002 -11"><span class='ocrx_word' id='word_1_109' title='bbox 430 883 537 921; x_wconf 88' lang='grc'><strong>489.</strong></span> <span class='ocrx_word' id='word_1_110' title='bbox 566 880 637 919; x_wconf 87' lang='grc'>85.</span> <span class='ocrx_word' id='word_1_111' title='bbox 680 880 952 931; x_wconf 69' lang='grc' dir='ltr'>Παραχρῆιια</span> <span class='ocrx_word' id='word_1_112' title='bbox 970 875 1175 945; x_wconf 68' lang='grc' dir='ltr'>θνήσκειν</span> <span class='ocrx_word' id='word_1_113' title='bbox 1196 875 1274 919; x_wconf 72' lang='grc' dir='ltr'>ῑπό</span> <span class='ocrx_word' id='word_1_114' title='bbox 1300 882 1373 920; x_wconf 74' lang='grc' dir='ltr'>τοῦ</span> <span class='ocrx_word' id='word_1_115' title='bbox 1403 873 1584 932; x_wconf 77' lang='grc' dir='ltr'>βοόχου]</span> <span class='ocrx_word' id='word_1_116' title='bbox 1615 880 1760 919; x_wconf 88' lang='lat' dir='ltr'>Eadem</span> 
     </span>
     <span class='ocr_line' id='line_1_15' title="bbox 318 931 1758 989; baseline 0 -14"><span class='ocrx_word' id='word_1_117' title='bbox 318 939 509 975; x_wconf 89' lang='lat' dir='ltr'>sententia</span> <span class='ocrx_word' id='word_1_118' title='bbox 529 936 664 972; x_wconf 87' lang='lat' dir='ltr'>horum</span> <span class='ocrx_word' id='word_1_119' title='bbox 687 935 879 972; x_wconf 88' lang='lat' dir='ltr'>Hieroclis</span> <span class='ocrx_word' id='word_1_120' title='bbox 898 937 969 972; x_wconf 85' lang='lat' dir='ltr'>loc.</span> <span class='ocrx_word' id='word_1_121' title='bbox 993 936 1120 982; x_wconf 85' lang='lat' dir='ltr'>dieto,</span> <span class='ocrx_word' id='word_1_122' title='bbox 1149 931 1204 982; x_wconf 77' lang='grc' dir='ltr'>ὡς</span> <span class='ocrx_word' id='word_1_123' title='bbox 1227 934 1384 989; x_wconf 65' lang='grc' dir='ltr'><em>ἀκαοης</em></span> <span class='ocrx_word' id='word_1_124' title='bbox 1419 935 1568 986; x_wconf 73' lang='grc' dir='ltr'><em>οἴχοιτο</em></span> <span class='ocrx_word' id='word_1_125' title='bbox 1598 936 1758 988; x_wconf 74' lang='grc' dir='ltr'><em>πνιγείς</em></span> 
     </span>
     <span class='ocr_line' id='line_1_16' title="bbox 317 990 1761 1044; baseline 0 -14"><span class='ocrx_word' id='word_1_126' title='bbox 317 994 451 1042; x_wconf 88' lang='lat' dir='ltr'>Neque</span> <span class='ocrx_word' id='word_1_127' title='bbox 470 996 571 1030; x_wconf 88' lang='lat' dir='ltr'>enim</span> <span class='ocrx_word' id='word_1_128' title='bbox 593 995 724 1043; x_wconf 84' lang='lat' dir='ltr'>gravis</span> <span class='ocrx_word' id='word_1_129' title='bbox 743 1003 877 1029; x_wconf 82' lang='lat' dir='ltr'>caussa</span> <span class='ocrx_word' id='word_1_130' title='bbox 898 999 975 1039; x_wconf 86' lang='lat' dir='ltr'>est,</span> <span class='ocrx_word' id='word_1_131' title='bbox 1001 1005 1069 1028; x_wconf 90' lang='lat' dir='ltr'>eur</span> <span class='ocrx_word' id='word_1_132' title='bbox 1100 991 1142 1031; x_wconf 75' lang='grc' dir='ltr'>ἐκ</span> <span class='ocrx_word' id='word_1_133' title='bbox 1165 990 1326 1044; x_wconf 74' lang='grc' dir='ltr'>χειρὸς,</span> <span class='ocrx_word' id='word_1_134' title='bbox 1354 995 1512 1040; x_wconf 75' lang='lat' dir='ltr'>statim,</span> <span class='ocrx_word' id='word_1_135' title='bbox 1538 993 1761 1041; x_wconf 80' lang='lat' dir='ltr'>confestim,</span> 
     </span>
     <span class='ocr_line' id='line_1_17' title="bbox 319 1045 1759 1100; baseline -0.001 -12"><span class='ocrx_word' id='word_1_136' title='bbox 319 1065 405 1088; x_wconf 87' lang='lat' dir='ltr'>eum</span> <span class='ocrx_word' id='word_1_137' title='bbox 416 1049 493 1087; x_wconf 90' lang='lat' dir='ltr'>Cel.</span> <span class='ocrx_word' id='word_1_138' title='bbox 505 1046 678 1085; x_wconf 88' lang='lat' dir='ltr'>Bentleio</span> <span class='ocrx_word' id='word_1_139' title='bbox 699 1050 814 1099; x_wconf 84' lang='lat' dir='ltr'>legas.</span> <span class='ocrx_word' id='word_1_140' title='bbox 842 1045 1047 1100; x_wconf 68' lang='grc' dir='ltr'>ἈκαρΙ&gt;ς,</span> <span class='ocrx_word' id='word_1_141' title='bbox 1067 1055 1132 1085; x_wconf 88' lang='lat' dir='ltr'>aut</span> <span class='ocrx_word' id='word_1_142' title='bbox 1152 1052 1278 1098; x_wconf 88' lang='lat' dir='ltr'>potius</span> <span class='ocrx_word' id='word_1_143' title='bbox 1298 1047 1447 1100; x_wconf 57' lang='lat' dir='ltr'>cinnas),</span> <span class='ocrx_word' id='word_1_144' title='bbox 1467 1062 1544 1085; x_wconf 90' lang='lat' dir='ltr'>non</span> <span class='ocrx_word' id='word_1_145' title='bbox 1566 1050 1670 1086; x_wconf 92' lang='lat' dir='ltr'>aliud</span> <span class='ocrx_word' id='word_1_146' title='bbox 1690 1057 1759 1086; x_wconf 83' lang='lat' dir='ltr'>est.</span> 
     </span>
     <span class='ocr_line' id='line_1_18' title="bbox 316 1101 1758 1159; baseline -0.001 -14"><span class='ocrx_word' id='word_1_147' title='bbox 316 1106 529 1156; x_wconf 89' lang='lat' dir='ltr'>Aleiphron</span> <span class='ocrx_word' id='word_1_148' title='bbox 549 1104 590 1142; x_wconf 91' lang='lat' dir='ltr'>L</span> <span class='ocrx_word' id='word_1_149' title='bbox 616 1104 681 1141; x_wconf 91' lang='grc' dir='ltr'>ΙΙΙ.</span> <span class='ocrx_word' id='word_1_150' title='bbox 710 1104 780 1154; x_wconf 87' lang='lat' dir='ltr'>Ep.</span> <span class='ocrx_word' id='word_1_151' title='bbox 805 1106 844 1143; x_wconf 85' lang='lat'>7.</span> <span class='ocrx_word' id='word_1_152' title='bbox 885 1102 986 1150; x_wconf 71' lang='grc' dir='ltr'>θεὸς</span> <span class='ocrx_word' id='word_1_153' title='bbox 1005 1102 1084 1143; x_wconf 78' lang='grc' dir='ltr'>ἀπὸ</span> <span class='ocrx_word' id='word_1_154' title='bbox 1114 1108 1303 1157; x_wconf 75' lang='grc' dir='ltr'>μηχαιῆς</span> <span class='ocrx_word' id='word_1_155' title='bbox 1320 1101 1520 1159; x_wconf 73' lang='grc' dir='ltr'><em>ἕὸῥυσατό</em></span> <span class='ocrx_word' id='word_1_156' title='bbox 1541 1120 1592 1156; x_wconf 80' lang='grc' dir='ltr'>με</span> <span class='ocrx_word' id='word_1_157' title='bbox 1624 1103 1758 1157; x_wconf 79' lang='grc' dir='ltr'><em>ἀκαοῆ</em></span> 
     </span>
     <span class='ocr_line' id='line_1_19' title="bbox 316 1157 1760 1229; baseline -0.003 -27"><span class='ocrx_word' id='word_1_158' title='bbox 316 1162 523 1229; x_wconf 77' lang='grc' dir='ltr'><em>μέλλοντα</em></span> <span class='ocrx_word' id='word_1_159' title='bbox 542 1157 656 1213; x_wconf 78' lang='grc' dir='ltr'><em>παρὰ</em></span> <span class='ocrx_word' id='word_1_160' title='bbox 685 1158 781 1207; x_wconf 76' lang='grc' dir='ltr'><em>τοὺς</em></span> <span class='ocrx_word' id='word_1_161' title='bbox 805 1159 1028 1207; x_wconf 54' lang='grc' dir='ltr'><em>πλείονας)</em></span> <span class='ocrx_word' id='word_1_162' title='bbox 1014 1158 1126 1199; x_wconf 74' lang='grc' dir='ltr'><strong>ιέναι.</strong></span> <span class='ocrx_word' id='word_1_163' title='bbox 1159 1161 1347 1210; x_wconf 87' lang='lat' dir='ltr'>Synesius</span> <span class='ocrx_word' id='word_1_164' title='bbox 1374 1162 1497 1210; x_wconf 89' lang='lat' dir='ltr'>Epist</span> <span class='ocrx_word' id='word_1_165' title='bbox 1525 1162 1567 1201; x_wconf 83' lang='grc'>4.</span> <span class='ocrx_word' id='word_1_166' title='bbox 1595 1174 1631 1210; x_wconf 91' lang='lat' dir='ltr'>p.</span> <span class='ocrx_word' id='word_1_167' title='bbox 1660 1164 1760 1202; x_wconf 80' lang='lat'><strong>164.</strong></span> 
     </span>
     <span class='ocr_line' id='line_1_20' title="bbox 318 1214 1761 1284; baseline -0.001 -26"><span class='ocrx_word' id='word_1_168' title='bbox 318 1220 369 1258; x_wconf 93' lang='lat' dir='ltr'><strong>D</strong></span> <span class='ocrx_word' id='word_1_169' title='bbox 403 1214 610 1268; x_wconf 64' lang='grc' dir='ltr'>ἐλάθομεν</span> <span class='ocrx_word' id='word_1_170' title='bbox 630 1216 929 1268; x_wconf 74' lang='grc' dir='ltr'>ἐγχρίμψαντες</span> <span class='ocrx_word' id='word_1_171' title='bbox 949 1215 1082 1269; x_wconf 77' lang='grc' dir='ltr'><em>ἀκαρῆ</em></span> <span class='ocrx_word' id='word_1_172' title='bbox 1105 1214 1233 1273; x_wconf 69' lang='grc' dir='ltr'><em>πέτρᾳ</em></span> <span class='ocrx_word' id='word_1_173' title='bbox 1243 1219 1433 1284; x_wconf 35' lang='lat' dir='ltr'>‘nposseffl</span> <span class='ocrx_word' id='word_1_174' title='bbox 1425 1215 1565 1270; x_wconf 73' lang='grc' dir='ltr'>ημὲνῃ</span> <span class='ocrx_word' id='word_1_175' title='bbox 1584 1219 1659 1269; x_wconf 79' lang='grc' dir='ltr'>τῆς</span> <span class='ocrx_word' id='word_1_176' title='bbox 1675 1220 1761 1270; x_wconf 73' lang='grc' dir='ltr'><strong>γῆς.</strong></span> 
     </span>
     <span class='ocr_line' id='line_1_21' title="bbox 318 1272 1761 1324; baseline -0.001 -11"><span class='ocrx_word' id='word_1_177' title='bbox 318 1277 445 1324; x_wconf 85' lang='lat' dir='ltr'>Atque</span> <span class='ocrx_word' id='word_1_178' title='bbox 464 1274 511 1311; x_wconf 85' lang='lat' dir='ltr'>ad</span> <span class='ocrx_word' id='word_1_179' title='bbox 538 1286 624 1310; x_wconf 89' lang='lat' dir='ltr'>eum</span> <span class='ocrx_word' id='word_1_180' title='bbox 644 1273 798 1310; x_wconf 87' lang='lat' dir='ltr'>modum</span> <span class='ocrx_word' id='word_1_181' title='bbox 817 1272 1005 1319; x_wconf 78' lang='lat' dir='ltr'>Basilius,</span> <span class='ocrx_word' id='word_1_182' title='bbox 1037 1276 1070 1310; x_wconf 92' lang='lat' dir='ltr'>si</span> <span class='ocrx_word' id='word_1_183' title='bbox 1092 1280 1220 1310; x_wconf 89' lang='lat' dir='ltr'>tamen</span> <span class='ocrx_word' id='word_1_184' title='bbox 1240 1276 1273 1311; x_wconf 90' lang='lat' dir='ltr'>is</span> <span class='ocrx_word' id='word_1_185' title='bbox 1292 1282 1424 1311; x_wconf 85' lang='lat' dir='ltr'>auctor</span> <span class='ocrx_word' id='word_1_186' title='bbox 1449 1274 1556 1312; x_wconf 85' lang='lat' dir='ltr'>Orat.</span> <span class='ocrx_word' id='word_1_187' title='bbox 1579 1274 1624 1310; x_wconf 90' lang='lat' dir='ltr'>de</span> <span class='ocrx_word' id='word_1_188' title='bbox 1648 1273 1761 1311; x_wconf 88' lang='lat' dir='ltr'>Stru-</span> 
     </span>
     <span class='ocr_line' id='line_1_22' title="bbox 320 1328 1760 1380; baseline -0.002 -10"><span class='ocrx_word' id='word_1_189' title='bbox 320 1340 430 1370; x_wconf 82' lang='lat' dir='ltr'>etura</span> <span class='ocrx_word' id='word_1_190' title='bbox 459 1330 676 1376; x_wconf 86' lang='lat' dir='ltr'>hominum,</span> <span class='ocrx_word' id='word_1_191' title='bbox 708 1328 756 1368; x_wconf 89' lang='lat' dir='ltr'>T.</span> <span class='ocrx_word' id='word_1_192' title='bbox 778 1329 807 1366; x_wconf 89' lang='grc' dir='ltr'>Ι.</span> <span class='ocrx_word' id='word_1_193' title='bbox 837 1342 871 1377; x_wconf 90' lang='lat' dir='ltr'>p.</span> <span class='ocrx_word' id='word_1_194' title='bbox 901 1330 1005 1368; x_wconf 80' lang='lat'>345</span> <span class='ocrx_word' id='word_1_195' title='bbox 1032 1328 1089 1376; x_wconf 89' lang='lat' dir='ltr'><strong>B.,</strong></span> <span class='ocrx_word' id='word_1_196' title='bbox 1119 1331 1260 1378; x_wconf 87' lang='lat' dir='ltr'>aliique</span> <span class='ocrx_word' id='word_1_197' title='bbox 1279 1344 1302 1367; x_wconf 90' lang='lat' dir='ltr'>a</span> <span class='ocrx_word' id='word_1_198' title='bbox 1326 1330 1558 1380; x_wconf 79' lang='lat' dir='ltr'>Spanhemio</span> <span class='ocrx_word' id='word_1_199' title='bbox 1586 1330 1635 1367; x_wconf 82' lang='lat' dir='ltr'>ad</span> <span class='ocrx_word' id='word_1_200' title='bbox 1657 1329 1760 1368; x_wconf 88' lang='lat' dir='ltr'>Plut.</span> 
     </span>
     <span class='ocr_line' id='line_1_23' title="bbox 319 1385 1133 1435; baseline -0.006 -7"><span class='ocrx_word' id='word_1_201' title='bbox 319 1402 360 1428; x_wconf 78' lang='lat' dir='ltr'>v.</span> <span class='ocrx_word' id='word_1_202' title='bbox 380 1388 487 1428; x_wconf 78' lang='lat'><strong>244.</strong></span> <span class='ocrx_word' id='word_1_203' title='bbox 517 1385 762 1435; x_wconf 87' lang='lat' dir='ltr'>Aristophan.</span> <span class='ocrx_word' id='word_1_204' title='bbox 782 1386 970 1424; x_wconf 81' lang='lat' dir='ltr'>advocati.</span> <span class='ocrx_word' id='word_1_205' title='bbox 999 1386 1133 1423; x_wconf 74' lang='lat' dir='ltr'><strong>WESS.</strong></span> 
     </span>
    </p>

    <p class='ocr_par' dir='ltr' id='par_1_4' title="bbox 320 1438 1762 1540">
     <span class='ocr_line' id='line_1_24' title="bbox 432 1438 1762 1494; baseline -0.001 -11"><span class='ocrx_word' id='word_1_206' title='bbox 432 1445 540 1484; x_wconf 83' lang='lat'><strong>489.</strong></span> <span class='ocrx_word' id='word_1_207' title='bbox 563 1444 637 1482; x_wconf 86' lang='lat'>91.</span> <span class='ocrx_word' id='word_1_208' title='bbox 665 1438 750 1481; x_wconf 75' lang='grc' dir='ltr'>Διά</span> <span class='ocrx_word' id='word_1_209' title='bbox 771 1456 885 1488; x_wconf 85' lang='grc' dir='ltr'><em>τινας</em></span> <span class='ocrx_word' id='word_1_210' title='bbox 905 1439 1132 1494; x_wconf 79' lang='grc' dir='ltr'><em>ἀναγκαίας</em></span> <span class='ocrx_word' id='word_1_211' title='bbox 1152 1441 1250 1492; x_wconf 88' lang='lat' dir='ltr'>etc.]</span> <span class='ocrx_word' id='word_1_212' title='bbox 1280 1440 1443 1480; x_wconf 87' lang='lat' dir='ltr'>Videtur</span> <span class='ocrx_word' id='word_1_213' title='bbox 1462 1442 1674 1479; x_wconf 87' lang='lat' dir='ltr'>desiderari</span> <span class='ocrx_word' id='word_1_214' title='bbox 1693 1441 1762 1482; x_wconf 81' lang='grc' dir='ltr'>καὶ</span> 
     </span>
     <span class='ocr_line' id='line_1_25' title="bbox 320 1495 926 1540; baseline -0.005 -1"><span class='ocrx_word' id='word_1_215' title='bbox 320 1508 411 1540; x_wconf 80' lang='lat' dir='ltr'>ante</span> <span class='ocrx_word' id='word_1_216' title='bbox 442 1495 522 1539; x_wconf 70' lang='grc' dir='ltr'><strong>διά.</strong></span> <span class='ocrx_word' id='word_1_217' title='bbox 559 1498 714 1535; x_wconf 76' lang='lat' dir='ltr'><strong>STEPH.</strong></span> <span class='ocrx_word' id='word_1_218' title='bbox 734 1506 770 1534; x_wconf 86' lang='lat' dir='ltr'>et</span> <span class='ocrx_word' id='word_1_219' title='bbox 788 1497 926 1537; x_wconf 58' lang='grc' dir='ltr'><strong>Κεῖοι).</strong></span> 
     </span>
    </p>

    <p class='ocr_par' dir='ltr' id='par_1_5' title="bbox 314 1549 1764 1933">
     <span class='ocr_line' id='line_1_26' title="bbox 433 1549 1764 1608; baseline -0.004 -12"><span class='ocrx_word' id='word_1_220' title='bbox 433 1558 540 1597; x_wconf 82' lang='lat'><strong>489.</strong></span> <span class='ocrx_word' id='word_1_221' title='bbox 565 1556 640 1594; x_wconf 83' lang='lat'>93.</span> <span class='ocrx_word' id='word_1_222' title='bbox 677 1550 771 1592; x_wconf 65' lang='lat' dir='ltr'>’Edu</span> <span class='ocrx_word' id='word_1_223' title='bbox 793 1569 854 1600; x_wconf 81' lang='grc' dir='ltr'>τις</span> <span class='ocrx_word' id='word_1_224' title='bbox 876 1551 986 1601; x_wconf 74' lang='grc' dir='ltr'>τινὸς</span> <span class='ocrx_word' id='word_1_225' title='bbox 1008 1551 1237 1608; x_wconf 68' lang='grc' dir='ltr'>ὀφθαλμὸν</span> <span class='ocrx_word' id='word_1_226' title='bbox 1255 1549 1444 1608; x_wconf 65' lang='grc' dir='ltr'><em>ἐκκόψῃ]</em></span> <span class='ocrx_word' id='word_1_227' title='bbox 1475 1553 1666 1593; x_wconf 82' lang='lat' dir='ltr'>Convenit</span> <span class='ocrx_word' id='word_1_228' title='bbox 1684 1556 1764 1606; x_wconf 85' lang='lat' dir='ltr'>legi</span> 
     </span>
     <span class='ocr_line' id='line_1_27' title="bbox 321 1610 1761 1661; baseline -0.002 -10"><span class='ocrx_word' id='word_1_229' title='bbox 321 1615 475 1651; x_wconf 85' lang='lat' dir='ltr'>divinae</span> <span class='ocrx_word' id='word_1_230' title='bbox 496 1610 761 1650; x_wconf 83' lang='lat' dir='ltr'><strong>Exod.XX1.</strong></span> <span class='ocrx_word' id='word_1_231' title='bbox 780 1613 874 1658; x_wconf 79' lang='grc'><strong>24.,</strong></span> <span class='ocrx_word' id='word_1_232' title='bbox 904 1625 1016 1661; x_wconf 87' lang='lat' dir='ltr'>quam</span> <span class='ocrx_word' id='word_1_233' title='bbox 1045 1611 1226 1661; x_wconf 84' lang='lat' dir='ltr'>losephus</span> <span class='ocrx_word' id='word_1_234' title='bbox 1260 1614 1314 1647; x_wconf 86' lang='lat' dir='ltr'>sic</span> <span class='ocrx_word' id='word_1_235' title='bbox 1335 1614 1501 1660; x_wconf 82' lang='lat' dir='ltr'>explicat</span> <span class='ocrx_word' id='word_1_236' title='bbox 1527 1612 1658 1661; x_wconf 86' lang='lat' dir='ltr'>Antiq.</span> <span class='ocrx_word' id='word_1_237' title='bbox 1681 1611 1761 1649; x_wconf 82' lang='lat' dir='ltr'>Iud.</span> 
     </span>
     <span class='ocr_line' id='line_1_28' title="bbox 319 1662 1762 1734; baseline -0.001 -26"><span class='ocrx_word' id='word_1_238' title='bbox 319 1671 363 1708; x_wconf 90' lang='lat' dir='ltr'>L.</span> <span class='ocrx_word' id='word_1_239' title='bbox 392 1670 453 1706; x_wconf 86' lang='lat' dir='ltr'><strong>lv.</strong></span> <span class='ocrx_word' id='word_1_240' title='bbox 479 1672 517 1709; x_wconf 86' lang='lat'>8.</span> <span class='ocrx_word' id='word_1_241' title='bbox 542 1669 615 1707; x_wconf 83' lang='grc'>35.</span> <span class='ocrx_word' id='word_1_242' title='bbox 654 1662 673 1706; x_wconf 81' lang='grc' dir='ltr'><em>ὃ</em></span> <span class='ocrx_word' id='word_1_243' title='bbox 696 1664 896 1718; x_wconf 74' lang='grc' dir='ltr'><em>πηρώσας</em></span> <span class='ocrx_word' id='word_1_244' title='bbox 916 1666 1107 1718; x_wconf 72' lang='grc' dir='ltr'><em>πασχέτω</em></span> <span class='ocrx_word' id='word_1_245' title='bbox 1131 1665 1180 1706; x_wconf 79' lang='grc' dir='ltr'>τὰ</span> <span class='ocrx_word' id='word_1_246' title='bbox 1205 1664 1343 1718; x_wconf 80' lang='grc' dir='ltr'>ὅμοια,</span> <span class='ocrx_word' id='word_1_247' title='bbox 1375 1681 1571 1719; x_wconf 64' lang='grc' dir='ltr'>στεοομετ</span> <span class='ocrx_word' id='word_1_248' title='bbox 1573 1681 1618 1714; x_wconf 89' lang='grc' dir='ltr'>ος</span> <span class='ocrx_word' id='word_1_249' title='bbox 1636 1682 1762 1734; x_wconf 77' lang='grc' dir='ltr'><em>ουπερ</em></span> 
     </span>
     <span class='ocr_line' id='line_1_29' title="bbox 320 1720 1764 1776; baseline -0.001 -11"><span class='ocrx_word' id='word_1_250' title='bbox 320 1724 446 1765; x_wconf 71' lang='grc' dir='ltr'><em>αλλον</em></span> <span class='ocrx_word' id='word_1_251' title='bbox 466 1722 680 1776; x_wconf 74' lang='grc' dir='ltr'>ἐστέοησε,</span> <span class='ocrx_word' id='word_1_252' title='bbox 710 1721 816 1774; x_wconf 71' lang='grc' dir='ltr'>πλὴν</span> <span class='ocrx_word' id='word_1_253' title='bbox 836 1724 870 1762; x_wconf 68' lang='grc' dir='ltr'>εἶ</span> <span class='ocrx_word' id='word_1_254' title='bbox 890 1739 992 1775; x_wconf 52' lang='lat' dir='ltr'>‘wyte</span> <span class='ocrx_word' id='word_1_255' title='bbox 1011 1720 1210 1775; x_wconf 73' lang='grc' dir='ltr'><em>χοήματα</em></span> <span class='ocrx_word' id='word_1_256' title='bbox 1239 1725 1379 1773; x_wconf 53' lang='lat' dir='ltr'>huffe&amp;</span> <span class='ocrx_word' id='word_1_257' title='bbox 1402 1721 1523 1763; x_wconf 55' lang='lat'>§17⁶7</span> <span class='ocrx_word' id='word_1_258' title='bbox 1488 1739 1631 1775; x_wconf 64' lang='lat' dir='ltr'>›saetev</span> <span class='ocrx_word' id='word_1_259' title='bbox 1651 1720 1671 1763; x_wconf 82' lang='grc' dir='ltr'><em>ὃ</em></span> <span class='ocrx_word' id='word_1_260' title='bbox 1695 1739 1764 1763; x_wconf 78' lang='grc' dir='ltr'>πε·</span> 
     </span>
     <span class='ocr_line' id='line_1_30' title="bbox 319 1779 1762 1834; baseline -0.003 -13"><span class='ocrx_word' id='word_1_261' title='bbox 319 1797 491 1834; x_wconf 55' lang='lat' dir='ltr'>uncinus</span> <span class='ocrx_word' id='word_1_262' title='bbox 476 1779 573 1827; x_wconf 62' lang='grc' dir='ltr'>’νος</span> <span class='ocrx_word' id='word_1_263' title='bbox 590 1792 670 1831; x_wconf 87' lang='lat' dir='ltr'>quo</span> <span class='ocrx_word' id='word_1_264' title='bbox 689 1780 800 1816; x_wconf 87' lang='lat' dir='ltr'>modo</span> <span class='ocrx_word' id='word_1_265' title='bbox 817 1783 887 1817; x_wconf 84' lang='lat' dir='ltr'>vix</span> <span class='ocrx_word' id='word_1_266' title='bbox 906 1781 1064 1817; x_wconf 86' lang='lat' dir='ltr'>distabit</span> <span class='ocrx_word' id='word_1_267' title='bbox 1082 1794 1104 1817; x_wconf 87' lang='lat' dir='ltr'>a</span> <span class='ocrx_word' id='word_1_268' title='bbox 1125 1782 1207 1830; x_wconf 86' lang='lat' dir='ltr'>lege</span> <span class='ocrx_word' id='word_1_269' title='bbox 1228 1782 1382 1817; x_wconf 86' lang='lat' dir='ltr'>talionis</span> <span class='ocrx_word' id='word_1_270' title='bbox 1395 1779 1485 1817; x_wconf 85' lang='grc' dir='ltr'><strong>ΧΙΙ.</strong></span> <span class='ocrx_word' id='word_1_271' title='bbox 1507 1780 1762 1818; x_wconf 84' lang='lat' dir='ltr'>Tabularum:</span> 
     </span>
     <span class='ocr_line' id='line_1_31' title="bbox 314 1837 1761 1909; baseline -0.001 -34"><span class='ocrx_word' id='word_1_272' title='bbox 314 1849 370 1876; x_wconf 69' lang='grc'><strong>-81,</strong></span> <span class='ocrx_word' id='word_1_273' title='bbox 395 1845 612 1876; x_wconf 70' lang='grc' dir='ltr'>ΜΕΜιςιωΜ.</span> <span class='ocrx_word' id='word_1_274' title='bbox 648 1847 855 1873; x_wconf 75' lang='lat' dir='ltr'><strong>RUP!T.N1.</strong></span> <span class='ocrx_word' id='word_1_275' title='bbox 885 1845 1071 1876; x_wconf 81' lang='lat' dir='ltr'><strong>CUM.E0.</strong></span> <span class='ocrx_word' id='word_1_276' title='bbox 1092 1847 1224 1874; x_wconf 72' lang='lat' dir='ltr'>PAcrr.</span> <span class='ocrx_word' id='word_1_277' title='bbox 1245 1847 1527 1884; x_wconf 77' lang='lat' dir='ltr'><strong>TAL10.ESTO.,</strong></span> <span class='ocrx_word' id='word_1_278' title='bbox 1555 1838 1601 1874; x_wconf 92' lang='lat' dir='ltr'>de</span> <span class='ocrx_word' id='word_1_279' title='bbox 1621 1849 1695 1909; x_wconf 79' lang='lat' dir='ltr'>qua</span> <span class='ocrx_word' id='word_1_280' title='bbox 1715 1837 1761 1873; x_wconf 92' lang='lat' dir='ltr'>A.</span> 
     </span>
     <span class='ocr_line' id='line_1_32' title="bbox 324 1892 1152 1933; baseline -0.004 -1"><span class='ocrx_word' id='word_1_281' title='bbox 324 1895 474 1932; x_wconf 84' lang='lat' dir='ltr'>Gellius</span> <span class='ocrx_word' id='word_1_282' title='bbox 496 1894 608 1930; x_wconf 89' lang='lat' dir='ltr'>Noet.</span> <span class='ocrx_word' id='word_1_283' title='bbox 630 1892 744 1929; x_wconf 79' lang='lat' dir='ltr'>Attio.</span> <span class='ocrx_word' id='word_1_284' title='bbox 768 1892 810 1929; x_wconf 93' lang='lat' dir='ltr'>L.</span> <span class='ocrx_word' id='word_1_285' title='bbox 833 1892 927 1929; x_wconf 91' lang='lat' dir='ltr'>XX.</span> <span class='ocrx_word' id='word_1_286' title='bbox 955 1896 991 1933; x_wconf 86' lang='lat' dir='ltr'>l.</span> <span class='ocrx_word' id='word_1_287' title='bbox 1018 1893 1152 1930; x_wconf 50' lang='lat' dir='ltr'><strong>WVESS.</strong></span> 
     </span>
    </p>

    <p class='ocr_par' dir='ltr' id='par_1_6' title="bbox 310 1945 1763 2784">
     <span class='ocr_line' id='line_1_33' title="bbox 433 1945 1762 2000; baseline -0.002 -11"><span class='ocrx_word' id='word_1_288' title='bbox 433 1952 540 1990; x_wconf 86' lang='grc'><strong>489.</strong></span> <span class='ocrx_word' id='word_1_289' title='bbox 562 1951 635 1989; x_wconf 83' lang='grc'>95.</span> <span class='ocrx_word' id='word_1_290' title='bbox 668 1946 753 1987; x_wconf 82' lang='lat' dir='ltr'>Tov</span> <span class='ocrx_word' id='word_1_291' title='bbox 771 1950 847 1999; x_wconf 74' lang='grc' dir='ltr'>μὲι</span> <span class='ocrx_word' id='word_1_292' title='bbox 866 1945 1131 1999; x_wconf 74' lang='grc' dir='ltr'><em>αντεκκόψαι]</em></span> <span class='ocrx_word' id='word_1_293' title='bbox 1155 1949 1373 2000; x_wconf 79' lang='lat' dir='ltr'>Legendum</span> <span class='ocrx_word' id='word_1_294' title='bbox 1394 1956 1484 1997; x_wconf 87' lang='lat' dir='ltr'>puto</span> <span class='ocrx_word' id='word_1_295' title='bbox 1506 1945 1762 1998; x_wconf 66' lang='grc' dir='ltr'><strong>ἀντεξέκοψε.</strong></span> 
     </span>
     <span class='ocr_line' id='line_1_34' title="bbox 322 2002 1759 2055; baseline -0.002 -12"><span class='ocrx_word' id='word_1_296' title='bbox 322 2006 478 2045; x_wconf 73' lang='lat' dir='ltr'><strong>STEPH.</strong></span> <span class='ocrx_word' id='word_1_297' title='bbox 510 2006 584 2043; x_wconf 81' lang='lat' dir='ltr'>Hie</span> <span class='ocrx_word' id='word_1_298' title='bbox 605 2002 942 2051; x_wconf 73' lang='grc' dir='ltr'><em>ἀνανταπόδοτος</em></span> <span class='ocrx_word' id='word_1_299' title='bbox 966 2012 1022 2041; x_wconf 89' lang='lat' dir='ltr'>est</span> <span class='ocrx_word' id='word_1_300' title='bbox 1042 2008 1241 2055; x_wconf 78' lang='lat' dir='ltr'>syntaxis,</span> <span class='ocrx_word' id='word_1_301' title='bbox 1277 2008 1353 2042; x_wconf 88' lang='lat' dir='ltr'>nisi</span> <span class='ocrx_word' id='word_1_302' title='bbox 1371 2007 1480 2042; x_wconf 89' lang='lat' dir='ltr'>malis</span> <span class='ocrx_word' id='word_1_303' title='bbox 1501 2002 1759 2054; x_wconf 61' lang='grc' dir='ltr'><strong>ἀντεξέκοψε.</strong></span> 
     </span>
     <span class='ocr_line' id='line_1_35' title="bbox 321 2057 1763 2110; baseline -0.001 -11"><span class='ocrx_word' id='word_1_304' title='bbox 321 2061 458 2099; x_wconf 80' lang='lat' dir='ltr'><strong>RHOD.</strong></span> <span class='ocrx_word' id='word_1_305' title='bbox 504 2062 549 2099; x_wconf 80' lang='lat' dir='ltr'>Si</span> <span class='ocrx_word' id='word_1_306' title='bbox 571 2065 612 2099; x_wconf 89' lang='lat' dir='ltr'>in</span> <span class='ocrx_word' id='word_1_307' title='bbox 634 2069 761 2110; x_wconf 84' lang='lat' dir='ltr'>partes</span> <span class='ocrx_word' id='word_1_308' title='bbox 788 2064 956 2098; x_wconf 88' lang='lat' dir='ltr'>virorum</span> <span class='ocrx_word' id='word_1_309' title='bbox 977 2063 1389 2110; x_wconf 83' lang='lat' dir='ltr'>praestantissimorum</span> <span class='ocrx_word' id='word_1_310' title='bbox 1408 2061 1615 2108; x_wconf 74' lang='lat' dir='ltr'>concedas,</span> <span class='ocrx_word' id='word_1_311' title='bbox 1647 2057 1763 2098; x_wconf 84' lang='lat' dir='ltr'>habe-</span> 
     </span>
     <span class='ocr_line' id='line_1_36' title="bbox 321 2116 1761 2168; baseline -0.002 -12"><span class='ocrx_word' id='word_1_312' title='bbox 321 2121 377 2156; x_wconf 89' lang='lat' dir='ltr'>bit</span> <span class='ocrx_word' id='word_1_313' title='bbox 398 2121 521 2156; x_wconf 89' lang='lat' dir='ltr'>oratio</span> <span class='ocrx_word' id='word_1_314' title='bbox 543 2121 672 2155; x_wconf 87' lang='lat' dir='ltr'>neseio</span> <span class='ocrx_word' id='word_1_315' title='bbox 702 2118 791 2167; x_wconf 94' lang='lat' dir='ltr'>quid</span> <span class='ocrx_word' id='word_1_316' title='bbox 811 2119 970 2165; x_wconf 81' lang='lat' dir='ltr'>illepidi.</span> <span class='ocrx_word' id='word_1_317' title='bbox 1012 2117 1108 2154; x_wconf 88' lang='lat' dir='ltr'>Mihi</span> <span class='ocrx_word' id='word_1_318' title='bbox 1128 2120 1292 2168; x_wconf 78' lang='lat' dir='ltr'>vestigia</span> <span class='ocrx_word' id='word_1_319' title='bbox 1311 2120 1540 2165; x_wconf 76' lang='lat' dir='ltr'>scriptoium</span> <span class='ocrx_word' id='word_1_320' title='bbox 1566 2116 1683 2155; x_wconf 84' lang='lat' dir='ltr'>Codd.</span> <span class='ocrx_word' id='word_1_321' title='bbox 1705 2119 1761 2153; x_wconf 83' lang='lat' dir='ltr'>le·-</span> 
     </span>
     <span class='ocr_line' id='line_1_37' title="bbox 320 2169 1762 2226; baseline -0.001 -15"><span class='ocrx_word' id='word_1_322' title='bbox 320 2178 449 2226; x_wconf 82' lang='lat' dir='ltr'>genti,</span> <span class='ocrx_word' id='word_1_323' title='bbox 479 2178 659 2224; x_wconf 86' lang='lat' dir='ltr'>seriptum</span> <span class='ocrx_word' id='word_1_324' title='bbox 681 2177 771 2211; x_wconf 85' lang='lat' dir='ltr'>olim</span> <span class='ocrx_word' id='word_1_325' title='bbox 790 2175 911 2210; x_wconf 85' lang='lat' dir='ltr'>fuisse</span> <span class='ocrx_word' id='word_1_326' title='bbox 939 2173 1092 2212; x_wconf 84' lang='lat' dir='ltr'>videtur</span> <span class='ocrx_word' id='word_1_327' title='bbox 1111 2171 1157 2212; x_wconf 84' lang='grc' dir='ltr'>τὸ</span> <span class='ocrx_word' id='word_1_328' title='bbox 1181 2173 1255 2225; x_wconf 72' lang='grc' dir='ltr'>μὲν</span> <span class='ocrx_word' id='word_1_329' title='bbox 1289 2169 1538 2223; x_wconf 61' lang='grc' dir='ltr'><em>ἀντεκκόψαι</em></span> <span class='ocrx_word' id='word_1_330' title='bbox 1567 2171 1639 2213; x_wconf 80' lang='grc' dir='ltr'>τὸν</span> <span class='ocrx_word' id='word_1_331' title='bbox 1663 2169 1762 2224; x_wconf 68' lang='lat' dir='ltr'>‹3ch—</span> 
     </span>
     <span class='ocr_line' id='line_1_38' title="bbox 324 2225 1759 2282; baseline -0.002 -13"><span class='ocrx_word' id='word_1_332' title='bbox 324 2247 477 2277; x_wconf 63' lang='grc' dir='ltr'>σαντα,</span> <span class='ocrx_word' id='word_1_333' title='bbox 511 2229 685 2269; x_wconf 67' lang='grc' dir='ltr'>Ξ-’ὶασσον</span> <span class='ocrx_word' id='word_1_334' title='bbox 716 2225 894 2280; x_wconf 45' lang='lat' dir='ltr'>infirme</span> <span class='ocrx_word' id='word_1_335' title='bbox 928 2245 1167 2282; x_wconf 81' lang='grc' dir='ltr'>ποοστιμοι</span> <span class='ocrx_word' id='word_1_336' title='bbox 1198 2226 1475 2282; x_wconf 53' lang='lat' dir='ltr'>mmmmm</span> <span class='ocrx_word' id='word_1_337' title='bbox 1498 2237 1570 2267; x_wconf 88' lang='lat' dir='ltr'>ete.</span> <span class='ocrx_word' id='word_1_338' title='bbox 1608 2231 1759 2267; x_wconf 74' lang='lat' dir='ltr'>oculum</span> 
     </span>
     <span class='ocr_line' id='line_1_39' title="bbox 310 2287 1760 2338; baseline -0.001 -14"><span class='ocrx_word' id='word_1_339' title='bbox 310 2289 522 2334; x_wconf 76' lang='lat' dir='ltr'>facinoris</span> <span class='ocrx_word' id='word_1_340' title='bbox 552 2289 712 2324; x_wconf 72' lang='lat' dir='ltr'>(cztclori</span> <span class='ocrx_word' id='word_1_341' title='bbox 744 2289 916 2323; x_wconf 73' lang='lat' dir='ltr'>vuissim</span> <span class='ocrx_word' id='word_1_342' title='bbox 947 2288 1143 2336; x_wconf 31' lang='lat' dir='ltr'>effoclmffe</span> <span class='ocrx_word' id='word_1_343' title='bbox 1173 2300 1345 2338; x_wconf 76' lang='lat' dir='ltr'>poenam</span> <span class='ocrx_word' id='word_1_344' title='bbox 1381 2288 1533 2323; x_wconf 77' lang='lat' dir='ltr'>censuit</span> <span class='ocrx_word' id='word_1_345' title='bbox 1558 2287 1686 2324; x_wconf 81' lang='lat' dir='ltr'>levior</span> <span class='ocrx_word' id='word_1_346' title='bbox 1690 2299 1760 2322; x_wconf 86' lang='lat' dir='ltr'>em.</span> 
     </span>
     <span class='ocr_line' id='line_1_40' title="bbox 321 2343 1761 2393; baseline -0.001 -13"><span class='ocrx_word' id='word_1_347' title='bbox 321 2345 365 2380; x_wconf 88' lang='lat' dir='ltr'>ln</span> <span class='ocrx_word' id='word_1_348' title='bbox 386 2357 458 2391; x_wconf 85' lang='lat' dir='ltr'>qua</span> <span class='ocrx_word' id='word_1_349' title='bbox 482 2346 662 2390; x_wconf 85' lang='lat' dir='ltr'>opinione</span> <span class='ocrx_word' id='word_1_350' title='bbox 687 2346 809 2393; x_wconf 79' lang='lat' dir='ltr'>magis</span> <span class='ocrx_word' id='word_1_351' title='bbox 831 2343 1034 2389; x_wconf 74' lang='lat' dir='ltr'>inhaereo,</span> <span class='ocrx_word' id='word_1_352' title='bbox 1061 2343 1160 2390; x_wconf 86' lang='lat' dir='ltr'>quod</span> <span class='ocrx_word' id='word_1_353' title='bbox 1182 2355 1229 2378; x_wconf 84' lang='lat' dir='ltr'>ex</span> <span class='ocrx_word' id='word_1_354' title='bbox 1251 2343 1322 2389; x_wconf 85' lang='lat' dir='ltr'>iis,</span> <span class='ocrx_word' id='word_1_355' title='bbox 1347 2354 1444 2390; x_wconf 83' lang='lat' dir='ltr'>quae</span> <span class='ocrx_word' id='word_1_356' title='bbox 1464 2349 1761 2391; x_wconf 85' lang='lat' dir='ltr'>consequuntur,</span> 
     </span>
     <span class='ocr_line' id='line_1_41' title="bbox 323 2394 1760 2450; baseline -0.001 -14"><span class='ocrx_word' id='word_1_357' title='bbox 323 2401 415 2436; x_wconf 85' lang='lat' dir='ltr'>satis</span> <span class='ocrx_word' id='word_1_358' title='bbox 436 2400 635 2447; x_wconf 83' lang='lat' dir='ltr'>adpareat,</span> <span class='ocrx_word' id='word_1_359' title='bbox 666 2412 746 2435; x_wconf 89' lang='lat' dir='ltr'>non</span> <span class='ocrx_word' id='word_1_360' title='bbox 766 2402 908 2435; x_wconf 85' lang='lat' dir='ltr'>eruisse</span> <span class='ocrx_word' id='word_1_361' title='bbox 925 2396 997 2437; x_wconf 78' lang='grc' dir='ltr'>τὸν</span> <span class='ocrx_word' id='word_1_362' title='bbox 1017 2394 1333 2450; x_wconf 69' lang='grc' dir='ltr'>ἑτερόφθαλμον</span> <span class='ocrx_word' id='word_1_363' title='bbox 1354 2401 1516 2435; x_wconf 88' lang='lat' dir='ltr'>iniuriae</span> <span class='ocrx_word' id='word_1_364' title='bbox 1537 2406 1574 2435; x_wconf 89' lang='lat' dir='ltr'>et</span> <span class='ocrx_word' id='word_1_365' title='bbox 1596 2400 1760 2435; x_wconf 85' lang='lat' dir='ltr'>eaecita-</span> 
     </span>
     <span class='ocr_line' id='line_1_42' title="bbox 320 2456 1760 2504; baseline -0.001 -11"><span class='ocrx_word' id='word_1_366' title='bbox 320 2459 371 2493; x_wconf 82' lang='lat' dir='ltr'>tis</span> <span class='ocrx_word' id='word_1_367' title='bbox 394 2458 542 2492; x_wconf 84' lang='lat' dir='ltr'>auctori</span> <span class='ocrx_word' id='word_1_368' title='bbox 561 2469 678 2491; x_wconf 87' lang='lat' dir='ltr'>unum</span> <span class='ocrx_word' id='word_1_369' title='bbox 703 2457 867 2501; x_wconf 85' lang='lat' dir='ltr'>oculum,</span> <span class='ocrx_word' id='word_1_370' title='bbox 894 2458 1032 2504; x_wconf 88' lang='lat' dir='ltr'>quippe</span> <span class='ocrx_word' id='word_1_371' title='bbox 1052 2456 1277 2491; x_wconf 81' lang='lat' dir='ltr'>arbitratum</span> <span class='ocrx_word' id='word_1_372' title='bbox 1295 2467 1455 2502; x_wconf 87' lang='lat' dir='ltr'>poenam</span> <span class='ocrx_word' id='word_1_373' title='bbox 1473 2456 1555 2491; x_wconf 87' lang='lat' dir='ltr'>fore</span> <span class='ocrx_word' id='word_1_374' title='bbox 1575 2457 1760 2493; x_wconf 84' lang='lat' dir='ltr'>minorem</span> 
     </span>
     <span class='ocr_line' id='line_1_43' title="bbox 322 2506 1759 2561; baseline -0.001 -12"><span class='ocrx_word' id='word_1_375' title='bbox 322 2513 482 2557; x_wconf 85' lang='lat' dir='ltr'>damno,</span> <span class='ocrx_word' id='word_1_376' title='bbox 514 2512 614 2560; x_wconf 89' lang='lat' dir='ltr'>quod</span> <span class='ocrx_word' id='word_1_377' title='bbox 634 2512 707 2547; x_wconf 87' lang='lat' dir='ltr'>sibi</span> <span class='ocrx_word' id='word_1_378' title='bbox 728 2511 894 2551; x_wconf 85' lang='lat' dir='ltr'>dederat</span> <span class='ocrx_word' id='word_1_379' title='bbox 929 2511 1031 2547; x_wconf 80' lang='lat' dir='ltr'>Hinc:</span> <span class='ocrx_word' id='word_1_380' title='bbox 1051 2513 1173 2561; x_wconf 83' lang='lat' dir='ltr'>legem</span> <span class='ocrx_word' id='word_1_381' title='bbox 1194 2513 1360 2561; x_wconf 82' lang='lat' dir='ltr'>rogavit,</span> <span class='ocrx_word' id='word_1_382' title='bbox 1387 2506 1456 2548; x_wconf 74' lang='grc' dir='ltr'>ἐάν</span> <span class='ocrx_word' id='word_1_383' title='bbox 1474 2525 1536 2556; x_wconf 82' lang='grc' dir='ltr'>τις</span> <span class='ocrx_word' id='word_1_384' title='bbox 1557 2510 1660 2550; x_wconf 67' lang='grc' dir='ltr'>ἵνα</span> <span class='ocrx_word' id='word_1_385' title='bbox 1648 2509 1759 2561; x_wconf 69' lang='grc' dir='ltr'><em>ἕχον·</em></span> 
     </span>
     <span class='ocr_line' id='line_1_44' title="bbox 319 2562 1756 2620; baseline -0.001 -14"><span class='ocrx_word' id='word_1_386' title='bbox 319 2581 391 2614; x_wconf 83' lang='grc' dir='ltr'>τος</span> <span class='ocrx_word' id='word_1_387' title='bbox 421 2566 475 2620; x_wconf 62' lang='lat' dir='ltr'>(lq</span> <span class='ocrx_word' id='word_1_388' title='bbox 482 2564 648 2616; x_wconf 66' lang='grc' dir='ltr'><em>θαλμὸν</em></span> <span class='ocrx_word' id='word_1_389' title='bbox 680 2562 859 2619; x_wconf 73' lang='grc' dir='ltr'>ἕκκοψη,</span> <span class='ocrx_word' id='word_1_390' title='bbox 899 2564 1025 2620; x_wconf 73' lang='grc' dir='ltr'>ἄμφω</span> <span class='ocrx_word' id='word_1_391' title='bbox 1060 2563 1310 2617; x_wconf 77' lang='grc' dir='ltr'><em>ἀντεκκόψαι</em></span> <span class='ocrx_word' id='word_1_392' title='bbox 1339 2571 1589 2618; x_wconf 68' lang='grc' dir='ltr'><em>παρασχεῖν,</em></span> <span class='ocrx_word' id='word_1_393' title='bbox 1611 2565 1682 2605; x_wconf 69' lang='grc' dir='ltr'>ἵνα</span> <span class='ocrx_word' id='word_1_394' title='bbox 1707 2582 1756 2619; x_wconf 74' lang='grc' dir='ltr'>τῃ</span> 
     </span>
     <span class='ocr_line' id='line_1_45' title="bbox 322 2619 1758 2678; baseline -0.001 -17"><span class='ocrx_word' id='word_1_395' title='bbox 322 2639 389 2677; x_wconf 76' lang='grc' dir='ltr'>Ιωῃ</span> <span class='ocrx_word' id='word_1_396' title='bbox 425 2625 623 2678; x_wconf 63' lang='grc' dir='ltr'><em>συμφορᾷ</em></span> <span class='ocrx_word' id='word_1_397' title='bbox 661 2619 888 2675; x_wconf 59' lang='grc' dir='ltr'><em>ἀμφότεροι</em></span> <span class='ocrx_word' id='word_1_398' title='bbox 916 2626 1121 2675; x_wconf 75' lang='grc' dir='ltr'>χοιῦνται,</span> <span class='ocrx_word' id='word_1_399' title='bbox 1164 2623 1263 2671; x_wconf 83' lang='lat' dir='ltr'>apud</span> <span class='ocrx_word' id='word_1_400' title='bbox 1300 2622 1544 2660; x_wconf 89' lang='lat' dir='ltr'>Demosthcn.</span> <span class='ocrx_word' id='word_1_401' title='bbox 1583 2622 1688 2659; x_wconf 88' lang='lat' dir='ltr'>Orat.</span> <span class='ocrx_word' id='word_1_402' title='bbox 1716 2625 1758 2659; x_wconf 87' lang='lat' dir='ltr'>in</span> 
     </span>
     <span class='ocr_line' id='line_1_46' title="bbox 323 2678 1756 2728; baseline -0.001 -10.99"><span class='ocrx_word' id='word_1_403' title='bbox 323 2680 397 2717; x_wconf 85' lang='lat'>111</span> <span class='ocrx_word' id='word_1_404' title='bbox 389 2687 529 2716; x_wconf 73' lang='lat' dir='ltr'>iocrat</span> <span class='ocrx_word' id='word_1_405' title='bbox 554 2691 590 2726; x_wconf 90' lang='lat' dir='ltr'>p.</span> <span class='ocrx_word' id='word_1_406' title='bbox 613 2679 747 2725; x_wconf 82' lang='lat'>468.,</span> <span class='ocrx_word' id='word_1_407' title='bbox 775 2681 841 2727; x_wconf 88' lang='lat' dir='ltr'>qui</span> <span class='ocrx_word' id='word_1_408' title='bbox 871 2692 1042 2727; x_wconf 88' lang='lat' dir='ltr'>quoque,</span> <span class='ocrx_word' id='word_1_409' title='bbox 1072 2681 1144 2715; x_wconf 84' lang='lat' dir='ltr'>etsi</span> <span class='ocrx_word' id='word_1_410' title='bbox 1170 2682 1211 2715; x_wconf 87' lang='lat' dir='ltr'>in</span> <span class='ocrx_word' id='word_1_411' title='bbox 1240 2682 1369 2728; x_wconf 85' lang='lat' dir='ltr'>paucis</span> <span class='ocrx_word' id='word_1_412' title='bbox 1392 2691 1415 2715; x_wconf 87' lang='lat' dir='ltr'>a</span> <span class='ocrx_word' id='word_1_413' title='bbox 1435 2678 1576 2716; x_wconf 86' lang='lat' dir='ltr'>Nostro</span> <span class='ocrx_word' id='word_1_414' title='bbox 1607 2679 1756 2716; x_wconf 78' lang='lat' dir='ltr'>dissen-</span> 
     </span>
     <span class='ocr_line' id='line_1_47' title="bbox 318 2735 1533 2784; baseline -0.002 -10"><span class='ocrx_word' id='word_1_415' title='bbox 318 2739 444 2784; x_wconf 80' lang='lat' dir='ltr'>tiens,</span> <span class='ocrx_word' id='word_1_416' title='bbox 469 2735 691 2782; x_wconf 84' lang='lat' dir='ltr'>confirmat,</span> <span class='ocrx_word' id='word_1_417' title='bbox 717 2736 817 2783; x_wconf 87' lang='lat' dir='ltr'>quod</span> <span class='ocrx_word' id='word_1_418' title='bbox 846 2736 891 2772; x_wconf 90' lang='lat' dir='ltr'>de</span> <span class='ocrx_word' id='word_1_419' title='bbox 913 2738 1022 2772; x_wconf 90' lang='lat' dir='ltr'>oculo</span> <span class='ocrx_word' id='word_1_420' title='bbox 1044 2748 1120 2772; x_wconf 92' lang='lat' dir='ltr'>non</span> <span class='ocrx_word' id='word_1_421' title='bbox 1149 2742 1256 2771; x_wconf 90' lang='lat' dir='ltr'>eruto</span> <span class='ocrx_word' id='word_1_422' title='bbox 1276 2736 1369 2773; x_wconf 76' lang='lat' dir='ltr'>dixi.</span> <span class='ocrx_word' id='word_1_423' title='bbox 1398 2735 1533 2775; x_wconf 71' lang='lat' dir='ltr'>Wnss.</span> 
     </span>
    </p>
   </div>
  </div>
 </body>
</html>
