1828 3253
307 117 398 159 556
765 110 1287 152 ANNOTATIONES

299 243 373 280 que
393 241 554 280 pravum
572 233 653 276 est,
685 234 723 266 et
750 227 849 266 nihil
880 229 997 266 iuvat.
1041 225 1221 264 Viderint
1252 238 1343 278 ergo
1366 226 1577 275 peritiores.
1605 225 1743 298 Wnss.

298 288 466 325 Ursinus
487 281 774 336 Ιίαοουτιαιόν
798 297 891 349 essec
907 280 1004 335 Az'17
1006 286 1144 335 υρῖνον
1173 283 1290 320 iubet.
1295 257 1456 319 011)1·:M'
1446 296 1487 319 in
1509 283 1607 320 Add.

413 343 521 382 470
548 342 623 381 44.
650 334 891 392 Περικλῆς
875 355 894 378 ο
918 341 1001 378 τῶν
1016 336 1267 390 Αθηναίων
1288 336 1543 391 στρατηγὸς]
1572 339 1744 378 Accura-

301 401 378 437 tius
397 399 578 444 adverte,
604 399 748 444 lector,
779 403 817 433 et
846 395 995 433 videbis
1026 394 1124 431 hanc
1154 394 1355 431 historiam
1377 395 1435 431 bis
1465 403 1680 444 narratam,
1704 402 1743 432 et

301 469 385 493 esse
417 455 685 503 repetitionem
715 466 867 499 eorum,
904 465 998 501 quae
1030 464 1143 501 supra
1171 450 1382 488 Sosistrato
1414 450 1607 488 Archonte
1637 460 1746 504 gesta

297 514 420 550 fuisse
445 512 565 557 dixit,
591 517 629 547 et
659 516 804 560 pugnat
824 511 936 545 etiam
959 508 1050 545 haec
1075 510 1244 544 narratio
1267 521 1350 544 cum
1378 508 1619 554 foederibus,
1649 522 1744 559 quae

296 582 404 606 -anno
427 569 620 615 superiore
649 567 752 603 facta
780 565 901 602 fuisse
920 566 1103 602 narravit.
1145 563 1234 601 Non
1255 577 1313 600 me
1337 564 1496 613 expedio
1529 577 1578 601 ex
1600 565 1659 602 his
1676 579 1746 603 ve-

301 624 586 675 pretis.PA1M.
630 621 736 659 Iusta
757 628 816 658 est
845 620 1024 657 Palmerii
1046 620 1339 657 animadversio.
1377 620 1653 671 Sicyoniorum
1678 634 1746 669 op-

300 682 577 732 pwmationem
595 682 747 727 excepit
766 677 958 727 expeditio
980 677 1170 714 Periclis
1158 689 1199 713 m
1220 676 1497 723 Acarnaniam,
1526 689 1639 726 quam
1659 691 1746 715 cum

299 751 417 787 supra
437 733 703 784 descripserit,
729 736 996 784 intempestive
1014 735 1209 781 repetitur.
1248 730 1415 770 Coloni*
1405 747 1446 770 m
1466 732 1746 785 Chersonesum

297 792 492 831 ssThiaciae
513 792 688 840 deducti,
719 797 757 828 et
779 804 894 841 opera
916 791 996 827 illic
1021 789 1173 826 fortiter
1192 795 1367 838 suscepta
1397 796 1435 826 et
1453 791 1623 840 perfecta
1645 780 1746 840 apud

301 849 405 888 Plut.
427 849 565 885 Periel.
586 860 621 896 p.
647 848 749 889 163.
773 845 837 894 C.,
877 845 951 883 huc
970 847 1173 895 pertinent.
1203 844 1344 882 Wnss.

413 907 527 946 471.·
555 906 628 944 59.
672 901 762 956 Τὴν
780 905 864 943 τῶν
886 901 1054 949 Ναξίων
1073 902 1148 953 γῆν
1169 897 1363 952 διένειμε]
1409 899 1604 950 Scriptum
1627 902 1748 940 fuisse

300 969 479 1008 autumo,
509 957 667 1011 ταύτην
689 959 756 999 καὶ
776 957 852 1012 τὴν
881 961 965 998 τῶν
986 956 1154 1004 Ναξίων
1173 959 1271 1010 γῆν,
1299 956 1499 995 Euboeam
1530 965 1573 996 et
1593 958 1748 997 Naxio-

300 1033 389 1058 rum
416 1027 579 1056 terram.
608 1017 650 1053 ld
672 1030 768 1067 quae
791 1015 1036 1066 praecedunt,
1064 1016 1277 1062 postulant:
1304 1014 1394 1063 quid
1414 1017 1515 1052 enim
1535 1027 1629 1063 opus
1653 1023 1747 1064 erat,

299 1083 345 1113 ut
366 1078 405 1113 in
431 1075 624 1111 Euboeam
648 1075 852 1119 transiret,
879 1084 952 1121 quo
973 1073 1129 1109 colonos
1162 1072 1202 1108 in
1224 1070 1378 1108 Naxum
1398 1070 1627 1110 deduceret?
1671 1070 1749 1109 Re-

300 1134 460 1182 quirunt
489 1138 526 1167 et
552 1130 645 1166 haec
674 1129 888 1166 Pausaniae
908 1129 954 1164 (le
985 1127 1161 1165 Tolmide
1192 1126 1234 1164 L.
1257 1127 1285 1164 Ι.
1307 1129 1382 1167 27.
1413 1139 1449 1175 p.
1473 1128 1545 1168 65.
1577 1124 1748 1181 ἐσήγαγε

301 1188 342 1235 ἐς
361 1185 420 1227 Ei?
415 1190 544 1238 ροιαν
573 1185 642 1225 καὶ
662 1181 739 1225 No'
735 1191 802 1233 §ov
832 1182 1082 1237 Ἀθηιαίων
1102 1184 1149 1222 77.
1141 1179 1332 1237 ,ηροίχοι
1337 1198 1368 1229 ς.
1411 1184 1523 1221 Iuvat
1552 1192 1749 1234 praeterea

298 1243 530 1282 rPlutarchus
550 1242 687 1280 Pericl.
707 1255 741 1292 p.
759 1243 863 1283 158.
877 1240 925 1278 D.
917 1267 940 1290 .,
968 1243 1198 1292 quingentos
1212 1240 1410 1278 dumtaxat
1428 1242 1585 1278 colonos
1594 1240 1748 1280 Naxum

299 1304 440 1341 missos
459 1301 643 1338 referens.
673 1299 810 1336 Wssss.

414 1358 522 1397 471.
556 1358 629 1396 62.
664 1350 890 1407 OEdfflkov]
938 1352 1024 1391 Hoc
1052 1354 1164 1391 malo.
1203 1353 1412 1404 Vulgatum
1437 1353 1515 1390 viri
1544 1365 1686 1390 nomen
1714 1355 1750 1392 si

299 1415 516 1464 praeferas,
546 1419 652 1449 utere
675 1410 933 1448 Demosthene
955 1417 1129 1459 patrono,
1155 1412 1195 1447 in
1215 1412 1323 1446 cuius
1343 1410 1451 1448 Orat.
1474 1411 1514 1446 in
1534 1409 1750 1448 Aristocra-

300 1479 376 1508 tem
403 1466 570 1515 Φάϋλος
590 1470 802 1517 reperitur,
832 1474 869 1503 et
893 1466 1033 1504 Suida:
1064 1477 1290 1515 quamquam
1315 1465 1621 1516 Harpocration,
1649 1466 1751 1504 uude

301 1528 444 1566 Suidas
464 1539 531 1563 sua
551 1526 779 1574 exscripsit,
799 1519 1006 1569 ’Φάϋλλος
1035 1536 1079 1559 ea
1098 1525 1140 1560 in
1162 1524 1335 1560 oratione
1356 1525 1524 1563 invenit.
1559 1522 1692 1561 wass.

413 1584 522 1623 471.
544 1584 617 1623 71.
656 1577 949 1633 Κατεχομένην
981 1574 1063 1619 ino
1088 1576 1345 1634 Τυρῥηνῶν]
1384 1578 1481 1617 Vide
1509 1592 1624 1631 supra
1642 1579 1684 1618 L.
1703 1579 1751 1618 V.

303 1642 377 1682 13.
405 1640 541 1675 WEss.

413 1697 521 1737 471.
549 1695 622 1735 76.
659 1688 709 1734 ‘O
728 1695 811 1733 τῶν
833 1691 1114 1742 Σικελιωτῶν]
1158 1690 1308 1742 opinor
1326 1693 1410 1732 τῶν
1432 1691 1637 1740 Σικελῶν,
1665 1694 1751 1742 qui-

300 1754 371 1791 bus
392 1754 617 1817 imperavit,
647 1763 728 1788 non
751 1746 1024 1797 Σικελιώταις.
1052 1748 1158 1786 Hinc
1183 1762 1330 1799 semper
1350 1751 1445 1787 alias
1466 1751 1550 1789 τῶν
1572 1749 1750 1789 Σικελῶν

300 1807 405 1861 ἔχων
426 1824 501 1860 την
524 1803 757 1860 ηγεμοιιάν.
804 1807 902 1844 Vide
924 1820 1003 1855 cap.
1027 1808 1098 1847 76.
1121 1807 1194 1846 90.
1225 1805 1324 1842 etL.
1345 1806 1435 1843 XII.
1459 1808 1500 1847 8.
1529 1806 1666 1843 VVESS.

415 1867 521 1906 471.
557 1867 629 1905 80
683 1862 773 1910 Τὰς
791 1861 867 1915 μὲν
897 1862 1030 1911 Νέας,
1059 1859 1150 1914 ἣτις
1179 1877 1230 1914 ην
1254 1859 1382 1901 αὐτοῦ
1407 1861 1583 1914 πατρις]
1616 1861 1751 1899 Corri-

300 1929 399 1975 gunt
426 1923 504 1960 viri
533 1921 636 1958 docti
664 1917 739 1967 τὰς
759 1918 908 1965 ,ΠἸένας
938 1933 985 1956 ex
1008 1919 1227 1956 Ptolemaeo
1258 1918 1300 1956 L.
1321 1918 1389 1955 111.
1409 1919 1451 1958 4.
1484 1925 1521 1956 et
1540 1918 1750 1968 Stephano,

296 1982 368 2029 qui
388 1980 458 2019 M
454 1978 576 2025 Ιψόαι,
607 1981 712 2024 sive,
739 1983 783 2014 ut
804 1976 1070 2027 retingendum
1098 1981 1277 2022 monent,
1316 1972 1480 2022 Ille'vat,
1500 1971 1677 2020 710'7ffl·
1637 1989 1751 2013 «ικε-

300 2035 456 2083 7..ιάς.,
444 2032 558 2087 ἕν’)γυς
586 2033 809 2080 Παλίκων,
832 2034 969 2082 quibus
990 2045 1068 2069 non
1084 2032 1273 2082 refragor.
1309 2030 1447 2068 Nullae
1467 2034 1568 2069 enim
1596 2043 1663 2079 per
1684 2030 1751 2067 Si-

300 2094 432 2130 ciliam
465 2091 599 2137 Neue,
629 2097 668 2127 et
694 2088 790 2141 μὲν,
817 2091 894 2125 nisi
916 2103 1001 2125 cum
1029 2088 1205 2136 sequenti
1225 2088 1413 2125 vocabulo
1444 2089 1653 2135 coalescat,
1683 2090 1749 2125 in-

301 2157 508 2200 portunum
529 2153 598 2184 est.
637 2145 707 2183 Ph.
732 2145 954 2183 Cluverium
972 2145 1063 2183 vide
1083 2144 1125 2182 L.
1149 2143 1198 2181 ΙΙ.
1220 2143 1329 2181 Sicil.
1358 2143 1490 2195 Antiq.
1513 2157 1547 2184 c.
1570 2145 1634 2193 9.,
1663 2146 1750 2195 plu-

299 2206 409 2244 ribus
432 2203 736 2240 emendationem
765 2202 863 2239 hanc
889 2203 1157 2239 stabilientem.
1187 2200 1325 2237 XVI-:Ss-

415 2262 521 2300 471.
541 2261 613 2299 90.
647 2259 825 2298 Πολλῶν
853 2256 895 2297 ἐν
917 2256 1029 2297 αὐτῶ
1054 2250 1300 2311 παραδόξων
1324 2270 1434 2309 γεγει
1437 2255 1622 2309 ημένων]
1651 2255 1753 2295 Con-

301 2318 452 2356 modius
474 2316 546 2353 hoc
575 2317 749 2366 vulgato.
798 2314 857 2352 De
888 2315 1101 2352 crateribus
1132 2312 1190 2350 his
1214 2312 1355 2351 Callias
1386 2314 1486 2362 apud
1515 2314 1753 2352 Macrobium

303 2374 348 2412 L.
368 2374 412 2410 V.
445 2372 600 2410 Saturn.
635 2386 667 2408 c.
691 2372 761 2412 19.
790 2386 849 2424 υφ
884 2367 1114 2425 ᾑκαὶτοὺς
1133 2368 1333 2416 Δειᾝλ7ους
1353 2369 1630 2421 καλοιμὲιους
1650 2373 1753 2409 εἶναι

303 2427 551 2482 σιμβέβηκε.
583 2427 694 2467 οὗτοι
716 2426 760 2466 δὲ
781 2442 982 2479 κρατηρες
1002 2423 1076 2466 δύο
1099 2425 1213 2473 εἴση,
1239 2441 1311 2472 ους
1330 2423 1424 2465 aar).
1416 2424 1536 2480 ,φοὺς
1555 2429 1638 2466 τῶι
1658 2427 1753 2466 Πα-

301 2487 427 2527 λίκων
450 2502 487 2526 οι
510 2486 749 2524 Σικε7ιῶται
771 2483 1017 2535 νομίζουσι).
1068 2483 1188 2534 Iunge
1209 2482 1248 2520 S.
1277 2482 1532 2531 Bochartum,
1560 2496 1608 2520 ex
1627 2483 1753 2519 Phoe-

301 2545 433 2582 nicum
450 2554 623 2579 sermone
646 2540 779 2577 harum
798 2554 937 2578 vocum
959 2542 1147 2591 originem
1141 2514 1399 2578 Ddexterrime
1417 2546 1638 2588 scrutatum,
1656 2538 1698 2576 L.
1722 2538 1752 2576 Ι.

305 2600 472 2638 canaan.
501 2612 532 2636 c.
556 2600 630 2638 28
662 2597 796 2634 WVEss.

418 2656 594 2695 472.1
628 2651 687 2692 Τὸ
709 2651 784 2703 μὲν
805 2648 917 2706 ὕδωρ
939 2650 1057 2692 θείου
1077 2647 1314 2720 κατακόρου
1331 2667 1407 2704 την
1424 2648 1648 2720 όσφριὲσιν
1653 2647 1751 2702 ἔχει]

301 2714 486 2752 Polemon
510 2710 611 2761 apud
636 2709 797 2747 eundem
818 2707 1076 2746 Macrobium:
1105 2707 1271 2762 φέρεται
1293 2705 1359 2748 (ιη’
1385 2705 1522 2748 αὐτῶν
1543 2704 1651 2759 ὂσμη
1674 2709 1752 2757 βα-

303 2774 392 2823 ρεῖα
414 2766 533 2808 θείου
554 2765 623 2806 καὶ
651 2769 737 2812 τοῖς
755 2764 929 2818 πλησιον
958 2762 1192 2818 ισταμένοις
1217 2760 1503 2819 καρηβάρησιν
1523 2761 1752 2817 ἐμποιοῖσα
