1828 3253
448 87 511 127 IN
543 86 656 126 LlB.
692 87 749 127 Π.
786 85 913 126 CAP.
949 89 1024 129 28.
1054 90 1130 129 29.
1425 92 1513 133 193

69 212 227 294 prox-Isus
246 207 289 239 ut
311 203 391 248 illi,
414 201 526 239 unice
554 202 780 250 mancipati3
821 198 923 248 quod
940 201 1066 247 ipsum
1095 199 1142 238 de
1163 202 1242 240 illis
1264 201 1510 252 praedicave-

68 263 129 294 rat
171 283 179 293 .
203 258 277 298 28.
313 257 448 295 Wssss.

184 324 287 364 142.
317 325 390 364 37.
432 325 529 364 Τῶν
551 321 627 375 μὲν
656 325 916 375 καθαρμοῖς,
943 325 1027 363 τῶν
1057 321 1102 363 δὲ
1131 322 1301 371 θυσίαις
1321 325 1421 376 ete.]
1462 325 1508 364 In

68 379 173 417 m‘ore
193 381 368 418 omnibus
389 386 472 418 erat
498 381 852 431 praestigiatoribus
871 380 1067 418 indoctam
1092 381 1378 419 multitudinem
1406 384 1509 419 eius-

68 436 172 473 modi
193 436 343 474 0ffuciis
363 437 695 474 circumscribere:
724 449 840 486 quare
868 434 1056 488 γοητείας
1083 431 1172 485 ἅμα
1201 436 1307 475 τισὶν
1329 436 1508 491 ἐπῳδαῖς

69 498 108 528 et
127 491 330 544 περίαπτα
350 491 417 530 καὶ
433 492 683 544 μαγγανείας
702 493 780 529 illis
802 491 937 529 Galen.
959 491 1094 540 Simpl.
1117 490 1253 529 Medic.
1273 491 1304 528 F
1307 495 1420 530 acult.
1440 493 1506 531 Vl.

67 561 103 597 p.
127 550 199 589 68.
232 554 270 584 et
295 547 567 599 μαγγανείας,
594 545 669 594 τὰς
694 545 877 601 ἐπῳδὰς,
904 545 957 586 τι).
985 542 1273 600 περιάμματα,
1303 545 1378 594 τὰς
1400 563 1509 603 φαρ-

65 603 238 653 μακείας
271 602 323 640 Io.
352 603 550 654 Chrysost.
586 604 693 642 Orat.
714 603 816 640 VIII.
848 606 889 640 in
916 603 998 641 Iud.
1022 603 1068 641 T.
1087 603 1135 640 11.
1155 617 1193 652 p.
1217 606 1322 644 681.
1352 602 1393 641 C.
1414 618 1507 642 con-

65 659 268 697 tribuunt:
300 667 451 709 praeter
471 667 618 697 ceteros
638 674 730 698 vero
754 658 955 697 Chaldaeis
977 662 1059 697 sive
1082 658 1368 707 Genethliacis,
1395 663 1510 698 iacti-

64 715 258 762 tantibus,
297 727 407 763 posse
443 716 516 753 fati
545 717 719 754 ordinem
748 722 786 752 et
814 717 1000 753 malorum
1029 716 1312 753 imminentium
1338 718 1509 765 pericula

65 771 264 808 sacrificiis
284 778 398 820 atque
416 773 742 810 incantationibus
761 785 844 808 sese
862 779 1009 808 mutare
1029 779 1066 808 et
1084 778 1280 818 avertere3
1305 772 1407 820 quod
1429 772 1508 811 Ne-

65 829 184 864 mesio
213 826 302 864 Nat.
338 827 492 865 Homin.
522 842 557 878 p.
588 830 695 869 262.
724 826 949 880 τρέπεσθαι
979 825 1053 878 τὴν
1092 824 1341 880 εξιιαριιιένην
1371 825 1509 879 εὐχαῖς

65 882 132 921 καὶ
153 882 344 930 θυσίαις,
375 883 548 921 Hierocli
568 883 725 922 Provid.
747 891 786 921 et
802 883 897 921 Fato
930 895 964 931 p.
983 884 1091 924 240.
1124 882 1305 936 ἐπῳδαῖς
1333 883 1402 922 καὶ
1422 886 1508 923 θυ-

65 938 172 984 σίαις
189 936 264 990 τὴν
294 937 446 991 γένεσιν
477 939 829 993 παρατρέπεσθαι.
866 940 946 977 lam
975 951 1070 988 quae
1097 937 1300 977 Chaldaeis
1320 938 1392 976 hoc
1421 941 1506 978 loco

63 993 335 1032 adscribuntur
373 997 680 1043 incantationes,
719 998 902 1047 auguria,
942 998 1176 1032 somniorum
1217 997 1507 1044 explicationes,

66 1052 292 1099 extispicia,
316 1064 361 1089 ea
390 1051 614 1101 disciplinae
642 1065 773 1089 eorum
801 1059 949 1100 partem
975 1050 1075 1089 haud
1106 1058 1335 1100 postremam
1369 1052 1507 1090 fecisse

63 1104 105 1142 S.
126 1104 269 1143 Daniel
298 1121 331 1144 c.
366 1109 403 1147 ].
424 1115 464 1144 et
481 1110 523 1148 2.
551 1108 766 1158 significat,
799 1109 1027 1155 uberiusque
1050 1109 1273 1156 exsequitur
1295 1106 1369 1146 Th.
1388 1106 1506 1145 Stan-

59 1161 157 1200 leius
177 1161 281 1199 Part.
299 1162 391 1200 XII.
410 1162 513 1204 Hist.
531 1163 751 1212 Philosoph.
776 1162 877 1201 Sect.
897 1163 926 1200 Ι.
956 1165 1025 1203 12.
1046 1169 1085 1199 et
1106 1162 1154 1200 ΙΙ.
1171 1164 1246 1202 23.
1274 1162 1408 1200 wass.

175 1229 279 1268 142.
321 1230 399 1269 42.
451 1228 517 1269 Τὰ
548 1230 637 1285 περὶ
666 1229 742 1283 τὴν
771 1228 1057 1283 ἱεροσκοπίαν]
1106 1228 1270 1267 Hiulcus
1297 1230 1504 1268 verborum

63 1282 128 1320 hic
149 1291 208 1321 est
227 1297 458 1334 concursus3
489 1290 596 1336 sequi
617 1287 821 1333 debuerat,
849 1286 916 1325 καὶ
936 1284 1129 1338 ἀκριβῶς.
1158 1285 1314 1335 Alioqui
1335 1293 1504 1334 praesta-

56 1346 117 1377 ret
137 1337 212 1379 οὖκ
233 1337 404 1395 ἀσόφως
422 1341 467 1382 δὲ
485 1339 732 1393 ποιούμενοι.
767 1342 877 1380 Vidit
897 1349 936 1379 et
957 1342 1028 1380 hoc
1047 1340 1235 1379 Rhodom.
1263 1344 1304 1379 in
1327 1349 1504 1380 notarum

61 1408 215 1434 suarum
244 1400 556 1436 correctionibus.
595 1399 731 1438 WVESS.

175 1464 278 1504 142.
309 1465 382 1505 47.
425 1466 511 1505 Καὶ
530 1471 627 1512 παῖς
646 1463 758 1517 παρὰ
781 1462 939 1516 πατρὸς
963 1462 1216 1516 διαδέχεται]
1253 1465 1371 1502 Pares
1392 1473 1503 1504 erant

58 1517 129 1556 hac
168 1526 274 1568 parte
305 1520 530 1572 Aegyptiis,
577 1523 832 1573 gloriantibus
873 1521 1084 1558 Chaldaeos
1117 1534 1205 1558 suae
1249 1523 1376 1572 gentis
1418 1535 1501 1559 esse

58 1576 216 1612 colonos
245 1582 357 1625 atque
392 1590 440 1614 ex
471 1579 648 1630 Aegypto
685 1579 866 1615 scientiae
896 1579 1084 1627 principia
1119 1583 1358 1627 asportasse,
1386 1591 1501 1627 supra

58 1629 88 1668 Ι.
109 1633 180 1671 81.
221 1631 357 1671 wass.

174 1688 279 1727 142.
313 1690 383 1728 51.
424 1685 754 1743 Συντρεφόμενοι
782 1694 867 1735 τοῖς
896 1684 1148 1740 μαθήμασι]
1190 1687 1287 1725 Dixi
1319 1689 1366 1726 ad
1396 1689 1438 1726 L.
1469 1689 1499 1726 I.

60 1741 132 1781 74.
181 1743 307 1780 Paene
337 1751 465 1781 autem
499 1747 694 1794 suspicor,
737 1752 840 1781 reete
881 1759 900 1781 e
930 1744 1047 1781 Codd.
1085 1744 1311 1794 quibusdan}
1343 1747 1498 1783 exulare

56 1810 171 1835 voces
203 1799 258 1845 εἷς
282 1798 357 1851 τὴν
379 1798 676 1853 ἀστρολογίαν,
706 1809 817 1849 atque
839 1801 911 1837 huc
940 1802 1124 1837 translata
1153 1813 1235 1836 csse
1260 1812 1306 1836 ex
1338 1815 1369 1837 c.
1401 1802 1497 1848 32.;

55 1857 208 1892 tametsi
240 1859 340 1893 enim
363 1855 639 1894 Chaldaeorum
661 1858 857 1894 doctrinae
884 1859 915 1893 is
937 1857 1078 1892 fundus
1101 1862 1222 1902 esset,
1254 1869 1332 1892 non
1365 1869 1496 1893 omues

54 1916 181 1947 tamen
200 1913 241 1948 in
261 1925 344 1949 eam
364 1914 655 1959 incumbebant,
687 1915 761 1950 alia
781 1921 893 1961 atque
922 1914 999 1949 alia
1018 1914 1250 1949 vanissimae
1270 1914 1363 1948 artis
1384 1925 1493 1961 prae-

55 1972 162 2016 cepta
189 1970 349 2015 sectati,
381 1971 494 2006 sicuti
523 1976 611 2006 ante
640 1969 820 2006 ostendit.
870 1968 1004 2005 ‘less

520 2033 530 2047 ἱ
607 2042 623 2049 ,ῃ
650 2033 667 2048 (l
873 2031 883 2045 (
1000 2033 1009 2046 Χ
1218 2038 1225 2045 ο

169 2035 272 2074 143.
306 2036 376 2075 54.
405 2037 536 2086 Παρα
556 2047 641 2082 τοις
668 2037 842 2088 Emmaus
867 2053 886 2075 ο
911 2036 1064 2084 noles]
1109 2035 1228 2072 Nolui
1248 2042 1381 2072 contra
1403 2049 1494 2072 con-

55 2091 207 2128 cordem
238 2094 467 2140 scriptorum
488 2093 672 2129 librorum
701 2106 929 2129 consensum
951 2094 1047 2137 niti,
1075 2098 1140 2127 aut
1158 2090 1353 2136 Diodoro,
1386 2106 1495 2128 suum

54 2147 154 2196 quod
174 2154 294 2195 esset,
326 2161 478 2199 negare.
521 2144 568 2188 ‘O
589 2146 730 2195 πολὺς,
764 2146 801 2187 οἱ
826 2148 992 2194 πολλοὶ,
1023 2160 1134 2195 saepe
1157 2147 1202 2182 de
1234 2150 1373 2197 vulgo,
1400 2156 1443 2184 ut
1464 2148 1492 2184 1.

55 2203 131 2243 21.
173 2202 308 2240 WEss.

172 2259 273 2299 143·
306 2259 376 2299 58.
410 2256 507 2298 Ἐπὶ
526 2258 778 2313 φιλοσοφίαν
799 2254 1050 2307 ἀποδύντες]
1090 2257 1147 2295 De
1165 2257 1326 2295 Platone
1347 2258 1494 2297 Aeliau.

55 2311 106 2352 H.
133 2313 222 2352 Var.
248 2314 298 2352 H.
334 2317 407 2355 30.
441 2315 510 2354 καὶ
538 2312 772 2354 ἀπεδύσατο
807 2314 869 2353 ἐπὶ
901 2313 976 2365 τὴν
1005 2314 1269 2366 ᾳιλοσοιμίιν,
1306 2317 1361 2350 sic
1392 2319 1494 2352 enim

55 2367 172 2406 Codd.
201 2373 345 2408 vetusti
365 2370 510 2408 Sluisk.
531 2379 569 2408 et
591 2371 742 2418 Medic.,
772 2373 834 2407 ubi
861 2373 1013 2421 elegans
1036 2370 1188 2407 <licendi
1209 2385 1353 2420 genus„
1386 2386 1408 2408 a
1429 2385 1493 2419 pa-

55 2425 195 2462 laestra
214 2428 458 2474 translatum,
487 2428 716 2478 diligenter,
744 2440 814 2463 nec
835 2426 995 2463 Diodori
1018 2427 1181 2472 oblitus,
1213 2429 1396 2475 explicuit
1420 2427 1492 2463 lac.

55 2479 294 2519 Perizonius.
328 2482 462 2520 WVESS.

170 2548 274 2587 143.
318 2551 391 2590 61.
436 2552 665 2605 Τοιγαροῦν
695 2547 733 2589 οἳ
767 2548 842 2601 μὲν
870 2545 1077 2602 βάρβαροι
1111 2545 1490 2597 ‹51(1.,11÷'21mr÷;ctc.]

53 2601 140 2640 Nisi
161 2603 199 2640 id
223 2605 340 2651 velit,
371 2604 579 2644 Chaldaeos
613 2620 701 2644 suae
725 2618 907 2654 quemque
938 2614 1060 2642 sectae
1086 2603 1290 2654 principiis
1312 2611 1493 2638 veneran-

53 2660 199 2696 tissime
219 2658 429 2698 inhaesisse
462 2675 582 2711 neque
609 2663 815 2712 quidquam
845 2663 1072 2707 innovasse,
1105 2660 1329 2697 Strabonem
1356 2660 1493 2694 :viver—

53 2716 196 2753 sarium
224 2714 400 2768 habebit,
427 2718 682 2769 liquidissime
714 2719 979 2758 adfirmantem
1007 2716 1050 2754 L.
1080 2715 1186 2755 XVI.
1217 2727 1253 2764 p.
1283 2715 1416 2754 1074.
1450 2713 1493 2759 B·

108 2770 207 2810 vm..
233 2771 263 2809 Ι.
1212 2770 1268 2811 13
