<?xml version="1.0" encoding="UTF-8"?>
<!DOCTYPE html PUBLIC "-//W3C//DTD XHTML 1.0 Transitional//EN"
    "http://www.w3.org/TR/xhtml1/DTD/xhtml1-transitional.dtd">
<html xmlns="http://www.w3.org/1999/xhtml" xml:lang="en" lang="en">
 <head>
  <title>
</title>
<meta http-equiv="Content-Type" content="text/html;charset=utf-8" />
  <meta name='ocr-system' content='tesseract 3.04.00' />
  <meta name='ocr-capabilities' content='ocr_page ocr_carea ocr_par ocr_line ocrx_word'/>
</head>
<body>
  <div class='ocr_page' id='page_1' title='image "./bibliothecahisto04dioduoft_0415.png"; bbox 0 0 1828 3253; ppageno 0'>
   <div class='ocr_carea' id='block_1_1' title="bbox 461 206 1575 251">
    <p class='ocr_par' dir='ltr' id='par_1_1' title="bbox 461 206 1575 251">
     <span class='ocr_line' id='line_1_1' title="bbox 461 206 1575 251; baseline 0.001 -4"><span class='ocrx_word' id='word_1_1' title='bbox 461 207 524 248; x_wconf 85' lang='lat' dir='ltr'><strong>IN</strong></span> <span class='ocrx_word' id='word_1_2' title='bbox 555 207 669 247; x_wconf 84' lang='lat' dir='ltr'><strong>L1B.</strong></span> <span class='ocrx_word' id='word_1_3' title='bbox 694 208 768 249; x_wconf 78' lang='lat' dir='ltr'><strong>IV.</strong></span> <span class='ocrx_word' id='word_1_4' title='bbox 812 206 937 247; x_wconf 84' lang='lat' dir='ltr'><strong>CAP.</strong></span> <span class='ocrx_word' id='word_1_5' title='bbox 971 209 1198 250; x_wconf 84' lang='lat'><strong>72.—74.</strong></span> <span class='ocrx_word' id='word_1_6' title='bbox 1482 210 1575 251; x_wconf 80' lang='lat'><strong>389</strong></span> 
     </span>
    </p>
   </div>
   <div class='ocr_carea' id='block_1_2' title="bbox 109 320 1566 2898">
    <p class='ocr_par' dir='ltr' id='par_1_2' title="bbox 121 320 1566 482">
     <span class='ocr_line' id='line_1_2' title="bbox 125 320 1566 372; baseline -0.001 -12"><span class='ocrx_word' id='word_1_7' title='bbox 125 323 226 372; x_wconf 86' lang='lat' dir='ltr'><strong>apud</strong></span> <span class='ocrx_word' id='word_1_8' title='bbox 245 321 469 370; x_wconf 82' lang='lat' dir='ltr'><strong>Apollodor.</strong></span> <span class='ocrx_word' id='word_1_9' title='bbox 487 320 551 358; x_wconf 79' lang='lat'><strong>111.</strong></span> <span class='ocrx_word' id='word_1_10' title='bbox 584 323 653 361; x_wconf 84' lang='lat'><strong>12.</strong></span> <span class='ocrx_word' id='word_1_11' title='bbox 681 323 720 362; x_wconf 96' lang='grc'><strong>1.</strong></span> <span class='ocrx_word' id='word_1_12' title='bbox 765 321 904 366; x_wconf 77' lang='lat' dir='ltr'><strong>Quare,</strong></span> <span class='ocrx_word' id='word_1_13' title='bbox 937 333 1023 357; x_wconf 82' lang='lat' dir='ltr'><strong>cum</strong></span> <span class='ocrx_word' id='word_1_14' title='bbox 1041 323 1082 358; x_wconf 90' lang='lat' dir='ltr'><strong>in</strong></span> <span class='ocrx_word' id='word_1_15' title='bbox 1100 322 1177 358; x_wconf 81' lang='lat' dir='ltr'><strong>alia</strong></span> <span class='ocrx_word' id='word_1_16' title='bbox 1200 323 1327 359; x_wconf 88' lang='lat' dir='ltr'><strong>omnia</strong></span> <span class='ocrx_word' id='word_1_17' title='bbox 1347 323 1486 359; x_wconf 85' lang='lat' dir='ltr'><strong>abeant</strong></span> <span class='ocrx_word' id='word_1_18' title='bbox 1504 335 1566 358; x_wconf 86' lang='lat' dir='ltr'><strong>oe-</strong></span> 
     </span>
     <span class='ocr_line' id='line_1_3' title="bbox 122 376 1563 428; baseline 0 -12"><span class='ocrx_word' id='word_1_19' title='bbox 122 382 194 417; x_wconf 79' lang='lat' dir='ltr'><strong>teri</strong></span> <span class='ocrx_word' id='word_1_20' title='bbox 216 382 443 428; x_wconf 82' lang='lat' dir='ltr'><strong>scriptores,</strong></span> <span class='ocrx_word' id='word_1_21' title='bbox 484 385 549 414; x_wconf 88' lang='lat' dir='ltr'><strong>aut</strong></span> <span class='ocrx_word' id='word_1_22' title='bbox 567 390 674 414; x_wconf 88' lang='lat' dir='ltr'><strong>error</strong></span> <span class='ocrx_word' id='word_1_23' title='bbox 697 376 758 414; x_wconf 89' lang='lat' dir='ltr'><strong>hic</strong></span> <span class='ocrx_word' id='word_1_24' title='bbox 781 376 943 415; x_wconf 85' lang='lat' dir='ltr'><strong>Diodori</strong></span> <span class='ocrx_word' id='word_1_25' title='bbox 962 384 1043 424; x_wconf 83' lang='lat' dir='ltr'><strong>est,</strong></span> <span class='ocrx_word' id='word_1_26' title='bbox 1071 384 1138 414; x_wconf 81' lang='lat' dir='ltr'><strong>ant</strong></span> <span class='ocrx_word' id='word_1_27' title='bbox 1159 379 1256 415; x_wconf 88' lang='lat' dir='ltr'><strong>alios</strong></span> <span class='ocrx_word' id='word_1_28' title='bbox 1278 379 1343 415; x_wconf 87' lang='lat' dir='ltr'><strong>ille</strong></span> <span class='ocrx_word' id='word_1_29' title='bbox 1363 378 1478 416; x_wconf 89' lang='lat' dir='ltr'><strong>duces</strong></span> <span class='ocrx_word' id='word_1_30' title='bbox 1497 377 1563 416; x_wconf 84' lang='lat' dir='ltr'><strong>ha-</strong></span> 
     </span>
     <span class='ocr_line' id='line_1_4' title="bbox 121 433 613 482; baseline -0.004 -9"><span class='ocrx_word' id='word_1_31' title='bbox 121 436 226 482; x_wconf 85' lang='lat' dir='ltr'><strong>buit,</strong></span> <span class='ocrx_word' id='word_1_32' title='bbox 254 442 296 471; x_wconf 89' lang='lat' dir='ltr'><strong>ut</strong></span> <span class='ocrx_word' id='word_1_33' title='bbox 320 446 444 481; x_wconf 84' lang='lat' dir='ltr'><strong>saepe.</strong></span> <span class='ocrx_word' id='word_1_34' title='bbox 472 433 613 472; x_wconf 60' lang='lat' dir='ltr'><strong>wizss.</strong></span> 
     </span>
    </p>

    <p class='ocr_par' dir='ltr' id='par_1_3' title="bbox 117 483 1560 697">
     <span class='ocr_line' id='line_1_5' title="bbox 232 483 1560 540; baseline -0.002 -10"><span class='ocrx_word' id='word_1_35' title='bbox 232 492 336 530; x_wconf 88' lang='grc'><strong>317.</strong></span> <span class='ocrx_word' id='word_1_36' title='bbox 362 490 435 529; x_wconf 88' lang='grc'><strong>73.</strong></span> <span class='ocrx_word' id='word_1_37' title='bbox 457 486 662 539; x_wconf 54' lang='grc' dir='ltr'><strong>Ἐριβοιαν</strong></span> <span class='ocrx_word' id='word_1_38' title='bbox 680 485 756 540; x_wconf 76' lang='grc' dir='ltr'><strong>τὴν</strong></span> <span class='ocrx_word' id='word_1_39' title='bbox 771 483 1025 538; x_wconf 63' lang='grc' dir='ltr'><strong>Ἀλκάθου]</strong></span> <span class='ocrx_word' id='word_1_40' title='bbox 1055 489 1245 526; x_wconf 80' lang='lat' dir='ltr'>Pindarus</span> <span class='ocrx_word' id='word_1_41' title='bbox 1268 489 1442 527; x_wconf 76' lang='lat' dir='ltr'><strong>Aiantem</strong></span> <span class='ocrx_word' id='word_1_42' title='bbox 1463 494 1560 528; x_wconf 85' lang='grc' dir='ltr'>παΐ-</span> 
     </span>
     <span class='ocr_line' id='line_1_6' title="bbox 119 542 1560 598; baseline -0.001 -14"><span class='ocrx_word' id='word_1_43' title='bbox 119 546 172 585; x_wconf 70' lang='grc' dir='ltr'><strong>δα</strong></span> <span class='ocrx_word' id='word_1_44' title='bbox 199 543 366 598; x_wconf 71' lang='grc' dir='ltr'>θρασὺν</span> <span class='ocrx_word' id='word_1_45' title='bbox 396 544 438 593; x_wconf 74' lang='grc' dir='ltr'><strong>ἐξ</strong></span> <span class='ocrx_word' id='word_1_46' title='bbox 466 542 669 596; x_wconf 74' lang='grc' dir='ltr'><strong><em>Ἐριβοίας</em></strong></span> <span class='ocrx_word' id='word_1_47' title='bbox 699 544 895 593; x_wconf 80' lang='lat' dir='ltr'><strong>adpenans</strong></span> <span class='ocrx_word' id='word_1_48' title='bbox 917 544 1113 584; x_wconf 83' lang='lat' dir='ltr'><strong>[stlnuion.</strong></span> <span class='ocrx_word' id='word_1_49' title='bbox 1138 546 1183 582; x_wconf 88' lang='grc' dir='ltr'><strong>Ο.</strong></span> <span class='ocrx_word' id='word_1_50' title='bbox 1208 546 1271 582; x_wconf 65' lang='lat' dir='ltr'><strong>vl.</strong></span> <span class='ocrx_word' id='word_1_51' title='bbox 1294 548 1366 585; x_wconf 88' lang='grc'><strong>67.</strong></span> <span class='ocrx_word' id='word_1_52' title='bbox 1394 548 1560 583; x_wconf 87' lang='lat' dir='ltr'><strong>feminae</strong></span> 
     </span>
     <span class='ocr_line' id='line_1_7' title="bbox 117 600 1557 654; baseline -0.001 -15"><span class='ocrx_word' id='word_1_53' title='bbox 117 615 257 640; x_wconf 87' lang='lat' dir='ltr'><strong>nomen</strong></span> <span class='ocrx_word' id='word_1_54' title='bbox 288 604 381 638; x_wconf 87' lang='lat' dir='ltr'><strong>satis</strong></span> <span class='ocrx_word' id='word_1_55' title='bbox 411 607 552 638; x_wconf 81' lang='lat' dir='ltr'><strong>tuetur.</strong></span> <span class='ocrx_word' id='word_1_56' title='bbox 587 601 685 638; x_wconf 76' lang='lat' dir='ltr'><strong>Aliis</strong></span> <span class='ocrx_word' id='word_1_57' title='bbox 705 600 932 654; x_wconf 68' lang='grc' dir='ltr'>Περίβθια,</span> <span class='ocrx_word' id='word_1_58' title='bbox 960 601 1006 638; x_wconf 89' lang='lat' dir='ltr'><strong>de</strong></span> <span class='ocrx_word' id='word_1_59' title='bbox 1028 602 1164 650; x_wconf 82' lang='lat' dir='ltr'><strong>quibus</strong></span> <span class='ocrx_word' id='word_1_60' title='bbox 1185 601 1227 638; x_wconf 91' lang='lat' dir='ltr'><strong>P.</strong></span> <span class='ocrx_word' id='word_1_61' title='bbox 1254 601 1471 652; x_wconf 82' lang='lat' dir='ltr'><strong>Leopardus</strong></span> <span class='ocrx_word' id='word_1_62' title='bbox 1492 602 1557 639; x_wconf 89' lang='grc'><strong>111.</strong></span> 
     </span>
     <span class='ocr_line' id='line_1_8' title="bbox 118 657 601 697; baseline -0.008 -1"><span class='ocrx_word' id='word_1_63' title='bbox 118 658 277 696; x_wconf 76' lang='lat' dir='ltr'><strong>Einend.</strong></span> <span class='ocrx_word' id='word_1_64' title='bbox 304 671 338 697; x_wconf 81' lang='lat' dir='ltr'><strong>c.</strong></span> <span class='ocrx_word' id='word_1_65' title='bbox 365 658 438 697; x_wconf 83' lang='lat'><strong>10.</strong></span> <span class='ocrx_word' id='word_1_66' title='bbox 465 657 601 696; x_wconf 63' lang='lat' dir='ltr'><strong>W&#39;Ess..</strong></span> 
     </span>
    </p>

    <p class='ocr_par' dir='ltr' id='par_1_4' title="bbox 112 706 1556 988">
     <span class='ocr_line' id='line_1_9' title="bbox 231 706 1556 765; baseline -0.005 -11"><span class='ocrx_word' id='word_1_67' title='bbox 231 715 335 754; x_wconf 89' lang='grc'><strong>317.</strong></span> <span class='ocrx_word' id='word_1_68' title='bbox 358 715 431 754; x_wconf 89' lang='grc'><strong>80.</strong></span> <span class='ocrx_word' id='word_1_69' title='bbox 461 711 605 764; x_wconf 63' lang='lat' dir='ltr'><strong>’&#39;Aom-</strong></span> <span class='ocrx_word' id='word_1_70' title='bbox 632 706 820 765; x_wconf 64' lang='lat' dir='ltr'><strong>‘Apnae&#39;rn</strong></span> <span class='ocrx_word' id='word_1_71' title='bbox 847 734 894 741; x_wconf 92' lang='lat'><strong>——</strong></span> <span class='ocrx_word' id='word_1_72' title='bbox 916 712 1067 765; x_wconf 67' lang='grc' dir='ltr'><strong>μιγεὶς]</strong></span> <span class='ocrx_word' id='word_1_73' title='bbox 1094 710 1310 763; x_wconf 76' lang='grc' dir='ltr'><strong>“Αρπιννα</strong></span> <span class='ocrx_word' id='word_1_74' title='bbox 1343 714 1556 751; x_wconf 79' lang='lat' dir='ltr'>Pausaniae</span> 
     </span>
     <span class='ocr_line' id='line_1_10' title="bbox 117 766 1555 820; baseline -0.001 -13"><span class='ocrx_word' id='word_1_75' title='bbox 117 770 162 807; x_wconf 77' lang='lat' dir='ltr'><strong>V.</strong></span> <span class='ocrx_word' id='word_1_76' title='bbox 183 772 258 810; x_wconf 90' lang='grc'><strong>22.</strong></span> <span class='ocrx_word' id='word_1_77' title='bbox 278 770 340 808; x_wconf 76' lang='lat' dir='ltr'><strong>vl.</strong></span> <span class='ocrx_word' id='word_1_78' title='bbox 363 772 437 810; x_wconf 86' lang='grc'><strong>21.</strong></span> <span class='ocrx_word' id='word_1_79' title='bbox 461 783 496 819; x_wconf 88' lang='lat' dir='ltr'><strong>p.</strong></span> <span class='ocrx_word' id='word_1_80' title='bbox 522 771 637 816; x_wconf 57' lang='lat'><strong>507„</strong></span> <span class='ocrx_word' id='word_1_81' title='bbox 666 767 862 818; x_wconf 77' lang='lat' dir='ltr'><strong>Stephano</strong></span> <span class='ocrx_word' id='word_1_82' title='bbox 881 766 1072 820; x_wconf 69' lang='lat' dir='ltr'><strong>”Aprum</strong></span> <span class='ocrx_word' id='word_1_83' title='bbox 1103 777 1141 807; x_wconf 89' lang='lat' dir='ltr'><strong>et</strong></span> <span class='ocrx_word' id='word_1_84' title='bbox 1160 768 1289 807; x_wconf 82' lang='lat' dir='ltr'><strong>schol.</strong></span> <span class='ocrx_word' id='word_1_85' title='bbox 1316 769 1475 806; x_wconf 85' lang='lat' dir='ltr'><strong>Pindari</strong></span> <span class='ocrx_word' id='word_1_86' title='bbox 1507 769 1555 806; x_wconf 87' lang='lat' dir='ltr'><strong>ad</strong></span> 
     </span>
     <span class='ocr_line' id='line_1_11' title="bbox 117 825 1556 875; baseline -0.001 -13"><span class='ocrx_word' id='word_1_87' title='bbox 117 826 418 871; x_wconf 66' lang='lat' dir='ltr'><strong>extremamssd.</strong></span> <span class='ocrx_word' id='word_1_88' title='bbox 437 825 547 862; x_wconf 87' lang='lat' dir='ltr'><strong>Xlll.</strong></span> <span class='ocrx_word' id='word_1_89' title='bbox 571 826 746 875; x_wconf 77' lang='lat' dir='ltr'><strong>Olymp.;</strong></span> <span class='ocrx_word' id='word_1_90' title='bbox 776 826 875 873; x_wconf 82' lang='lat' dir='ltr'><strong>quod</strong></span> <span class='ocrx_word' id='word_1_91' title='bbox 896 827 1043 874; x_wconf 81' lang='lat' dir='ltr'><strong>puellae</strong></span> <span class='ocrx_word' id='word_1_92' title='bbox 1073 839 1212 863; x_wconf 89' lang='lat' dir='ltr'><strong>nomen</strong></span> <span class='ocrx_word' id='word_1_93' title='bbox 1234 825 1471 864; x_wconf 76' lang='lat' dir='ltr'><strong>multimodis</strong></span> <span class='ocrx_word' id='word_1_94' title='bbox 1490 825 1556 861; x_wconf 91' lang='lat' dir='ltr'><strong>de-</strong></span> 
     </span>
     <span class='ocr_line' id='line_1_12' title="bbox 112 881 1556 933; baseline -0.001 -14"><span class='ocrx_word' id='word_1_95' title='bbox 112 890 311 932; x_wconf 82' lang='lat' dir='ltr'><strong>pravatum</strong></span> <span class='ocrx_word' id='word_1_96' title='bbox 333 883 371 918; x_wconf 87' lang='lat' dir='ltr'><strong>in</strong></span> <span class='ocrx_word' id='word_1_97' title='bbox 391 889 564 919; x_wconf 84' lang='lat' dir='ltr'><strong>veterum</strong></span> <span class='ocrx_word' id='word_1_98' title='bbox 585 883 859 919; x_wconf 85' lang='lat' dir='ltr'><strong>conmentariis</strong></span> <span class='ocrx_word' id='word_1_99' title='bbox 878 882 1057 933; x_wconf 80' lang='lat' dir='ltr'>diligenti</span> <span class='ocrx_word' id='word_1_100' title='bbox 1069 895 1184 931; x_wconf 73' lang='lat' dir='ltr'><strong>opera</strong></span> <span class='ocrx_word' id='word_1_101' title='bbox 1203 884 1435 920; x_wconf 83' lang='lat' dir='ltr'><strong>instaura-vit</strong></span> <span class='ocrx_word' id='word_1_102' title='bbox 1454 881 1556 918; x_wconf 84' lang='lat' dir='ltr'><strong>idem</strong></span> 
     </span>
     <span class='ocr_line' id='line_1_13' title="bbox 114 937 883 988; baseline -0.001 -13"><span class='ocrx_word' id='word_1_103' title='bbox 114 938 300 988; x_wconf 74' lang='lat' dir='ltr'><strong>Lcoparcl.</strong></span> <span class='ocrx_word' id='word_1_104' title='bbox 330 937 434 976; x_wconf 65' lang='lat' dir='ltr'><strong>vul.</strong></span> <span class='ocrx_word' id='word_1_105' title='bbox 462 938 622 976; x_wconf 80' lang='lat' dir='ltr'><strong>Emend.</strong></span> <span class='ocrx_word' id='word_1_106' title='bbox 647 940 717 978; x_wconf 78' lang='grc'><strong>16.</strong></span> <span class='ocrx_word' id='word_1_107' title='bbox 748 938 883 977; x_wconf 68' lang='lat' dir='ltr'><strong>Wssss.</strong></span> 
     </span>
    </p>

    <p class='ocr_par' dir='ltr' id='par_1_5' title="bbox 112 989 1555 1549">
     <span class='ocr_line' id='line_1_14' title="bbox 228 989 1555 1046; baseline -0.003 -13"><span class='ocrx_word' id='word_1_108' title='bbox 228 996 335 1035; x_wconf 83' lang='grc'><strong>317.</strong></span> <span class='ocrx_word' id='word_1_109' title='bbox 365 996 443 1035; x_wconf 77' lang='grc'><strong>91.</strong></span> <span class='ocrx_word' id='word_1_110' title='bbox 463 990 473 1004; x_wconf 80' lang='lat'>‘</span> <span class='ocrx_word' id='word_1_111' title='bbox 487 990 747 1045; x_wconf 72' lang='grc' dir='ltr'>Υπεστήσατο</span> <span class='ocrx_word' id='word_1_112' title='bbox 770 993 813 1033; x_wconf 73' lang='grc' dir='ltr'><strong>δὲ</strong></span> <span class='ocrx_word' id='word_1_113' title='bbox 834 989 1133 1046; x_wconf 75' lang='grc' dir='ltr'><strong>ἱππθὸιῗμεεαν]</strong></span> <span class='ocrx_word' id='word_1_114' title='bbox 1168 993 1307 1032; x_wconf 82' lang='lat' dir='ltr'><strong>Menda</strong></span> <span class='ocrx_word' id='word_1_115' title='bbox 1325 995 1491 1031; x_wconf 82' lang='lat' dir='ltr'><strong>enormis</strong></span> <span class='ocrx_word' id='word_1_116' title='bbox 1510 1006 1555 1030; x_wconf 86' lang='lat' dir='ltr'><strong>ac</strong></span> 
     </span>
     <span class='ocr_line' id='line_1_15' title="bbox 115 1050 1552 1102; baseline -0.001 -15"><span class='ocrx_word' id='word_1_117' title='bbox 115 1063 248 1087; x_wconf 76' lang='lat' dir='ltr'><strong>severe</strong></span> <span class='ocrx_word' id='word_1_118' title='bbox 282 1050 516 1100; x_wconf 67' lang='lat' dir='ltr'><strong>castiganda.</strong></span> <span class='ocrx_word' id='word_1_119' title='bbox 573 1051 804 1098; x_wconf 83' lang='lat' dir='ltr'><strong>Perpetuum</strong></span> <span class='ocrx_word' id='word_1_120' title='bbox 836 1051 955 1102; x_wconf 81' lang='lat' dir='ltr'><strong>igitur</strong></span> <span class='ocrx_word' id='word_1_121' title='bbox 983 1052 1196 1101; x_wconf 73' lang='lat' dir='ltr'><strong>relegator,</strong></span> <span class='ocrx_word' id='word_1_122' title='bbox 1240 1053 1395 1098; x_wconf 86' lang='lat' dir='ltr'><strong>eiusque</strong></span> <span class='ocrx_word' id='word_1_123' title='bbox 1425 1050 1552 1086; x_wconf 85' lang='lat' dir='ltr'><strong>sedem</strong></span> 
     </span>
     <span class='ocr_line' id='line_1_16' title="bbox 113 1104 1553 1156; baseline -0.001 -13"><span class='ocrx_word' id='word_1_124' title='bbox 113 1109 350 1156; x_wconf 87' lang='lat' dir='ltr'><strong>postliminio</strong></span> <span class='ocrx_word' id='word_1_125' title='bbox 382 1108 454 1143; x_wconf 86' lang='lat' dir='ltr'><strong>sibi</strong></span> <span class='ocrx_word' id='word_1_126' title='bbox 482 1107 661 1143; x_wconf 71' lang='lat' dir='ltr'><strong>vendicet</strong></span> <span class='ocrx_word' id='word_1_127' title='bbox 691 1104 988 1156; x_wconf 73' lang='grc' dir='ltr'><strong>ἱπποδρομίαν,</strong></span> <span class='ocrx_word' id='word_1_128' title='bbox 1018 1107 1207 1155; x_wconf 76' lang='lat' dir='ltr'><strong>quodper</strong></span> <span class='ocrx_word' id='word_1_129' title='bbox 1235 1107 1330 1143; x_wconf 89' lang='lat' dir='ltr'><strong>illud</strong></span> <span class='ocrx_word' id='word_1_130' title='bbox 1361 1108 1553 1156; x_wconf 80' lang='lat' dir='ltr'><strong>corrigere</strong></span> 
     </span>
     <span class='ocr_line' id='line_1_17' title="bbox 114 1158 1555 1214; baseline -0.001 -15"><span class='ocrx_word' id='word_1_131' title='bbox 114 1164 238 1200; x_wconf 80' lang='lat' dir='ltr'><strong>voluit</strong></span> <span class='ocrx_word' id='word_1_132' title='bbox 258 1163 448 1200; x_wconf 78' lang='lat' dir='ltr'><strong>librarius.</strong></span> <span class='ocrx_word' id='word_1_133' title='bbox 481 1161 613 1199; x_wconf 80' lang='lat' dir='ltr'><strong>Rfflm.</strong></span> <span class='ocrx_word' id='word_1_134' title='bbox 648 1158 932 1214; x_wconf 61' lang='grc' dir='ltr'><strong>ζΥῖιεστήίῑιιτο</strong></span> <span class='ocrx_word' id='word_1_135' title='bbox 958 1161 1001 1201; x_wconf 67' lang='grc' dir='ltr'><strong>δὲ</strong></span> <span class='ocrx_word' id='word_1_136' title='bbox 1023 1161 1318 1214; x_wconf 73' lang='grc' dir='ltr'><strong>ἱπποὸρομίαν]</strong></span> <span class='ocrx_word' id='word_1_137' title='bbox 1351 1162 1435 1199; x_wconf 84' lang='lat' dir='ltr'><strong>lure</strong></span> <span class='ocrx_word' id='word_1_138' title='bbox 1456 1163 1555 1209; x_wconf 87' lang='lat' dir='ltr'><strong>opti-</strong></span> 
     </span>
     <span class='ocr_line' id='line_1_18' title="bbox 114 1217 1553 1271; baseline 0 -16"><span class='ocrx_word' id='word_1_139' title='bbox 114 1232 176 1256; x_wconf 84' lang='lat' dir='ltr'><strong>mo</strong></span> <span class='ocrx_word' id='word_1_140' title='bbox 208 1226 408 1256; x_wconf 81' lang='lat' dir='ltr'><strong>succenset</strong></span> <span class='ocrx_word' id='word_1_141' title='bbox 440 1220 630 1266; x_wconf 80' lang='lat' dir='ltr'><strong>librariis,</strong></span> <span class='ocrx_word' id='word_1_142' title='bbox 667 1219 825 1256; x_wconf 84' lang='lat' dir='ltr'><strong>mendae</strong></span> <span class='ocrx_word' id='word_1_143' title='bbox 857 1221 1096 1271; x_wconf 75' lang='lat' dir='ltr'><strong>turpissimae</strong></span> <span class='ocrx_word' id='word_1_144' title='bbox 1123 1219 1366 1264; x_wconf 81' lang='lat' dir='ltr'><strong>auctoribus,</strong></span> <span class='ocrx_word' id='word_1_145' title='bbox 1398 1217 1553 1255; x_wconf 79' lang='lat' dir='ltr'><strong>Rhodo-</strong></span> 
     </span>
     <span class='ocr_line' id='line_1_19' title="bbox 113 1274 1552 1323; baseline -0.001 -12"><span class='ocrx_word' id='word_1_146' title='bbox 113 1286 304 1322; x_wconf 76' lang='lat' dir='ltr'><strong>mannus3</strong></span> <span class='ocrx_word' id='word_1_147' title='bbox 340 1276 399 1312; x_wconf 90' lang='lat' dir='ltr'><strong>illi</strong></span> <span class='ocrx_word' id='word_1_148' title='bbox 428 1275 529 1323; x_wconf 86' lang='lat' dir='ltr'><strong>quod</strong></span> <span class='ocrx_word' id='word_1_149' title='bbox 554 1277 596 1311; x_wconf 93' lang='lat' dir='ltr'><strong>in</strong></span> <span class='ocrx_word' id='word_1_150' title='bbox 623 1282 788 1312; x_wconf 85' lang='lat' dir='ltr'><strong>mentem</strong></span> <span class='ocrx_word' id='word_1_151' title='bbox 817 1283 997 1321; x_wconf 85' lang='lat' dir='ltr'><strong>venerat,</strong></span> <span class='ocrx_word' id='word_1_152' title='bbox 1029 1274 1148 1314; x_wconf 88' lang='lat' dir='ltr'><strong>Codd.</strong></span> <span class='ocrx_word' id='word_1_153' title='bbox 1175 1278 1308 1323; x_wconf 88' lang='lat' dir='ltr'><strong>scripti</strong></span> <span class='ocrx_word' id='word_1_154' title='bbox 1337 1275 1552 1311; x_wconf 78' lang='lat' dir='ltr'><strong>adfirmant.</strong></span> 
     </span>
     <span class='ocr_line' id='line_1_20' title="bbox 112 1330 1550 1380; baseline 0 -12"><span class='ocrx_word' id='word_1_155' title='bbox 112 1331 191 1368; x_wconf 86' lang='lat' dir='ltr'><strong>Iam</strong></span> <span class='ocrx_word' id='word_1_156' title='bbox 208 1331 254 1368; x_wconf 82' lang='lat' dir='ltr'><strong>de</strong></span> <span class='ocrx_word' id='word_1_157' title='bbox 274 1333 469 1377; x_wconf 84' lang='lat' dir='ltr'><strong>curriculi,</strong></span> <span class='ocrx_word' id='word_1_158' title='bbox 495 1331 597 1380; x_wconf 79' lang='lat' dir='ltr'><strong>quod</strong></span> <span class='ocrx_word' id='word_1_159' title='bbox 617 1330 834 1368; x_wconf 83' lang='lat' dir='ltr'><strong>Oenomaus</strong></span> <span class='ocrx_word' id='word_1_160' title='bbox 853 1331 953 1367; x_wconf 84' lang='lat' dir='ltr'><strong>filiae</strong></span> <span class='ocrx_word' id='word_1_161' title='bbox 973 1333 1100 1379; x_wconf 86' lang='lat' dir='ltr'><strong>procis</strong></span> <span class='ocrx_word' id='word_1_162' title='bbox 1120 1333 1333 1378; x_wconf 85' lang='lat' dir='ltr'><strong>constituit,</strong></span> <span class='ocrx_word' id='word_1_163' title='bbox 1362 1332 1550 1379; x_wconf 83' lang='lat' dir='ltr'><strong>principio</strong></span> 
     </span>
     <span class='ocr_line' id='line_1_21' title="bbox 113 1383 1553 1439; baseline -0.001 -14"><span class='ocrx_word' id='word_1_164' title='bbox 113 1389 168 1425; x_wconf 86' lang='lat' dir='ltr'><strong>ita</strong></span> <span class='ocrx_word' id='word_1_165' title='bbox 191 1386 324 1425; x_wconf 77' lang='lat' dir='ltr'><strong>Schol.</strong></span> <span class='ocrx_word' id='word_1_166' title='bbox 343 1387 519 1435; x_wconf 75' lang='lat' dir='ltr'><strong>Apollon.</strong></span> <span class='ocrx_word' id='word_1_167' title='bbox 540 1386 663 1424; x_wconf 82' lang='lat' dir='ltr'><strong>Rhod.</strong></span> <span class='ocrx_word' id='word_1_168' title='bbox 682 1386 717 1425; x_wconf 77' lang='grc' dir='ltr'><strong>Ι.</strong></span> <span class='ocrx_word' id='word_1_169' title='bbox 735 1388 839 1428; x_wconf 80' lang='grc'><strong>752.</strong></span> <span class='ocrx_word' id='word_1_170' title='bbox 870 1385 1076 1439; x_wconf 71' lang='grc' dir='ltr'><em>προέκειτο</em></span> <span class='ocrx_word' id='word_1_171' title='bbox 1108 1386 1152 1425; x_wconf 77' lang='grc' dir='ltr'><strong>δὲ</strong></span> <span class='ocrx_word' id='word_1_172' title='bbox 1183 1385 1323 1433; x_wconf 72' lang='grc' dir='ltr'>αὐτοῖς</span> <span class='ocrx_word' id='word_1_173' title='bbox 1354 1383 1553 1432; x_wconf 71' lang='grc' dir='ltr'>Κλάᾶεως</span> 
     </span>
     <span class='ocr_line' id='line_1_22' title="bbox 113 1440 1551 1497; baseline -0.001 -16"><span class='ocrx_word' id='word_1_174' title='bbox 113 1441 302 1494; x_wconf 66' lang='grc' dir='ltr'>ποταμὸς</span> <span class='ocrx_word' id='word_1_175' title='bbox 322 1442 538 1497; x_wconf 69' lang='grc' dir='ltr'>ἄᾳετηρία,</span> <span class='ocrx_word' id='word_1_176' title='bbox 554 1440 728 1494; x_wconf 72' lang='grc' dir='ltr'><em>Ἰσθμός</em></span> <span class='ocrx_word' id='word_1_177' title='bbox 748 1442 792 1482; x_wconf 81' lang='grc' dir='ltr'><strong>δὲ</strong></span> <span class='ocrx_word' id='word_1_178' title='bbox 812 1440 857 1482; x_wconf 82' lang='grc' dir='ltr'><strong>τὸ</strong></span> <span class='ocrx_word' id='word_1_179' title='bbox 880 1441 1022 1493; x_wconf 73' lang='grc' dir='ltr'><strong>τέρμα.</strong></span> <span class='ocrx_word' id='word_1_180' title='bbox 1047 1443 1149 1492; x_wconf 89' lang='lat' dir='ltr'><strong>quod</strong></span> <span class='ocrx_word' id='word_1_181' title='bbox 1169 1444 1300 1481; x_wconf 87' lang='lat' dir='ltr'><strong>eodem</strong></span> <span class='ocrx_word' id='word_1_182' title='bbox 1319 1443 1432 1481; x_wconf 79' lang='lat' dir='ltr'><strong>redit.</strong></span> <span class='ocrx_word' id='word_1_183' title='bbox 1459 1443 1551 1480; x_wconf 73' lang='lat' dir='ltr'><strong>Cla-</strong></span> 
     </span>
     <span class='ocr_line' id='line_1_23' title="bbox 114 1499 1549 1549; baseline 0 -11"><span class='ocrx_word' id='word_1_184' title='bbox 114 1501 211 1539; x_wconf 76' lang='lat' dir='ltr'><strong>deus</strong></span> <span class='ocrx_word' id='word_1_185' title='bbox 232 1499 356 1536; x_wconf 82' lang='lat' dir='ltr'><strong>Elidis</strong></span> <span class='ocrx_word' id='word_1_186' title='bbox 375 1507 433 1536; x_wconf 87' lang='lat' dir='ltr'><strong>est</strong></span> <span class='ocrx_word' id='word_1_187' title='bbox 448 1500 592 1537; x_wconf 87' lang='lat' dir='ltr'><strong>fluvius</strong></span> <span class='ocrx_word' id='word_1_188' title='bbox 614 1499 714 1549; x_wconf 88' lang='lat' dir='ltr'><strong>apud</strong></span> <span class='ocrx_word' id='word_1_189' title='bbox 733 1500 898 1539; x_wconf 88' lang='lat' dir='ltr'><strong>Pausan.</strong></span> <span class='ocrx_word' id='word_1_190' title='bbox 921 1500 973 1539; x_wconf 27' lang='lat' dir='ltr'><strong>V..</strong></span> <span class='ocrx_word' id='word_1_191' title='bbox 991 1502 1032 1539; x_wconf 87' lang='lat'><strong>7.</strong></span> <span class='ocrx_word' id='word_1_192' title='bbox 1054 1501 1167 1537; x_wconf 80' lang='lat' dir='ltr'><strong>Pisae</strong></span> <span class='ocrx_word' id='word_1_193' title='bbox 1185 1502 1393 1549; x_wconf 76' lang='lat' dir='ltr'><strong>proximus.</strong></span> <span class='ocrx_word' id='word_1_194' title='bbox 1416 1500 1549 1538; x_wconf 77' lang='lat' dir='ltr'><strong>WESS.</strong></span> 
     </span>
    </p>

    <p class='ocr_par' dir='ltr' id='par_1_6' title="bbox 112 1552 1552 1774">
     <span class='ocr_line' id='line_1_24' title="bbox 225 1552 1550 1609; baseline -0.003 -14"><span class='ocrx_word' id='word_1_195' title='bbox 225 1557 329 1595; x_wconf 87' lang='lat'><strong>317.</strong></span> <span class='ocrx_word' id='word_1_196' title='bbox 365 1558 407 1595; x_wconf 85' lang='lat'><strong>2.</strong></span> <span class='ocrx_word' id='word_1_197' title='bbox 449 1552 644 1602; x_wconf 74' lang='grc' dir='ltr'><em>Πολλοὺς</em></span> <span class='ocrx_word' id='word_1_198' title='bbox 674 1552 840 1609; x_wconf 70' lang='grc' dir='ltr'>ἀνῄρει]</span> <span class='ocrx_word' id='word_1_199' title='bbox 871 1566 964 1603; x_wconf 82' lang='lat' dir='ltr'><strong>xm,</strong></span> <span class='ocrx_word' id='word_1_200' title='bbox 992 1563 1035 1594; x_wconf 92' lang='lat' dir='ltr'><strong>ut</strong></span> <span class='ocrx_word' id='word_1_201' title='bbox 1064 1556 1255 1593; x_wconf 79' lang='lat' dir='ltr'><strong>Pindarus</strong></span> <span class='ocrx_word' id='word_1_202' title='bbox 1289 1556 1362 1592; x_wconf 86' lang='lat' dir='ltr'><strong>Od.</strong></span> <span class='ocrx_word' id='word_1_203' title='bbox 1393 1555 1420 1592; x_wconf 90' lang='lat' dir='ltr'><strong>l.</strong></span> <span class='ocrx_word' id='word_1_204' title='bbox 1447 1557 1550 1595; x_wconf 73' lang='lat'><strong>127.</strong></span> 
     </span>
     <span class='ocr_line' id='line_1_25' title="bbox 113 1610 1552 1664; baseline -0.001 -16"><span class='ocrx_word' id='word_1_205' title='bbox 113 1613 231 1659; x_wconf 68' lang='lat' dir='ltr'><strong>canit,</strong></span> <span class='ocrx_word' id='word_1_206' title='bbox 260 1612 327 1650; x_wconf 90' lang='lat' dir='ltr'><strong>ubi</strong></span> <span class='ocrx_word' id='word_1_207' title='bbox 344 1610 480 1650; x_wconf 81' lang='lat' dir='ltr'><strong>Critici</strong></span> <span class='ocrx_word' id='word_1_208' title='bbox 496 1618 647 1651; x_wconf 80' lang='lat' dir='ltr'><strong>veteres</strong></span> <span class='ocrx_word' id='word_1_209' title='bbox 666 1613 908 1664; x_wconf 83' lang='lat' dir='ltr'><strong>singulorum</strong></span> <span class='ocrx_word' id='word_1_210' title='bbox 927 1616 1085 1652; x_wconf 77' lang='lat' dir='ltr'><strong>nomina</strong></span> <span class='ocrx_word' id='word_1_211' title='bbox 1102 1618 1325 1657; x_wconf 80' lang='lat' dir='ltr'><strong>recensent,</strong></span> <span class='ocrx_word' id='word_1_212' title='bbox 1362 1619 1552 1661; x_wconf 88' lang='lat' dir='ltr'><strong>corrupta,</strong></span> 
     </span>
     <span class='ocr_line' id='line_1_26' title="bbox 112 1668 1552 1720; baseline 0.001 -16"><span class='ocrx_word' id='word_1_213' title='bbox 112 1676 156 1704; x_wconf 91' lang='lat' dir='ltr'><strong>ut</strong></span> <span class='ocrx_word' id='word_1_214' title='bbox 174 1668 218 1704; x_wconf 87' lang='lat' dir='ltr'><strong>fit</strong></span> <span class='ocrx_word' id='word_1_215' title='bbox 237 1671 277 1705; x_wconf 92' lang='lat' dir='ltr'><strong>in</strong></span> <span class='ocrx_word' id='word_1_216' title='bbox 298 1670 484 1717; x_wconf 88' lang='lat' dir='ltr'><strong>propriis,</strong></span> <span class='ocrx_word' id='word_1_217' title='bbox 524 1681 572 1704; x_wconf 84' lang='lat' dir='ltr'><strong>ex</strong></span> <span class='ocrx_word' id='word_1_218' title='bbox 590 1681 731 1718; x_wconf 84' lang='lat' dir='ltr'><strong>magna</strong></span> <span class='ocrx_word' id='word_1_219' title='bbox 751 1676 880 1717; x_wconf 87' lang='lat' dir='ltr'><strong>parte,</strong></span> <span class='ocrx_word' id='word_1_220' title='bbox 916 1669 983 1707; x_wconf 87' lang='lat' dir='ltr'><strong>sed</strong></span> <span class='ocrx_word' id='word_1_221' title='bbox 1002 1670 1116 1707; x_wconf 80' lang='lat' dir='ltr'><strong>facile</strong></span> <span class='ocrx_word' id='word_1_222' title='bbox 1134 1669 1360 1720; x_wconf 81' lang='lat' dir='ltr'><strong>refingenda</strong></span> <span class='ocrx_word' id='word_1_223' title='bbox 1383 1681 1431 1706; x_wconf 84' lang='lat' dir='ltr'><strong>ex</strong></span> <span class='ocrx_word' id='word_1_224' title='bbox 1451 1668 1552 1706; x_wconf 65' lang='lat' dir='ltr'><strong>Pau,-</strong></span> 
     </span>
     <span class='ocr_line' id='line_1_27' title="bbox 113 1723 774 1774; baseline -0.002 -12"><span class='ocrx_word' id='word_1_225' title='bbox 113 1727 222 1762; x_wconf 77' lang='lat' dir='ltr'><strong>sauia</strong></span> <span class='ocrx_word' id='word_1_226' title='bbox 240 1723 306 1762; x_wconf 73' lang='lat' dir='ltr'><strong>vl.</strong></span> <span class='ocrx_word' id='word_1_227' title='bbox 330 1726 405 1766; x_wconf 81' lang='lat'><strong>21.</strong></span> <span class='ocrx_word' id='word_1_228' title='bbox 439 1736 474 1774; x_wconf 82' lang='lat' dir='ltr'><strong>p.</strong></span> <span class='ocrx_word' id='word_1_229' title='bbox 497 1725 599 1764; x_wconf 86' lang='lat'><strong>508.</strong></span> <span class='ocrx_word' id='word_1_230' title='bbox 639 1724 774 1764; x_wconf 78' lang='lat' dir='ltr'><strong>WESS.</strong></span> 
     </span>
    </p>

    <p class='ocr_par' dir='ltr' id='par_1_7' title="bbox 112 1775 1553 1943">
     <span class='ocr_line' id='line_1_28' title="bbox 227 1775 1553 1833; baseline -0.002 -13"><span class='ocrx_word' id='word_1_231' title='bbox 227 1782 332 1820; x_wconf 89' lang='grc'><strong>317.</strong></span> <span class='ocrx_word' id='word_1_232' title='bbox 364 1784 403 1821; x_wconf 88' lang='grc'><strong>8.</strong></span> <span class='ocrx_word' id='word_1_233' title='bbox 451 1775 598 1820; x_wconf 72' lang='grc' dir='ltr'>Αὑτὸν</span> <span class='ocrx_word' id='word_1_234' title='bbox 633 1778 676 1819; x_wconf 71' lang='grc' dir='ltr'><strong>ἐκ</strong></span> <span class='ocrx_word' id='word_1_235' title='bbox 705 1783 779 1820; x_wconf 80' lang='grc' dir='ltr'><strong>τοῦ</strong></span> <span class='ocrx_word' id='word_1_236' title='bbox 811 1779 883 1833; x_wconf 79' lang='grc' dir='ltr'><strong>ζῇν</strong></span> <span class='ocrx_word' id='word_1_237' title='bbox 917 1778 1171 1833; x_wconf 71' lang='grc' dir='ltr'>μετέστησε]</span> <span class='ocrx_word' id='word_1_238' title='bbox 1213 1780 1410 1820; x_wconf 79' lang='lat' dir='ltr'><strong>Excussus</strong></span> <span class='ocrx_word' id='word_1_239' title='bbox 1439 1793 1553 1818; x_wconf 83' lang='lat' dir='ltr'><strong>curru</strong></span> 
     </span>
     <span class='ocr_line' id='line_1_29' title="bbox 112 1836 1553 1888; baseline -0.002 -13"><span class='ocrx_word' id='word_1_240' title='bbox 112 1836 206 1888; x_wconf 73' lang='lat' dir='ltr'><strong>Ipse</strong></span> <span class='ocrx_word' id='word_1_241' title='bbox 227 1849 303 1874; x_wconf 78' lang='lat' dir='ltr'><strong>suo·</strong></span> <span class='ocrx_word' id='word_1_242' title='bbox 316 1838 454 1874; x_wconf 80' lang='lat' dir='ltr'><strong>melius</strong></span> <span class='ocrx_word' id='word_1_243' title='bbox 471 1838 664 1886; x_wconf 80' lang='lat' dir='ltr'><strong>sanguine</strong></span> <span class='ocrx_word' id='word_1_244' title='bbox 684 1839 808 1874; x_wconf 69' lang='lat' dir='ltr'><strong>tinxit</strong></span> <span class='ocrx_word' id='word_1_245' title='bbox 824 1837 991 1876; x_wconf 70' lang='lat' dir='ltr'><strong>humum.</strong></span> <span class='ocrx_word' id='word_1_246' title='bbox 1021 1837 1086 1874; x_wconf 85' lang='lat' dir='ltr'><strong>Sic</strong></span> <span class='ocrx_word' id='word_1_247' title='bbox 1102 1837 1266 1875; x_wconf 84' lang='lat' dir='ltr'><strong>Ovidius</strong></span> <span class='ocrx_word' id='word_1_248' title='bbox 1280 1836 1372 1873; x_wconf 84' lang='lat' dir='ltr'><strong>lbid.</strong></span> <span class='ocrx_word' id='word_1_249' title='bbox 1396 1850 1433 1873; x_wconf 78' lang='lat' dir='ltr'><strong>v.</strong></span> <span class='ocrx_word' id='word_1_250' title='bbox 1449 1837 1503 1875; x_wconf 85' lang='lat'><strong>37</strong></span> <span class='ocrx_word' id='word_1_251' title='bbox 1511 1838 1553 1875; x_wconf 82' lang='lat'><strong>0.</strong></span> 
     </span>
     <span class='ocr_line' id='line_1_30' title="bbox 112 1892 1353 1943; baseline -0.001 -14"><span class='ocrx_word' id='word_1_252' title='bbox 112 1900 152 1930; x_wconf 87' lang='lat' dir='ltr'><strong>et</strong></span> <span class='ocrx_word' id='word_1_253' title='bbox 168 1893 418 1930; x_wconf 86' lang='lat' dir='ltr'><strong>eruditissimi</strong></span> <span class='ocrx_word' id='word_1_254' title='bbox 436 1896 664 1942; x_wconf 82' lang='lat' dir='ltr'><strong>interpretes</strong></span> <span class='ocrx_word' id='word_1_255' title='bbox 685 1893 863 1943; x_wconf 92' lang='lat' dir='ltr'><strong>Apollon.</strong></span> <span class='ocrx_word' id='word_1_256' title='bbox 883 1892 1006 1931; x_wconf 54' lang='lat' dir='ltr'><strong>Rhoas.</strong></span> <span class='ocrx_word' id='word_1_257' title='bbox 1025 1893 1053 1929; x_wconf 90' lang='lat'><strong>1.</strong></span> <span class='ocrx_word' id='word_1_258' title='bbox 1079 1895 1184 1934; x_wconf 84' lang='lat'><strong>752.</strong></span> <span class='ocrx_word' id='word_1_259' title='bbox 1216 1893 1353 1930; x_wconf 68' lang='lat' dir='ltr'><strong>Wzss.</strong></span> 
     </span>
    </p>

    <p class='ocr_par' dir='ltr' id='par_1_8' title="bbox 110 1946 1554 2168">
     <span class='ocr_line' id='line_1_31' title="bbox 229 1946 1554 2002; baseline -0.004 -13"><span class='ocrx_word' id='word_1_260' title='bbox 229 1950 334 1989; x_wconf 84' lang='grc'><strong>318.</strong></span> <span class='ocrx_word' id='word_1_261' title='bbox 367 1952 436 1989; x_wconf 85' lang='grc'><strong>18.</strong></span> <span class='ocrx_word' id='word_1_262' title='bbox 477 1948 585 2001; x_wconf 74' lang='grc' dir='ltr'><strong>Περὶ</strong></span> <span class='ocrx_word' id='word_1_263' title='bbox 614 1946 690 2001; x_wconf 79' lang='grc' dir='ltr'><strong>τὴν</strong></span> <span class='ocrx_word' id='word_1_264' title='bbox 723 1951 797 1987; x_wconf 78' lang='grc' dir='ltr'><strong>νῦν</strong></span> <span class='ocrx_word' id='word_1_265' title='bbox 826 1947 1057 2000; x_wconf 77' lang='grc' dir='ltr'><strong>ὄνομαζομ..</strong></span> <span class='ocrx_word' id='word_1_266' title='bbox 1082 1946 1418 2002; x_wconf 70' lang='grc' dir='ltr'><strong>Παφλαγονίαν]</strong></span> <span class='ocrx_word' id='word_1_267' title='bbox 1448 1948 1554 1985; x_wconf 76' lang='lat' dir='ltr'><strong>Haec</strong></span> 
     </span>
     <span class='ocr_line' id='line_1_32' title="bbox 112 2004 1553 2057; baseline -0.002 -14"><span class='ocrx_word' id='word_1_268' title='bbox 112 2019 247 2043; x_wconf 81' lang='lat' dir='ltr'><strong>caussa</strong></span> <span class='ocrx_word' id='word_1_269' title='bbox 267 2012 346 2053; x_wconf 88' lang='lat' dir='ltr'><strong>est,</strong></span> <span class='ocrx_word' id='word_1_270' title='bbox 379 2018 447 2042; x_wconf 89' lang='lat' dir='ltr'><strong>cur</strong></span> <span class='ocrx_word' id='word_1_271' title='bbox 466 2006 645 2055; x_wconf 86' lang='lat' dir='ltr'><strong>Pelopem</strong></span> <span class='ocrx_word' id='word_1_272' title='bbox 664 2004 975 2056; x_wconf 84' lang='lat' dir='ltr'><strong>Paphlagonibus</strong></span> <span class='ocrx_word' id='word_1_273' title='bbox 995 2019 1124 2057; x_wconf 83' lang='lat' dir='ltr'><strong>regem</strong></span> <span class='ocrx_word' id='word_1_274' title='bbox 1144 2007 1305 2053; x_wconf 84' lang='lat' dir='ltr'><strong>inponat</strong></span> <span class='ocrx_word' id='word_1_275' title='bbox 1326 2005 1553 2054; x_wconf 78' lang='lat' dir='ltr'><strong>Apollonius</strong></span> 
     </span>
     <span class='ocr_line' id='line_1_33' title="bbox 110 2060 1551 2112; baseline 0 -14"><span class='ocrx_word' id='word_1_276' title='bbox 110 2061 165 2098; x_wconf 83' lang='grc' dir='ltr'><strong>Π.</strong></span> <span class='ocrx_word' id='word_1_277' title='bbox 179 2062 299 2110; x_wconf 85' lang='grc'><strong>358.,</strong></span> <span class='ocrx_word' id='word_1_278' title='bbox 323 2061 392 2098; x_wconf 86' lang='lat' dir='ltr'><strong>ubi-</strong></span> <span class='ocrx_word' id='word_1_279' title='bbox 409 2060 537 2100; x_wconf 82' lang='lat' dir='ltr'><strong>Schol.</strong></span> <span class='ocrx_word' id='word_1_280' title='bbox 561 2061 780 2108; x_wconf 81' lang='lat' dir='ltr'><strong>admonent,</strong></span> <span class='ocrx_word' id='word_1_281' title='bbox 803 2063 849 2098; x_wconf 88' lang='lat' dir='ltr'><strong>ab</strong></span> <span class='ocrx_word' id='word_1_282' title='bbox 867 2063 954 2099; x_wconf 86' lang='lat' dir='ltr'><strong>aliis</strong></span> <span class='ocrx_word' id='word_1_283' title='bbox 968 2061 1118 2112; x_wconf 86' lang='lat' dir='ltr'><strong>Lydum</strong></span> <span class='ocrx_word' id='word_1_284' title='bbox 1138 2061 1344 2112; x_wconf 77' lang='lat' dir='ltr'><strong>perhiberi,</strong></span> <span class='ocrx_word' id='word_1_285' title='bbox 1374 2073 1467 2109; x_wconf 88' lang='lat' dir='ltr'><strong>quos</strong></span> <span class='ocrx_word' id='word_1_286' title='bbox 1490 2061 1551 2098; x_wconf 86' lang='lat' dir='ltr'><strong>in-</strong></span> 
     </span>
     <span class='ocr_line' id='line_1_34' title="bbox 110 2117 1274 2168; baseline -0.001 -13"><span class='ocrx_word' id='word_1_287' title='bbox 110 2124 170 2156; x_wconf 67' lang='lat' dir='ltr'><strong>ter</strong></span> <span class='ocrx_word' id='word_1_288' title='bbox 190 2120 254 2156; x_wconf 79' lang='lat' dir='ltr'><strong>vel</strong></span> <span class='ocrx_word' id='word_1_289' title='bbox 276 2120 502 2166; x_wconf 76' lang='lat' dir='ltr'><strong>praecipuus</strong></span> <span class='ocrx_word' id='word_1_290' title='bbox 523 2118 680 2155; x_wconf 85' lang='lat' dir='ltr'><strong>Pindar.</strong></span> <span class='ocrx_word' id='word_1_291' title='bbox 702 2117 855 2168; x_wconf 85' lang='lat' dir='ltr'><strong>Olymp.</strong></span> <span class='ocrx_word' id='word_1_292' title='bbox 875 2118 947 2154; x_wconf 90' lang='lat' dir='ltr'><strong>Od.</strong></span> <span class='ocrx_word' id='word_1_293' title='bbox 969 2118 999 2155; x_wconf 88' lang='grc' dir='ltr'><strong>Ι.</strong></span> <span class='ocrx_word' id='word_1_294' title='bbox 1019 2120 1092 2158; x_wconf 83' lang='grc'><strong>39.</strong></span> <span class='ocrx_word' id='word_1_295' title='bbox 1140 2118 1274 2155; x_wconf 56' lang='grc'><strong>1171385.</strong></span> 
     </span>
    </p>

    <p class='ocr_par' dir='ltr' id='par_1_9' title="bbox 109 2170 1552 2280">
     <span class='ocr_line' id='line_1_35' title="bbox 226 2170 1552 2228; baseline -0.005 -14"><span class='ocrx_word' id='word_1_296' title='bbox 226 2175 330 2214; x_wconf 82' lang='grc'><strong>318.</strong></span> <span class='ocrx_word' id='word_1_297' title='bbox 353 2176 432 2214; x_wconf 82' lang='grc'><strong>21.</strong></span> <span class='ocrx_word' id='word_1_298' title='bbox 462 2171 550 2226; x_wconf 74' lang='grc' dir='ltr'><strong>Τὴν</strong></span> <span class='ocrx_word' id='word_1_299' title='bbox 584 2172 774 2225; x_wconf 70' lang='grc' dir='ltr'>εὐτυχίαν</span> <span class='ocrx_word' id='word_1_300' title='bbox 804 2171 853 2213; x_wconf 83' lang='grc' dir='ltr'><strong>οὐ</strong></span> <span class='ocrx_word' id='word_1_301' title='bbox 884 2171 1023 2228; x_wconf 74' lang='grc' dir='ltr'>φέρων</span> <span class='ocrx_word' id='word_1_302' title='bbox 1052 2170 1355 2228; x_wconf 64' lang='grc' dir='ltr'>ἀνθρωπίνως]</span> <span class='ocrx_word' id='word_1_303' title='bbox 1388 2172 1484 2210; x_wconf 79' lang='lat' dir='ltr'><strong>Vide</strong></span> <span class='ocrx_word' id='word_1_304' title='bbox 1504 2171 1552 2208; x_wconf 87' lang='lat' dir='ltr'><strong>ad</strong></span> 
     </span>
     <span class='ocr_line' id='line_1_36' title="bbox 109 2230 690 2280; baseline -0.002 -13"><span class='ocrx_word' id='word_1_305' title='bbox 109 2230 204 2268; x_wconf 75' lang='lat' dir='ltr'><strong>LI.</strong></span> <span class='ocrx_word' id='word_1_306' title='bbox 225 2232 297 2271; x_wconf 87' lang='grc'><strong>60.</strong></span> <span class='ocrx_word' id='word_1_307' title='bbox 314 2231 515 2280; x_wconf 84' lang='lat' dir='ltr'><strong>adscripta.</strong></span> <span class='ocrx_word' id='word_1_308' title='bbox 549 2230 690 2270; x_wconf 67' lang='lat' dir='ltr'><strong>Wssss.</strong></span> 
     </span>
    </p>

    <p class='ocr_par' dir='ltr' id='par_1_10' title="bbox 111 2283 1551 2898">
     <span class='ocr_line' id='line_1_37' title="bbox 224 2283 1551 2340; baseline -0.005 -13"><span class='ocrx_word' id='word_1_309' title='bbox 224 2288 329 2327; x_wconf 83' lang='grc'><strong>318.</strong></span> <span class='ocrx_word' id='word_1_310' title='bbox 358 2287 433 2327; x_wconf 88' lang='grc'><strong>29.</strong></span> <span class='ocrx_word' id='word_1_311' title='bbox 471 2284 597 2339; x_wconf 57' lang='lat' dir='ltr'><strong>Me‘ya</strong></span> <span class='ocrx_word' id='word_1_312' title='bbox 626 2283 946 2340; x_wconf 72' lang='grc' dir='ltr'><strong>φρυαττομένη]</strong></span> <span class='ocrx_word' id='word_1_313' title='bbox 1000 2286 1272 2336; x_wconf 82' lang='lat' dir='ltr'><strong>Intempestive</strong></span> <span class='ocrx_word' id='word_1_314' title='bbox 1301 2285 1551 2336; x_wconf 81' lang='lat' dir='ltr'><strong>gloriantium</strong></span> 
     </span>
     <span class='ocr_line' id='line_1_38' title="bbox 112 2340 1550 2409; baseline -0.002 -31"><span class='ocrx_word' id='word_1_315' title='bbox 112 2343 210 2378; x_wconf 88' lang='lat' dir='ltr'><strong>solet</strong></span> <span class='ocrx_word' id='word_1_316' title='bbox 237 2356 341 2390; x_wconf 87' lang='lat' dir='ltr'><strong>esse,</strong></span> <span class='ocrx_word' id='word_1_317' title='bbox 378 2356 538 2392; x_wconf 89' lang='lat' dir='ltr'><strong>quorum</strong></span> <span class='ocrx_word' id='word_1_318' title='bbox 571 2341 851 2394; x_wconf 73' lang='grc' dir='ltr'>μεγαλαιχιάς</span> <span class='ocrx_word' id='word_1_319' title='bbox 894 2358 967 2381; x_wconf 82' lang='grc' dir='ltr'>και·</span> <span class='ocrx_word' id='word_1_320' title='bbox 993 2357 1076 2396; x_wconf 62' lang='lat' dir='ltr'><strong>(ppt</strong></span> <span class='ocrx_word' id='word_1_321' title='bbox 1081 2339 1255 2409; x_wconf 57' lang='lat' dir='ltr'><strong>a‘yptata</strong></span> <span class='ocrx_word' id='word_1_322' title='bbox 1275 2340 1469 2379; x_wconf 59' lang='lat' dir='ltr'><strong>Plutarch.</strong></span> <span class='ocrx_word' id='word_1_323' title='bbox 1503 2340 1550 2376; x_wconf 83' lang='lat' dir='ltr'><strong>de</strong></span> 
     </span>
     <span class='ocr_line' id='line_1_39' title="bbox 111 2394 1549 2465; baseline -0.001 -31"><span class='ocrx_word' id='word_1_324' title='bbox 111 2397 312 2435; x_wconf 77' lang='lat' dir='ltr'><strong>Educand.</strong></span> <span class='ocrx_word' id='word_1_325' title='bbox 346 2399 478 2436; x_wconf 81' lang='lat' dir='ltr'><strong>Liber</strong></span> <span class='ocrx_word' id='word_1_326' title='bbox 502 2400 691 2449; x_wconf 81' lang='lat' dir='ltr'><strong>principio</strong></span> <span class='ocrx_word' id='word_1_327' title='bbox 721 2406 760 2435; x_wconf 90' lang='lat' dir='ltr'><strong>et</strong></span> <span class='ocrx_word' id='word_1_328' title='bbox 787 2395 1010 2450; x_wconf 79' lang='grc' dir='ltr'>αὐχήματα</span> <span class='ocrx_word' id='word_1_329' title='bbox 1047 2415 1114 2438; x_wconf 87' lang='grc' dir='ltr'><strong>και</strong></span> <span class='ocrx_word' id='word_1_330' title='bbox 1145 2394 1396 2465; x_wconf 62' lang='grc' dir='ltr'>φρυάῃιατα</span> <span class='ocrx_word' id='word_1_331' title='bbox 1436 2395 1549 2433; x_wconf 90' lang='lat' dir='ltr'><strong>Philo</strong></span> 
     </span>
     <span class='ocr_line' id='line_1_40' title="bbox 111 2453 1549 2506; baseline -0.001 -16"><span class='ocrx_word' id='word_1_332' title='bbox 111 2453 194 2490; x_wconf 88' lang='lat' dir='ltr'><strong>lud.</strong></span> <span class='ocrx_word' id='word_1_333' title='bbox 214 2453 265 2491; x_wconf 84' lang='lat' dir='ltr'><strong>II.</strong></span> <span class='ocrx_word' id='word_1_334' title='bbox 282 2455 449 2506; x_wconf 81' lang='lat' dir='ltr'><strong>Allegor.</strong></span> <span class='ocrx_word' id='word_1_335' title='bbox 470 2468 505 2503; x_wconf 88' lang='lat' dir='ltr'><strong>p.</strong></span> <span class='ocrx_word' id='word_1_336' title='bbox 526 2456 600 2495; x_wconf 86' lang='lat'><strong>97.</strong></span> <span class='ocrx_word' id='word_1_337' title='bbox 618 2455 664 2491; x_wconf 87' lang='lat' dir='ltr'><strong>A.</strong></span> <span class='ocrx_word' id='word_1_338' title='bbox 682 2454 727 2493; x_wconf 91' lang='lat' dir='ltr'><strong>A.</strong></span> <span class='ocrx_word' id='word_1_339' title='bbox 747 2462 971 2492; x_wconf 85' lang='lat' dir='ltr'><strong>memorant.</strong></span> <span class='ocrx_word' id='word_1_340' title='bbox 1000 2455 1105 2493; x_wconf 86' lang='lat' dir='ltr'><strong>Hine</strong></span> <span class='ocrx_word' id='word_1_341' title='bbox 1125 2457 1191 2504; x_wconf 71' lang='lat' dir='ltr'><strong>qui</strong></span> <span class='ocrx_word' id='word_1_342' title='bbox 1210 2458 1372 2492; x_wconf 84' lang='lat' dir='ltr'><strong>maiores</strong></span> <span class='ocrx_word' id='word_1_343' title='bbox 1391 2455 1549 2503; x_wconf 80' lang='lat' dir='ltr'><strong>spirit-us</strong></span> 
     </span>
     <span class='ocr_line' id='line_1_41' title="bbox 113 2508 1547 2564; baseline 0.001 -18"><span class='ocrx_word' id='word_1_344' title='bbox 113 2517 282 2557; x_wconf 86' lang='lat' dir='ltr'><strong>sumunt,</strong></span> <span class='ocrx_word' id='word_1_345' title='bbox 290 2509 496 2548; x_wconf 89' lang='lat' dir='ltr'><strong>Plutarcho</strong></span> <span class='ocrx_word' id='word_1_346' title='bbox 515 2513 694 2548; x_wconf 89' lang='lat' dir='ltr'><strong>feruntur</strong></span> <span class='ocrx_word' id='word_1_347' title='bbox 713 2510 836 2550; x_wconf 75' lang='grc' dir='ltr'>οἰδεῖν</span> <span class='ocrx_word' id='word_1_348' title='bbox 859 2510 931 2550; x_wconf 83' lang='grc' dir='ltr'><strong>καὶ</strong></span> <span class='ocrx_word' id='word_1_349' title='bbox 948 2508 1238 2564; x_wconf 67' lang='grc' dir='ltr'>φρυάττεσθαι</span> <span class='ocrx_word' id='word_1_350' title='bbox 1256 2510 1302 2547; x_wconf 89' lang='grc' dir='ltr'><strong>Τ.</strong></span> <span class='ocrx_word' id='word_1_351' title='bbox 1317 2509 1365 2546; x_wconf 89' lang='lat' dir='ltr'><strong>ll.</strong></span> <span class='ocrx_word' id='word_1_352' title='bbox 1387 2521 1423 2558; x_wconf 89' lang='lat' dir='ltr'><strong>p.</strong></span> <span class='ocrx_word' id='word_1_353' title='bbox 1444 2509 1547 2549; x_wconf 84' lang='lat'><strong>814.</strong></span> 
     </span>
     <span class='ocr_line' id='line_1_42' title="bbox 112 2562 1546 2620; baseline 0 -18"><span class='ocrx_word' id='word_1_354' title='bbox 112 2564 156 2602; x_wconf 92' lang='grc' dir='ltr'><strong>Β.</strong></span> <span class='ocrx_word' id='word_1_355' title='bbox 178 2566 334 2604; x_wconf 87' lang='lat' dir='ltr'><strong>Philoni</strong></span> <span class='ocrx_word' id='word_1_356' title='bbox 353 2566 399 2604; x_wconf 81' lang='lat' dir='ltr'><strong>de</strong></span> <span class='ocrx_word' id='word_1_357' title='bbox 416 2566 571 2619; x_wconf 84' lang='lat' dir='ltr'><strong>Prosug.</strong></span> <span class='ocrx_word' id='word_1_358' title='bbox 592 2580 631 2616; x_wconf 86' lang='lat' dir='ltr'><strong>p</strong></span> <span class='ocrx_word' id='word_1_359' title='bbox 647 2567 754 2607; x_wconf 84' lang='grc'><strong>454.</strong></span> <span class='ocrx_word' id='word_1_360' title='bbox 764 2567 809 2604; x_wconf 89' lang='grc' dir='ltr'><strong>Ε.</strong></span> <span class='ocrx_word' id='word_1_361' title='bbox 823 2565 964 2619; x_wconf 79' lang='grc' dir='ltr'>μακρὰ</span> <span class='ocrx_word' id='word_1_362' title='bbox 982 2568 1138 2618; x_wconf 76' lang='grc' dir='ltr'>βαίνειν</span> <span class='ocrx_word' id='word_1_363' title='bbox 1158 2583 1222 2606; x_wconf 86' lang='grc' dir='ltr'><strong>και</strong></span> <span class='ocrx_word' id='word_1_364' title='bbox 1244 2562 1546 2620; x_wconf 71' lang='grc' dir='ltr'>φουάττεσθαι,</span> 
     </span>
     <span class='ocr_line' id='line_1_43' title="bbox 114 2620 1545 2677; baseline -0.003 -15"><span class='ocrx_word' id='word_1_365' title='bbox 114 2630 153 2658; x_wconf 81' lang='lat' dir='ltr'><strong>et</strong></span> <span class='ocrx_word' id='word_1_366' title='bbox 170 2635 205 2670; x_wconf 85' lang='lat' dir='ltr'><strong>p-</strong></span> <span class='ocrx_word' id='word_1_367' title='bbox 228 2623 334 2663; x_wconf 85' lang='grc'><strong>466.</strong></span> <span class='ocrx_word' id='word_1_368' title='bbox 356 2623 400 2660; x_wconf 85' lang='grc' dir='ltr'><strong>Α.</strong></span> <span class='ocrx_word' id='word_1_369' title='bbox 430 2621 503 2662; x_wconf 84' lang='grc' dir='ltr'><strong>τὸν</strong></span> <span class='ocrx_word' id='word_1_370' title='bbox 526 2621 677 2674; x_wconf 77' lang='grc' dir='ltr'>αὐχένα</span> <span class='ocrx_word' id='word_1_371' title='bbox 695 2622 873 2676; x_wconf 78' lang='grc' dir='ltr'>ἐπαίοειν</span> <span class='ocrx_word' id='word_1_372' title='bbox 893 2639 961 2662; x_wconf 88' lang='grc' dir='ltr'><strong>και</strong></span> <span class='ocrx_word' id='word_1_373' title='bbox 980 2620 1282 2677; x_wconf 70' lang='grc' dir='ltr'><strong>φρυάττεσθαι,</strong></span> <span class='ocrx_word' id='word_1_374' title='bbox 1306 2628 1350 2659; x_wconf 84' lang='lat' dir='ltr'><strong>ut</strong></span> <span class='ocrx_word' id='word_1_375' title='bbox 1370 2624 1457 2672; x_wconf 81' lang='lat' dir='ltr'><strong>equi</strong></span> <span class='ocrx_word' id='word_1_376' title='bbox 1478 2620 1545 2657; x_wconf 87' lang='lat' dir='ltr'><strong>ad-</strong></span> 
     </span>
     <span class='ocr_line' id='line_1_44' title="bbox 113 2676 1544 2730; baseline -0.001 -16"><span class='ocrx_word' id='word_1_377' title='bbox 113 2680 250 2718; x_wconf 83' lang='lat' dir='ltr'><strong>solent.</strong></span> <span class='ocrx_word' id='word_1_378' title='bbox 272 2678 420 2716; x_wconf 79' lang='lat' dir='ltr'><strong>Mittam</strong></span> <span class='ocrx_word' id='word_1_379' title='bbox 430 2680 506 2716; x_wconf 87' lang='lat' dir='ltr'><strong>alia</strong></span> <span class='ocrx_word' id='word_1_380' title='bbox 525 2680 714 2726; x_wconf 79' lang='lat' dir='ltr'><strong>eiusdem,</strong></span> <span class='ocrx_word' id='word_1_381' title='bbox 740 2681 924 2728; x_wconf 86' lang='lat' dir='ltr'><strong>frequens</strong></span> <span class='ocrx_word' id='word_1_382' title='bbox 939 2683 1041 2717; x_wconf 84' lang='lat' dir='ltr'><strong>enim</strong></span> <span class='ocrx_word' id='word_1_383' title='bbox 1060 2684 1103 2718; x_wconf 81' lang='lat' dir='ltr'><strong>in</strong></span> <span class='ocrx_word' id='word_1_384' title='bbox 1123 2680 1194 2716; x_wconf 72' lang='lat' dir='ltr'><strong>hoc</strong></span> <span class='ocrx_word' id='word_1_385' title='bbox 1213 2692 1353 2730; x_wconf 85' lang='lat' dir='ltr'><strong>genere</strong></span> <span class='ocrx_word' id='word_1_386' title='bbox 1375 2685 1456 2722; x_wconf 82' lang='lat' dir='ltr'><strong>est,</strong></span> <span class='ocrx_word' id='word_1_387' title='bbox 1479 2676 1544 2713; x_wconf 88' lang='lat' dir='ltr'><strong>ubi</strong></span> 
     </span>
     <span class='ocr_line' id='line_1_45' title="bbox 114 2728 1545 2789; baseline 0.001 -19"><span class='ocrx_word' id='word_1_388' title='bbox 114 2747 164 2771; x_wconf 80' lang='lat' dir='ltr'><strong>ex</strong></span> <span class='ocrx_word' id='word_1_389' title='bbox 186 2734 227 2771; x_wconf 91' lang='lat' dir='ltr'><strong>L.</strong></span> <span class='ocrx_word' id='word_1_390' title='bbox 250 2734 277 2771; x_wconf 91' lang='lat' dir='ltr'><strong>l.</strong></span> <span class='ocrx_word' id='word_1_391' title='bbox 316 2735 395 2774; x_wconf 78' lang='lat' dir='ltr'><strong>vit.</strong></span> <span class='ocrx_word' id='word_1_392' title='bbox 429 2734 525 2774; x_wconf 82' lang='lat' dir='ltr'><strong>Mos.</strong></span> <span class='ocrx_word' id='word_1_393' title='bbox 556 2748 591 2784; x_wconf 77' lang='lat' dir='ltr'><strong>p.</strong></span> <span class='ocrx_word' id='word_1_394' title='bbox 611 2737 717 2778; x_wconf 87' lang='grc'><strong>648.</strong></span> <span class='ocrx_word' id='word_1_395' title='bbox 747 2735 793 2773; x_wconf 89' lang='grc' dir='ltr'><strong>Ε.</strong></span> <span class='ocrx_word' id='word_1_396' title='bbox 826 2736 1022 2783; x_wconf 75' lang='lat' dir='ltr'><strong>addidero,</strong></span> <span class='ocrx_word' id='word_1_397' title='bbox 1053 2732 1364 2789; x_wconf 65' lang='grc' dir='ltr'>φουαττόμενον</span> <span class='ocrx_word' id='word_1_398' title='bbox 1393 2728 1449 2778; x_wconf 79' lang='grc' dir='ltr'><strong>ὡς</strong></span> <span class='ocrx_word' id='word_1_399' title='bbox 1481 2730 1545 2769; x_wconf 70' lang='grc' dir='ltr'><strong>ἐπὶ</strong></span> 
     </span>
     <span class='ocr_line' id='line_1_46' title="bbox 115 2791 1545 2844; baseline -0.003 -15"><span class='ocrx_word' id='word_1_400' title='bbox 115 2805 237 2844; x_wconf 78' lang='grc' dir='ltr'>σεμν</span> <span class='ocrx_word' id='word_1_401' title='bbox 218 2806 250 2829; x_wconf 82' lang='grc' dir='ltr'>ω</span> <span class='ocrx_word' id='word_1_402' title='bbox 276 2787 483 2843; x_wconf 74' lang='grc' dir='ltr'>ποάγματι</span> <span class='ocrx_word' id='word_1_403' title='bbox 506 2793 684 2840; x_wconf 85' lang='lat' dir='ltr'><strong>inpurum</strong></span> <span class='ocrx_word' id='word_1_404' title='bbox 703 2806 790 2830; x_wconf 88' lang='lat' dir='ltr'><strong>eum</strong></span> <span class='ocrx_word' id='word_1_405' title='bbox 807 2792 1005 2842; x_wconf 87' lang='lat' dir='ltr'><strong>adpellari,</strong></span> <span class='ocrx_word' id='word_1_406' title='bbox 1028 2795 1092 2842; x_wconf 82' lang='lat' dir='ltr'><strong>qui</strong></span> <span class='ocrx_word' id='word_1_407' title='bbox 1111 2799 1277 2829; x_wconf 82' lang='lat' dir='ltr'><strong>scortum</strong></span> <span class='ocrx_word' id='word_1_408' title='bbox 1297 2803 1407 2826; x_wconf 90' lang='lat' dir='ltr'><strong>suum</strong></span> <span class='ocrx_word' id='word_1_409' title='bbox 1427 2791 1467 2826; x_wconf 85' lang='lat' dir='ltr'><strong>in</strong></span> <span class='ocrx_word' id='word_1_410' title='bbox 1487 2794 1545 2825; x_wconf 89' lang='lat' dir='ltr'><strong>ta-</strong></span> 
     </span>
     <span class='ocr_line' id='line_1_47' title="bbox 116 2845 1459 2898; baseline -0.001 -16"><span class='ocrx_word' id='word_1_411' title='bbox 116 2847 362 2885; x_wconf 87' lang='lat' dir='ltr'><strong>bernaculum</strong></span> <span class='ocrx_word' id='word_1_412' title='bbox 382 2847 614 2896; x_wconf 83' lang='lat' dir='ltr'><strong>abduxerat,</strong></span> <span class='ocrx_word' id='word_1_413' title='bbox 641 2850 745 2887; x_wconf 88' lang='lat' dir='ltr'><strong>omni</strong></span> <span class='ocrx_word' id='word_1_414' title='bbox 764 2848 1009 2887; x_wconf 87' lang='lat' dir='ltr'><strong>multitudine</strong></span> <span class='ocrx_word' id='word_1_415' title='bbox 1027 2850 1295 2898; x_wconf 86' lang='lat' dir='ltr'><strong>conspiciente.</strong></span> <span class='ocrx_word' id='word_1_416' title='bbox 1326 2845 1459 2883; x_wconf 67' lang='lat' dir='ltr'><strong>Wzss.</strong></span> 
     </span>
    </p>
   </div>
  </div>
 </body>
</html>
