1828 3253
218 87 308 128 598
681 83 1153 124 ANNOTATIONE
1186 85 1215 125 S

219 200 294 246 rit,
320 210 415 247 quae
436 197 565 246 opinio
595 198 674 236 viri
703 198 954 236 eruditissimi
975 197 1037 236 Ti.
1063 197 1366 246 Hemsterhusii,
1395 198 1467 237 hoc
1489 199 1534 236 de
1556 213 1672 238 voca·-

222 257 312 293 bulo
334 254 628 304 diligentissime
649 253 880 302 disputantis
905 257 945 291 in
966 254 1125 293 Luciani
1142 255 1293 306 Nigrin.
1319 269 1350 291 c.
1375 257 1447 295 23.
1478 257 1617 294 VVEss.

341 311 445 351 508.
475 311 517 349 2.
558 307 824 362 Ἀνέστησαν
853 308 1005 356 αὐτοὺς
1027 309 1070 349 ἐκ
1090 313 1164 362 τῆς
1186 307 1367 358 πόλεως]
1405 311 1522 349 Forte
1543 320 1581 349 et
1605 312 1675 350 hac

225 373 448 415 tempestate
468 367 748 405 atrocissimum
774 367 810 403 id
835 366 1027 406 decretum
1059 368 1276 413 conditum,
1307 380 1380 416 quo
1405 368 1678 419 Aeginetarum

227 425 434 472 unicuique
454 422 611 460 dextrae
632 435 766 459 manus
788 424 937 472 polleX,
968 436 1016 459 ne
1036 422 1184 461 hastam
1214 424 1368 461 vibrare
1389 433 1566 473 possent,
1595 438 1676 461 am-

226 480 430 530 putabatur
460 477 558 526 apud
592 479 740 516 Aelian.
769 477 818 516 H.
839 479 883 515 V.
913 478 960 518 11.
983 480 1024 519 9.
1061 479 1175 517 Aetas
1207 479 1414 528 Philoclis,
1451 494 1561 531 quem
1595 482 1677 517 eius

227 535 385 574 consilii
405 542 597 573 auctorem
619 534 793 585 perhibet
824 535 926 576 Plut.
961 535 1149 585 Lysandr.
1180 549 1215 586 p.
1233 537 1342 577 438.
1367 537 1436 585 A.,
1463 538 1502 574 id
1533 537 1678 574 suadet.

227 589 369 638 Captus
397 592 498 628 enim
519 597 577 627 est
603 599 773 628 extremo
805 591 905 628 bello
927 592 1276 640 Peloponnesiaco,
1306 605 1429 642 neque
1460 594 1559 631 idem
1583 593 1679 630 adeo

229 660 312 684 esse
336 648 476 696 poterit
496 653 608 695 atque
631 646 785 685 Archon
809 646 1024 695 Philocles,
1055 660 1129 697 quo
1156 649 1365 699 Aeginetae
1396 651 1441 686 ab
1463 649 1680 686 Athenien-

230 703 335 741 sibus
365 706 407 742 in
430 703 603 741 ordinem
633 705 755 740 coacti
784 704 1004 741 referuntur
1035 704 1076 741 L.
1104 704 1178 744 Xl.
1203 707 1275 744 78.
1323 704 1495 755 Namque
1517 707 1618 742 idem
1646 708 1681 743 si

227 759 361 808 fuerit,
389 765 432 796 ut
450 761 563 796 multi
583 761 802 809 opinantur,
831 767 981 807 oportet
1003 762 1141 798 aetatis
1163 773 1264 797 anno
1283 761 1363 797 fere
1383 773 1511 798 Lxxx.
1534 769 1682 811 postre-

229 828 330 853 mam
352 816 633 864 expeditionem
654 816 773 852 fuerit
793 818 1013 866 ingressus,
1042 816 1143 866 quod
1163 816 1258 854 mihi
1278 816 1431 864 quidem
1452 819 1499 855 ad
1524 818 1683 854 creden-

233 871 322 910 dum
346 871 501 909 difficile
524 871 679 909 accidit.
721 871 855 909 Wssss.

350 929 455 967 508.
484 927 527 967 4.
569 924 658 973 Τὰς
685 926 942 978 καλουμένας
965 926 1184 980 Θυραιάς]
1221 927 1327 964 Sitne
1351 935 1461 964 erant
1480 929 1521 964 in
1544 928 1684 966 finibus

230 985 401 1033 regionis
423 982 636 1031 Spartanae
659 991 771 1033 atque
796 985 987 1035 Argivae,
1016 984 1057 1023 ἐν
1079 990 1165 1030 τοῖς
1193 983 1408 1036 μεθορίοις
1429 987 1501 1035 τῆς
1520 986 1685 1023 Λακω-

232 1041 347 1090 τικῆς
377 1038 445 1077 καὶ
482 1037 594 1092 ’Am
598 1038 682 1085 ειάς
710 1041 871 1078 inferius
906 1055 937 1077 c.
959 1042 1031 1081 65.
1045 1068 1056 1087 ,
1091 1042 1156 1077 ubi
1181 1041 1314 1077 itidem
1353 1039 1540 1091 Θιραιάς
1570 1042 1686 1078 sicuti

233 1102 271 1131 et
293 1096 336 1132 in
357 1094 548 1133 Strabone
573 1095 616 1132 L.
642 1095 668 1134 l.
692 1109 726 1145 p
752 1098 854 1139 114.
898 1097 1036 1134 Melius
1057 1096 1300 1147 Stephanus,
1333 1094 1494 1148 Θυρέα,
1526 1096 1615 1149 περὶ
1636 1095 1686 1147 ἧς

227 1147 414 1203 ''Amet-Tot
434 1150 502 1191 καὶ
521 1149 850 1203 Λακεὰαιμόνιοι
873 1151 1144 1204 ἐπολέμησαν.
1168 1174 1216 1181 -·-
1239 1151 1394 1204 λέγεται
1423 1151 1467 1191 δὲ
1496 1153 1563 1191 καὶ
1585 1153 1688 1204 πλη-

233 1209 454 1253 θυντικῶς.
503 1207 555 1245 Et
576 1206 717 1245 Strabo
738 1209 779 1246 L
800 1209 901 1247 vul.
923 1223 957 1261 p.
984 1212 1086 1249 577.
1079 1237 1101 1255 .,
1133 1216 1246 1259 atque
1269 1210 1308 1246 in
1331 1216 1557 1259 argumento
1591 1223 1687 1258 cap„

233 1264 354 1302 fronti
384 1263 496 1302 huius
524 1265 615 1302 libri
643 1268 890 1314 praescripto
945 1264 1055 1303 Conf.
1091 1265 1139 1304 ls.
1173 1264 1386 1303 casaubon.
1422 1267 1462 1300 in
1494 1264 1620 1302 Strab.
1652 1264 1684 1304 1.

233 1320 405 1371 p.114
419 1347 430 1365 ,
458 1327 496 1357 et
525 1320 709 1370 Sylburg.
744 1321 790 1359 ad
815 1322 976 1359 Pausan.
1002 1321 1049 1359 ll.
1073 1323 1145 1360 39.
1178 1334 1212 1370 p
1242 1323 1344 1362 178.
1374 1320 1508 1358 ἏῘΕεε.

350 1377 454 1416 508
485 1377 557 1416 15.
607 1375 731 1429 ΙΙλὴν
759 1392 807 1428 τη-
815 1392 833 1423 ς
857 1380 932 1417 κα7
925 1393 1035 1427 ουμε
1030 1376 1112 1428 ’νης
1148 1370 1364 1427 Tezoano')
1370 1376 1472 1427 ἕως]
1516 1376 1618 1414 ldem
1640 1388 1689 1413 ex

234 1429 334 1470 Istro
359 1432 546 1470 docetur
536 1445 578 1470 m
600 1431 730 1471 Schol.
754 1432 956 1485 Sophoclis
975 1434 1112 1482 Oedip.
1134 1432 1268 1470 Colon.
1288 1446 1325 1470 v.
1340 1434 1446 1472 689.
1475 1432 1692 1472 Λακεδαι-

234 1482 370 1540 μόνιοι
391 1502 466 1539 την
487 1485 633 1553 λοιπην
660 1492 736 1540 γῆν
758 1489 965 1542 δῃοῦντες,
989 1492 1063 1540 τῆς
1083 1487 1158 1540 μὲν
1186 1484 1471 1538 τετραπόλεως
1492 1486 1691 1539 ἀπέσχον-

236 1558 283 1583 το
319 1541 387 1583 διὰ
415 1540 514 1589 τοίς
540 1530 835 1596 εΗρακλείὸας.
883 1545 1113 1584 Heraclidae
1144 1544 1382 1593 Tetrapolim
1412 1544 1586 1592 Atticae,
1613 1552 1693 1582 tota

239 1599 402 1638 Graecia
426 1606 624 1647 extorres,
653 1603 912 1648 incoluerunt,
939 1602 1065 1651 Eurys
1071 1600 1272 1650 theumque
1305 1601 1551 1639 invadentem
1578 1614 1693 1650 repu-

238 1658 366 1694 lerunt
396 1656 718 1704 occideruntque,
748 1660 861 1695 sicuti
891 1657 934 1698 L
957 1657 1020 1695 lv.
1043 1659 1115 1699 57.
1149 1657 1341 1726 proditum
1361 1658 1448 1697 fuit.
1491 1657 1585 1696 Mox
1604 1670 1692 1694 ora-

237 1713 357 1749 tionis
379 1715 497 1749 series
515 1715 678 1761 requirit
701 1714 906 1751 manifesto
940 1713 1098 1752 δίκαιον
1121 1711 1199 1765 γὰο
1219 1709 1395 1766 ἡγοῦντο
1415 1728 1513 1760 τους
1533 1711 1655 1765 εὐηογ
1658 1728 1694 1753 e*

236 1763 418 1819 τηκότας
440 1782 538 1813 τους
569 1765 798 1820 npoydvovg
826 1789 873 1797 --
901 1766 1222 1820 ἀπολαμβάνειν.
1275 1768 1374 1807 Nam
1404 1770 1505 1817 quod
1534 1773 1575 1807 in
1599 1769 1692 1806 Cod.

238 1824 388 1861 Veneto
405 1826 617 1890 reperitur,
644 1838 723 1863 non
744 1827 943 1865 satisfacit.
984 1825 1122 1876 Lysias
1141 1825 1248 1864 Orat.
1267 1824 1380 1863 XlX.
1407 1828 1477 1866 10.
1508 1828 1596 1873 πῶς
1619 1840 1692 1864 ουν

240 1878 287 1920 οὐ
304 1877 386 1932 χρη
406 1877 528 1933 χάοιν
550 1896 633 1930 παρ
667 1877 785 1931 υιιῶν
809 1877 1134 1932 ἀπολαμβάνειν,
1157 1881 1191 1923 εἴ
1210 1883 1388 1922 τοιοῦτοι
1409 1880 1541 1932 ἐσμεν
1560 1882 1695 1919 WESS·

356 1937 461 1978 508.
490 1938 565 1977 22.
599 1934 822 1976 ἓΕνέπεσον
857 1937 913 1983 εἷς
942 1935 1130 1988 λοιμικήν
1160 1937 1423 1989 περίστασιν]
1463 1936 1559 1975 Vide
1582 1937 1692 1974 Thu-

241 1991 430 2041 cydidem,
459 1991 558 2030 hanc
578 1994 679 2032 luem
702 1996 855 2045 egregie
878 1994 1169 2042 describentem,
1188 1992 1231 2031 L.
1251 1993 1385 2033 11.47.
1416 2000 1453 2031 et
1471 1993 1695 2032 Lucretium
1728 2038 1732 2040 .

242 2047 306 2084 Vl.
331 2049 468 2088 1130.
504 2049 638 2086 VVEss.

358 2105 462 2144 509.
493 2106 566 2144 37.
603 2102 869 2156 Ἔζημιίυσαν
890 2102 1018 2145 αὐτὸν
1040 2100 1295 2158 ὀγδοήκοντα
1314 2099 1558 2155 ταλάντοις]
1595 2104 1698 2143 Mul-

245 2165 345 2197 ctam
365 2173 444 2197 non
475 2162 675 2209 praeteriit
698 2161 874 2213 Thucyd.
897 2161 944 2202 ll.
968 2162 1059 2209 65„
1092 2162 1159 2200 sed
1182 2163 1317 2209 quanti
1346 2163 1393 2198 lis
1424 2165 1623 2200 aestimata
1649 2164 1701 2199 sit

244 2228 323 2253 non
344 2216 500 2253 addens.
542 2216 592 2254 At
612 2217 713 2257 Plut.
740 2218 878 2255 Pericl.
910 2231 944 2267 p.
972 2220 1076 2259 171.
1098 2217 1145 2258 E.
1178 2221 1243 2267 qui
1263 2219 1459 2255 minimam
1484 2221 1565 2255 eius
1595 2232 1698 2256 sum-

245 2284 344 2309 mam
370 2272 563 2319 referant,
590 2284 649 2311 xv
680 2276 858 2320 talentis,
891 2276 956 2323 qui
987 2276 1214 2320 maximam,
1244 2275 1523 2323 quinquaginta
1542 2276 1697 2312 talentis

244 2326 392 2367 finitam
407 2328 570 2377 tradere,
594 2331 730 2378 prodit.
762 2330 873 2369 Unde
888 2331 933 2367 de
945 2331 1083 2368 mendo
1100 2330 1265 2367 suboriri
1280 2332 1446 2380 suspicio
1462 2338 1603 2378 posset,
1621 2332 1700 2369 nisi

247 2386 341 2421 satis
367 2385 529 2432 liqueret
544 2412 555 2430 ,
582 2385 716 2425 Nostri
737 2386 1015 2424 Bibliothecam
1036 2385 1285 2424 Plutarchum
1307 2388 1536 2437 neglexisse.
1566 2387 1699 2425 VVESS.

364 2440 469 2480 509.
515 2442 589 2481 44.
632 2438 983 2494 Ἐπαμινώνδου]
1034 2443 1184 2481 Nomen
1215 2450 1348 2479 notum
1378 2450 1416 2479 et
1452 2444 1600 2481 celebre
1629 2455 1698 2491 pro

250 2496 383 2545 ignoto
402 2503 613 2545 posuerunt
640 2501 910 2549 exscriptores.
951 2497 1029 2536 Sed
1050 2498 1144 2536 haec
1166 2501 1385 2537 terminatio
1408 2502 1577 2537 nominis
1594 2499 1698 2537 The-

251 2551 367 2588 banis>
382 2553 610 2601 peculiaris
635 2567 714 2593 non
736 2562 793 2593 est
819 2554 958 2593 Attica.
993 2553 1151 2604 Repone
1181 2555 1361 2591 audacter
1378 2552 1700 2604 Ἔπαμείνιυνος,

251 2613 295 2643 ut
319 2614 378 2643 est
405 2608 505 2659 apud
528 2608 666 2647 Athen.
696 2611 738 2649 L.
761 2611 806 2648 V.
835 2613 906 2651 18.
950 2609 1072 2660 Saepe
1096 2613 1137 2649 in
1170 2624 1214 2647 ea
1234 2624 1329 2649 voce
1358 2617 1526 2649 erratum
1547 2619 1625 2658 est,
1654 2617 1699 2647 ut

250 2663 350 2709 apud
362 2662 576 2714 Diogenem
596 2665 818 2706 Laertium
809 2680 849 2705 in
859 2666 1021 2704 Platone
1044 2665 1146 2719 (Lib.
1170 2666 1236 2705 111.
1248 2664 1310 2718 3.)
1330 2666 1510 2717 legitur
1493 2665 1549 2707 ἐπ’
1567 2665 1700 2718 Ἀμει-

259 2733 345 2758 nov
373 2733 443 2770 pro
470 2717 790 2774 Ἐπαμείνωνος.
819 2723 950 2761 ΡΑιΜ.
990 2722 1175 2777 Magnum
1197 2729 1390 2761 certamen
1418 2730 1476 2760 est
1496 2722 1701 2761 Archontis
