1828 3253
304 144 394 184 186
767 135 1285 176 ANNOTATIONES

296 255 461 294 trecenti
477 252 592 298 anni,
620 250 687 299 qui
709 249 756 288 ad
778 249 1033 299 Sardanapali
1064 252 1286 300 imperiique
1306 251 1506 288 interitum
1527 257 1744 300 supersunt,

297 314 410 349 nimii
440 315 530 346 sunt
558 315 720 356 quatuor
759 307 929 358 regibus.
977 306 1182 354 Africano,
1216 309 1324 343 cuius
1355 309 1503 343 auctior
1533 309 1743 357 catalogus,

298 367 509 404 Teutamus
537 377 672 414 regum
705 363 954 413 Assyriorum
986 373 1122 399 xxvll.
1151 369 1210 399 est
1231 363 1331 410 apud
1362 362 1534 412 Syncell.
1569 375 1604 410 p.
1631 365 1744 410 l5l.,

298 422 525 472 Cephalioni
553 433 646 457 vero
669 430 776 458 xxll.
800 433 822 456 a
842 418 933 455 Belo
964 422 1006 456 in
1038 419 1208 455 eiusdem
1239 418 1527 469 Chronograph.
1557 431 1592 466 p.
1617 419 1744 465 168.;

297 481 364 528 qui
383 479 533 514 numeri
551 476 688 513 menda
717 477 749 512 si
769 482 945 521 careant,
983 477 1235 524 melioresque
1256 477 1334 511 sint
1352 475 1581 512 Eusebianis
1601 473 1742 511 Chron.

296 549 334 586 p.
358 536 452 580 30.,
485 533 550 570 ubi
573 528 788 577 Tmsszwog
819 529 995 580 ἕβδομος
1024 530 1091 569 καὶ.
1116 528 1322 577 εἷκοστός,
1355 533 1412 568 uti
1435 531 1587 578 quidem
1616 532 1744 579 suspi-

296 603 386 628 cor:
426 603 516 626 nam
545 598 654 624 xxm
686 589 872 624 duntaxat
903 600 1037 638 regum
1068 587 1316 636 Assyriorum
1348 590 1504 624 nomina
1536 600 1584 623 ex
1615 585 1745 623 Ctesia

296 648 453 697 cognita
473 658 555 681 esse
573 644 781 692 Cephalion
801 643 1093 690 adfirmaverat,
1122 642 1288 681 Diodori
1306 646 1534 693 scripturam
1556 643 1658 680 haud
1676 654 1745 690 pa-

295 717 383 741 rum
401 705 534 739 iuvare
559 707 751 750 poterunt.
788 700 924 738 wass,

413 770 515 809 136.
550 769 620 807 53.
670 765 756 805 Τὸν
780 765 824 805 δὲ
848 761 1066 816 Τεύταμον
1085 764 1258 818 μυρίους
1279 765 1376 816 etc.]
1409 765 1601 803 Troianos
1622 765 1743 816 Assy-

292 827 439 863 riorum
465 825 599 873 opibus
622 826 736 860 nixos
760 823 942 859 fidentius
966 825 1007 859 in
1028 824 1171 859 bellum
1192 837 1276 859 cum
1299 823 1457 859 Graecis
1487 836 1568 859 esse
1595 825 1744 872 ingrcs-

294 895 359 919 sos
390 889 427 918 et
447 881 557 918 Plato
581 879 647 916 ΙΙΙ.
680 879 724 915 de
755 878 829 915 LL.
863 893 897 928 p.
923 879 1028 918 685.
1055 877 1096 915 C.
1129 879 1334 928 significat.
1380 879 1457 915 Iam
1487 879 1587 927 quod
1607 871 1743 915 Claris.

294 935 638 975 Schurzsseischius
670 937 710 972 in
744 934 864 971 Notit.
894 933 1075 971 Biblioth.
1127 934 1259 972 Vinar.
1292 948 1327 983 p.
1362 935 1465 974 184.
1513 934 1743 971 Teutamum

292 1007 378 1031 cum
410 992 580 1029 Tithono
612 991 833 1027 confudisse
864 989 1078 1029 Diodorum
1106 990 1231 1029 videri
1274 997 1428 1038 censet,
1457 990 1497 1027 id
1525 992 1745 1040 properanti

293 1050 486 1087 excidisse
510 1048 688 1084 arbitror.
720 1046 854 1083 VVRss.

409 1118 511 1157 136.
547 1116 621 1155 62.
667 1112 892 1165 Κληθέντα
916 1110 981 1152 ἀπ’
1016 1111 1168 1154 ἔκειίνου
1189 1109 1458 1164 ῘΙΙελιινόνεια]
1500 1111 1644 1164 Regiae
1667 1112 1743 1149 Su-

292 1187 422 1212 sorum
442 1173 482 1210 id
503 1173 622 1209 fuisse
652 1183 865 1221 cognomen
893 1169 1078 1210 Herodot.
1101 1171 1146 1207 V.
1169 1172 1239 1210 53.
1276 1170 1414 1207 Strabo
1437 1169 1525 1206 XV.
1548 1184 1585 1219 p.
1608 1170 1742 1209 1058.

295 1230 336 1268 C.
370 1230 520 1266 Aelian.
548 1228 593 1265 V.
630 1225 680 1263 H.
711 1227 756 1264 A.
793 1229 830 1267 1.
860 1234 897 1264 et
926 1226 1035 1264 XIII.
1070 1229 1140 1268 18.
1174 1226 1338 1264 Pausan.
1380 1226 1444 1263 IV.
1476 1227 1548 1265 31.
1578 1239 1613 1276 p.
1637 1226 1742 1266 356.

293 1289 552 1324 consentiunt.
585 1283 720 1321 Wssss.

408 1355 511 1395 136.
541 1352 613 1392 64.
650 1346 890 1404 Λεωφόρον
911 1345 1035 1401 ἶιὸδν]
1064 1351 1176 1387 Viam
1198 1349 1320 1397 hanc,
1348 1363 1414 1399 per
1432 1351 1652 1387 mansiones
1676 1349 1743 1386 de-

291 1412 496 1459 scriptam,
528 1409 741 1447 Pausaniae
763 1415 886 1444 aetate
909 1407 1084 1457 Phryges
1116 1420 1274 1457 peregre
1295 1406 1589 1443 advenientibus
1613 1413 1743 1443 osten-

291 1469 449 1514 tabant,
473 1465 516 1502 L.
539 1464 593 1501 X.
621 1465 693 1503 31.
727 1476 761 1512 p.
787 1464 889 1503 875.
930 1463 1119 1515 Poggium
1142 1477 1235 1500 vero
1267 1465 1369 1499 viam
1401 1463 1629 1514 leopltoram
1653 1475 1741 1499 ver-

292 1530 438 1560 tentem
473 1524 553 1559 leni
582 1520 737 1558 brachio
767 1520 978 1571 castigavit
1009 1520 1051 1556 L.
1080 1518 1183 1558 Cael.
1215 1518 1460 1570 Rhodiginus
1488 1518 1598 1556 XIH.
1638 1517 1742 1555 Lect.

293 1579 428 1629 Antiq.
462 1579 529 1618 19.
566 1576 700 1613 IVEss.

407 1636 510 1675 136.
555 1634 627 1674 66.
685 1630 894 1684 Λέγοντες
934 1629 975 1669 ἓν
1010 1628 1174 1677 ἐκείνοις
1203 1634 1289 1677 τοῖς
1326 1625 1468 1677 τόποις
1503 1629 1739 1683 γεγονέναι]

289 1690 543 1741 Aethiopum,
587 1689 756 1739 Aegypti
784 1689 991 1734 adfinium,
1040 1700 1196 1724 caussae
1226 1689 1489 1735 patrocinatur
1518 1688 1741 1724 Philostrat.

290 1748 356 1784 VI.
377 1748 453 1784 Vit.
472 1746 580 1796 Apol.
600 1746 642 1785 4.
672 1752 709 1781 et
728 1743 881 1781 Heroic.
903 1743 968 1780 111.
990 1743 1052 1790 4.;
1086 1742 1196 1780 Susis
1229 1751 1341 1791 atque
1361 1756 1408 1779 cx
1430 1743 1557 1780 Media
1587 1746 1740 1781 venisse

289 1803 455 1840 Pausan.
476 1802 528 1839 X.
555 1803 628 1841 31.
658 1808 695 1839 et
716 1803 796 1837 eius
818 1802 985 1850 vestigia
1005 1813 1179 1848 premens
1214 1798 1356 1836 Suidas
1383 1799 1553 1847 prodidit
1580 1802 1621 1836 in
1646 1797 1738 1839 RH-

289 1873 417 1911 μνων*
441 1861 516 1896 alia
536 1857 697 1894 Diodor.
717 1857 819 1894 infra
838 1856 900 1893 IV.
917 1857 1011 1903 77.;
1035 1868 1108 1904 qua
1130 1856 1359 1904 scriptorum
1378 1856 1573 1892 discordia
1594 1858 1635 1892 in
1655 1869 1739 1893 eam

289 1916 461 1953 adducor
491 1915 738 1964 opinionem,
769 1920 812 1949 ut
844 1912 1061 1949 Memnonis
1093 1911 1140 1948 ad
1163 1910 1320 1948 Troiam
1341 1912 1628 1961 expeditionem
1658 1925 1738 1949 non

289 1972 496 2009 admodum
527 1977 669 2007 certam
707 1970 860 2017 opiner,
893 1982 915 2005 a
945 1968 1106 2004 Graecis
1138 1974 1224 2015 post
1265 1967 1498 2014 Homerum,
1533 1974 1577 2004 ut
1606 1969 1738 2015 multa,

288 2031 496 2078 pigmentis
518 2028 681 2075 fucoque
702 2032 947 2061 exornatam:
975 2037 1045 2060 nec
1070 2030 1210 2060 temere
1232 2030 1362 2060 tamen
1383 2037 1590 2074 negavero,
1616 2025 1738 2060 fuisse

288 2085 413 2121 veteri
433 2096 528 2120 aevo
554 2084 765 2131 principem
794 2080 864 2118 hoc
886 2081 1064 2126 nominc,
1089 2082 1154 2128 qui
1176 2093 1223 2116 ex
1243 2080 1419 2130 Aegypto
1451 2081 1644 2128 profectus
1675 2082 1738 2116 vi-

290 2141 429 2176 ctricia
448 2152 515 2187 per
535 2139 666 2175 Asiam
685 2151 789 2174 arma
811 2138 1106 2183 circumtulerit,
1131 2143 1168 2172 ct
1187 2138 1351 2185 plurima
1371 2138 1538 2173 nominis
1563 2137 1624 2172 sui
1646 2137 1738 2174 reli-

290 2197 419 2245 querit
436 2201 695 2234 monumenta.
732 2193 819 2231 vid.
844 2206 945 2242 supr.
967 2192 995 2229 Ι.
1019 2193 1093 2231 47.
1123 2192 1261 2231 VVEss.

407 2264 507 2303 136.
534 2264 605 2302 72.
633 2257 737 2300 (Υπὸ
767 2259 987 2299 Θετταλῶν
1007 2257 1322 2311 ἒνεὸρὲυθέντα]
1349 2259 1563 2305 Pindarus,
1589 2260 1749 2310 primus.

288 2332 442 2366 eorum,
482 2331 642 2366 quorum
672 2318 783 2354 nobis
823 2329 925 2353 nunc
956 2319 1084 2365 copia,
1125 2316 1292 2352 fabulam
1328 2317 1534 2352 luculentis
1561 2317 1737 2353 versibus

290 2376 499 2411 celebravit
521 2374 593 2410 Od.
614 2374 677 2410 Vl.
699 2373 921 2410 Nemeonic.
944 2379 981 2408 et
1003 2372 1066 2408 VI.
1080 2371 1206 2422 Pyth.,
1229 2378 1314 2420 post
1334 2372 1423 2408 dein
1448 2373 1613 2415 Quintus
1626 2371 1736 2409 Cala-

288 2432 356 2468 ber
377 2431 423 2467 H.
457 2431 561 2469 540.
602 2429 792 2466 Homerus
825 2431 926 2465 enim
949 2427 1090 2478 Odyss.
1114 2427 1176 2466 A.
1202 2429 1304 2467 521.
1335 2427 1553 2464 Memnonis
1582 2428 1735 2476 quidem

288 2489 568 2532 commeminit,
599 2486 643 2521 de
667 2485 822 2522 insidiis
844 2491 881 2521 et
901 2498 992 2521 nece
1015 2484 1125 2521 nihil.
1144 2483 1253 2520 Conf.
1277 2483 1332 2522 10.
1360 2483 1564 2520 Marsham.
1589 2483 1733 2521 Canon.

291 2541 472 2580 Chronol.
505 2555 540 2590 p.
560 2542 667 2580 431.
708 2541 841 2578 Wssss.

405 2611 506 2649 136.
541 2611 612 2648 78.
666 2604 922 2658 Τριακοστός
952 2605 1028 2657 μὲν
1050 2603 1105 2645 ὢν
1130 2603 1210 2645 ἀπὸ
1233 2604 1387 2652 th'vov]
1434 2605 1518 2645 Ista)
1550 2604 1734 2656 πέμπτος

289 2679 336 2702 ex
366 2665 532 2702 Eusebio
573 2664 790 2700 addendum
821 2666 1031 2700 arbitratur
1064 2663 1122 2699 lll.
1166 2662 1340 2712 Scaliger
1370 2662 1418 2698 ad
1448 2665 1554 2699 illius
1590 2662 1730 2699 Chron.

287 2737 321 2771 p.
342 2722 473 2768 254,
506 2722 568 2757 cui
588 2726 723 2757 contra
745 2720 974 2756 concordem
993 2726 1166 2756 veterum
1186 2717 1304 2754 Codd.
1327 2732 1554 2755 consensum
1573 2725 1611 2754 et
1634 2717 1730 2756 Dio-

287 2779 371 2815 dori
401 2779 548 2826 ipsius,
574 2786 666 2812 xxx
693 2780 848 2827 γενεαῖς
877 2788 943 2812 seu
973 2788 1106 2826 regum
1129 2775 1338 2821 aetatibus,
1372 2776 1429 2811 uti
1457 2787 1570 2822 supra
1602 2781 1731 2811 osten-
