1828 3253
450 163 512 202 IN
541 162 653 203 LIB.
685 162 741 201 11.
771 161 898 200 CAP.
927 163 1153 207 iza—28.
1437 164 1524 205 191

82 272 467 345 καταρρηγνῦμενον
489 278 596 314 dabit
616 275 731 313 Basil.
748 275 798 313 Μ.
812 274 955 312 Homil.
977 275 1019 311 in
1033 274 1220 311 Gordium
1241 272 1288 310 T.
1301 274 1349 312 ΙΙ.
1370 288 1405 326 Ρ.
1422 276 1525 316 147.

80 335 123 373 C.
154 332 352 389 ῥαγδαῖον
372 331 484 385 ὕδωρ
514 333 738 370 Philostrat.
761 332 825 369 VL
849 331 928 367 vit.
962 330 1086 378 Apoll.
1112 323 1186 370 26.
1236 330 1285 367 w
1292 342 1375 367 sss.

200 392 302 431 141-
336 392 407 430 77.
436 390 509 435 Εἷς
526 387 599 428 τοι
622 387 663 426 ἓν
681 386 787 440 μέσῃ
810 389 858 440 τῖ’]
881 389 992 441 πυρᾶ
1017 408 1063 414 -
1088 382 1223 436 οῗκον]
1264 386 1429 424 Uberius
1453 400 1526 438 py-

81 459 164 485 ram
193 446 292 484 hanc
326 447 508 482 describit
529 444 675 481 Ctesias
704 447 743 481 in
775 443 911 480 Athen.
934 442 1023 480 Xll.
1049 444 1088 482 7.
1117 455 1153 490 p.
1179 444 1282 482 529.
1305 442 1349 482 Β.
1390 444 1437 480 ΧΥ
1444 455 1524 481 ass.

197 505 299 544 141.
332 504 404 543 82.
432 498 698 546 Ἕνδῦσαντες
720 497 795 551 τὴν
824 497 1040 549 [βασιλικὴν
1073 495 1253 550 στολι)ν]
1303 499 1446 536 Eadem
1467 507 1526 536 est

82 572 126 596 ac
150 558 412 596 Semiramidis
431 559 518 604 illa,
553 557 598 593 de
621 570 693 604 qua
715 570 747 592 c.
772 558 836 602 6.;
874 567 1099 604 quamquam
1130 556 1238 604 regia
1267 553 1366 591 haud
1397 558 1525 603 paullo

80 617 311 665 pretiosior,
349 627 442 651 auro
469 615 684 662 lapillisque
719 612 922 658 distincta,
965 613 1022 648 uti
1050 612 1200 648 monuit
1228 608 1270 647 B.
1301 610 1525 648 Brissonius

81 671 111 709 1.
141 671 236 721 Reg.
265 671 370 708 Pers.
408 671 478 709 56.
498 678 567 706 etc.
612 670 746 706 Wrss.

197 727 301 768 141.
332 727 406 766 91.
446 725 532 765 Καὶ,
552 728 635 765 τῶν
656 722 791 764 ἄλλων
809 722 1047 774 βασιλείων]
1079 721 1149 760 Cui
1167 722 1268 760 bono
1290 723 1525 761 adiectis-um

79 779 216 822 ἄλλων
247 782 310 819 hic
340 785 554 829 inseratur,
592 794 671 818 non
701 783 910 830 perspicio:
953 782 986 816 si
1014 781 1185 826 abesset,
1215 786 1282 816 aut
1313 793 1524 828 pronomen

80 841 164 875 eius
191 840 315 876 locum
338 845 562 886 occuparet,
592 839 717 874 lenius
739 839 859 874 oratio
882 836 1123 882 decurreret3
1156 849 1226 886 ego
1248 835 1398 883 quidem
1421 843 1524 872 certe

79 907 159 931 non
178 908 410 932 revocarem.
442 894 494 932 lo.
521 893 685 931 'l'zetzes
707 893 799 929 haec
820 892 982 929 Chiliad.
1006 891 1072 928 Ill.
1094 893 1200 932 430.
1228 905 1437 940 excerpens
1461 905 1523 928 sa-

79 953 129 987 tis
151 953 414 1002 negligenter,
440 953 519 987 nisi
540 951 574 986 si
593 951 733 988 vitiosa
753 951 833 986 illic
855 951 934 985 sint
955 950 1086 996 plura,
1113 962 1194 984 rem
1214 947 1521 984 administravit:

78 1007 173 1044 facit
194 1011 295 1044 euim
325 1020 372 1044 ex
394 1006 588 1055 Euphrate
610 1006 763 1052 Nilum,
797 1017 845 1042 ex
877 1005 1025 1042 Arbace
1045 1004 1259 1053 Arsacem,
1293 1016 1363 1040 nec
1395 1011 1522 1041 cetera

78 1070 181 1100 recte
206 1063 358 1114 digerit.
398 1063 448 1100 W
453 1073 532 1100 Ess.

194 1121 296 1160 lll
327 1120 366 1158 3.
407 1113 819 1171 Παραστνσὰιιενος,
849 1113 953 1167 μετὰ
973 1118 1047 1167 τ7ς
1073 1115 1228 1155 σποὸοὗ
1252 1122 1322 1152 etc.
1334 1115 1351 1166 ]
1402 1114 1461 1153 Ita
1489 1117 1524 1153 si

80 1173 317 1225 distinguas,
350 1177 457 1212 nulla
478 1188 613 1226 caussa
643 1177 728 1220 erit,
757 1186 824 1210 cur
853 1171 1037 1223 σπουδῆς
1059 1172 1310 1220 v.,ocabulu1n
1341 1174 1448 1209 cuius
1483 1179 1522 1209 et

77 1233 333 1279 praesentiam
353 1242 449 1279 quae
480 1237 787 1279 consequuntur,
815 1241 894 1266 non
921 1229 1070 1274 ferent,
1101 1241 1149 1264 ex
1168 1226 1284 1266 Coisl.
1315 1235 1353 1265 et
1381 1227 1521 1265 Mutin.

77 1285 368 1323 adsciscendum
388 1294 572 1323 autumes.
619 1286 715 1323 Vide
739 1297 841 1332 supr.
876 1283 904 1320 Ι.
938 1285 1011 1323 95.
1051 1284 1100 1321 u*
1104 1295 1186 1323 Ess.

195 1345 298 1383 141-
346 1344 386 1383 6.
440 1340 520 1381 'En'
567 1337 818 1396 αὗτοᾳόοῳ]
877 1340 1045 1391 Legatur
1086 1334 1334 1394 αὖτοςιώρω.
1383 1337 1520 1377 RHOD.

77 1398 356 1450 Μηνυθείσης
380 1419 428 1426 -
428 1394 635 1467 πράξεως
667 1370 955 1464 αὐτοφώρου]
986 1395 1203 1433 Festinanti
1228 1381 1416 1433 Rhodom.
1438 1398 1522 1434 sol-

76 1455 215 1492 lemnis
233 1452 439 1492 formula
422 1452 478 1493 ἐπ’
511 1452 644 1521 miscus
651 1449 744 1507 ὥρῳ
767 1452 894 1490 fraudi
912 1453 999 1491 suit.
1043 1451 1087 1488 ld
1107 1453 1224 1499 bene,
1248 1452 1350 1499 quod
1370 1455 1411 1489 in
1430 1454 1521 1490 vul-

76 1517 167 1561 gato
196 1507 380 1565 πράξεως
410 1506 647 1564 αὐτοᾳόρου
680 1512 819 1547 xitium
847 1509 1183 1555 animadverterit,
1229 1511 1344 1545 etiam
1382 1510 1520 1546 invitis

35 1594 39 1596 -
79 1565 212 1614 codd„
245 1569 360 1604 sicuti
377 1568 535 1614 factum,
566 1565 848 1617 corrigendum.
885 1560 1150 1618 Αὐτόᾳωρος
1168 1564 1252 1611 fur
1280 1565 1521 1611 munzfestus

77 1629 137 1659 est
166 1629 205 1659 et
236 1623 487 1671 consequenti
513 1625 686 1669 ratione,
712 1623 777 1670 qui
801 1623 930 1669 aliquo
960 1623 1002 1657 in
1026 1622 1168 1657 scelere
1198 1620 1519 1669 deprehenditur3

75 1679 178 1715 unde
207 1678 300 1731 δίκη
329 1676 438 1717 κατὰ
468 1674 725 1731 αὗτοιμύρων
758 1680 799 1714 in
829 1679 1000 1713 oratione
1029 1676 1236 1714 Octaviani
1265 1676 1438 1714 Caesaris
1467 1677 1518 1714 ad

75 1734 309 1781 Antonium,
346 1737 418 1772 etsi
442 1747 558 1783 prave
588 1715 706 1785 vulgo
739 1728 1008 1786 αὗτοςιόρων,
1037 1735 1151 1769 sicuti
1178 1732 1250 1770 hoc
1277 1735 1386 1780 loco,
1416 1733 1518 1782 apud

75 1791 239 1841 Appian.
263 1791 330 1828 ΙΙΙ.
358 1790 402 1830 Β.
427 1790 539 1828 Civil.
571 1802 606 1839 Ρ.
632 1792 735 1831 869.
766 1789 812 1825 de
845 1791 995 1825 actione
1027 1791 1069 1825 in
1096 1802 1340 1838 percussores
1373 1788 1517 1826 Caesa-

74 1849 153 1894 ris,
179 1854 216 1884 et
235 1842 417 1895 κολάζειν
438 1861 535 1892 τους
552 1842 825 1899 αὐτοαώοους
847 1843 1062 1894 'lhucydid.
1085 1844 1149 1881 VI.
1179 1846 1273 1885 38·
1263 1873 1274 1892 ‚
1301 1853 1518 1894 praeterea-

75 1914 148 1952 que
170 1903 314 1955 πρᾶξις
335 1898 604 1955 αὖτόᾳωρος,
631 1916 726 1952 quae
746 1901 952 1937 manifesto
972 1907 1146 1947 tenetur,
1179 1908 1217 1937 et
1237 1905 1413 1951 μοιχεῖαι
1439 1898 1517 1940 αὗ-

75 1955 260 2012 τόφωροι
289 1961 331 1996 in
364 1958 516 1996 Philon.
554 1958 636 1996 lud.
685 1958 744 1996 De
774 1956 866 2008 Leg.
912 1958 1065 2005 special.
1104 1969 1141 2005 Ρ.
1176 1958 1280 1998 785.
1312 1956 1359 1996 Α.
1402 1956 1516 1995 Conf.

74 2016 168 2053 infr.
187 2013 286 2052 XX.
305 2015 379 2054 44.
427 2014 478 2051 W
481 2024 562 2051 Ess.
675 2047 688 2055 ,

71 2090 74 2092 ’
190 2072 293 2112 141.
325 2073 396 2111 16.
434 2067 561 2109 Ἀλλὰ
590 2067 658 2107 καὶ
688 2063 841 2119 δόξαν]
887 2068 1081 2106 Omissum
1108 2071 1150 2105 in
1190 2071 1316 2117 priore
1343 2070 1514 2108 membro

74 2121 224 2177 μόνον,
251 2128 352 2164 utin
375 2126 435 2163 his
455 2124 666 2176 Hipparchi
686 2122 782 2164 οὐδὲ
809 2122 887 2177 γὰρ
908 2123 1030 2175 θέμις
1051 2123 1278 2177 ἄνθρωπον
1300 2123 1401 2165 ὄντα
1429 2129 1514 2166 τῶν

74 2180 302 2235 ἀλλοτρίων
323 2179 612 2233 συμπτώματα
636 2178 793 2232 εὔφορα
816 2180 1012 2231 νομίζειν,
1038 2178 1142 2219 ἀλλὰ
1168 2181 1236 2219 καὶ
1256 2179 1309 2220 τὰ
1331 2180 1415 2220 ἴὸια
1443 2178 1516 2221 κά-

78 2237 174 2288 δεα,
203 2241 246 2276 in
265 2238 319 2276 Io.
342 2238 499 2276 Stobaei
521 2238 643 2275 Serm.
675 2236 770 2274 CVI.
807 2249 841 2285 Ρ.
865 2238 989 2284 574.;
1027 2238 1137 2286 plura
1167 2237 1215 2273 ad
1243 2237 1272 2274 Ι.
1295 2238 1339 2277 4.
1377 2238 1513 2275 ἶΥΕεε.

190 2295 293 2335 142.
322 2297 396 2335 20.
436 2292 560 2334 Κατὰ
586 2289 728 2344 κώμας
751 2290 939 2347 διῴκισε]
992 2292 1034 2329 ln
1056 2294 1208 2330 urbium
1233 2296 1513 2342 eversionibus,

80 2362 166 2386 cum
197 2353 302 2389 cives
330 2351 586 2388 dissociantur
614 2357 652 2386 et
682 2352 722 2386 in
743 2352 852 2386 vicos
881 2351 1170 2397 conpelluntur,
1205 2349 1304 2386 nihil
1333 2350 1405 2387 hoc
1430 2365 1513 2387 cre-

76 2406 196 2445 brius.
227 2406 386 2445 Isocrat.
419 2407 524 2444 Orat.
548 2407 595 2443 ad
614 2405 777 2454 Philipp.
809 2418 844 2454 p.
871 2405 973 2444 132.
1004 2405 1050 2441 de
1081 2404 1414 2453 Lacedaemoniis,
1444 2406 1512 2445 καὶ

73 2460 337 2512 βουλομένων
357 2459 624 2516 λυμῂνασθαι
644 2458 720 2512 τὴν
738 2460 944 2499 Βοιωτίαν
966 2460 1032 2499 καὶ
1056 2460 1246 2500 ὁιοικίσαι
1268 2459 1342 2508 τὰς
1363 2459 1511 2509 πόλὲις.

73 2520 224 2564 Quare,
251 2517 511 2556 Phocensibus
533 2532 556 2556 a
573 2518 750 2565 Philippo
769 2518 926 2563 fractis,
953 2518 994 2553 in
1015 2516 1198 2554 Graeciae
1218 2519 1384 2555 concilio
1415 2532 1510 2556 con-

77 2576 252 2610 stitutum
270 2587 355 2611 cum
376 2582 475 2611 esset
494 2572 568 2621 τὰς
594 2569 730 2619 mnae
755 2576 838 2611 τῶν
865 2571 1043 2611 Φωκέων
1066 2570 1334 2623 κατασκάψαι
1367 2575 1433 2612 καὶ
1455 2574 1510 2620 εἷς

76 2625 219 2679 κώμας
237 2629 462 2680 μετοικίσαι
480 2632 583 2671 infra
604 2629 710 2666 XVI.
729 2631 820 2675 61„
851 2641 961 2676 saepe
985 2630 1044 2665 illi
1067 2628 1324 2683 διῳκισμένοι
1346 2631 1508 2667 Libanio

75 2686 237 2736 Apolog.
261 2684 455 2723 Demosth.
488 2686 534 2723 T.
558 2686 587 2723 I.
616 2698 651 2734 Ρ.
675 2686 781 2725 462.
803 2685 848 2723 Α.
884 2692 922 2720 et
949 2683 1204 2738 διῳκισμένοι
1231 2683 1336 2724 κατὰ
1367 2683 1508 2736 κώμας

75 2741 323 2779 Demostheni
342 2742 471 2793 Legat.
487 2742 586 2779 Fals.
610 2756 644 2791 p.
664 2744 769 2781 216.
813 2740 988 2777 Transiit
1016 2740 1105 2777 hinc
1125 2742 1283 2778 verbum
1303 2755 1422 2791 prono
1444 2742 1508 2778 ‹le-

75 2811 188 2836 eursu
208 2799 256 2835 ad
276 2799 437 2847 quodvis
457 2798 659 2836 discidium
678 2798 936 2835 indicandum.
965 2796 1078 2834 Philo
1109 2797 1189 2834 Iud.
1220 2797 1278 2834 De
1301 2797 1390 2834 Rer.
1410 2797 1489 2835 Div
