1828 3253
529 190 593 230 IN
622 189 735 230 121ss.
768 189 813 230 V.
852 189 978 230 CAP.
1019 192 1089 232 13.
1429 194 1522 235 415

86 311 155 344 tur
181 303 358 344 Alaliam
376 308 419 343 et
440 303 617 342 Caralim
637 304 738 342 idem
762 316 844 342 esse
863 304 1056 356 oppidum.
1105 302 1189 342 Nec
1208 309 1280 354 est,
1313 305 1419 356 quod
1435 307 1525 357 quis

80 368 204 414 putet
243 361 348 400 hanc
376 373 508 399 voce-m
547 363 587 398 in
623 359 804 399 Diodoro
840 373 924 399 esse
957 373 1050 399 cor}
1053 367 1213 413 uptam
1257 375 1349 400 nam
1377 362 1476 400 Mo,
1469 374 1525 403 us

88 420 211 456 etiam
239 423 281 456 et
302 417 525 458 Iov-mandes
551 423 699 454 vocant
731 417 939 464 Garulem,
964 430 1059 454 voce
1091 430 1141 454 ex
1174 416 1316 455 Garuli
1347 419 1522 468 deflexa.

90 475 235 526 Itaque
253 473 345 512 urbs
351 473 447 521 fuit
464 474 646 512 binomia.
689 473 810 511 Prius
827 486 962 510 nomen
980 487 1005 510 ιι
1023 473 1284 511 Pltocensibus
1302 476 1524 526 impositum

86 538 149 569 est
176 530 336 577 Alana,
376 531 482 580 quod
507 529 679 567 Romani
704 532 921 581 scriptores
950 536 1157 567 mutarunt
1183 532 1223 566 in
1253 530 1454 578 Acer-iam,
1485 537 1528 568 et

87 587 274 625 Zonaras
299 587 339 623 in
362 582 595 638 Οὐαλερίαν
620 586 834 623 Valeriam.
882 585 1088 624 Posterius
1120 586 1302 632 Caralis,
1334 589 1439 638 quod
1464 589 1527 625 illi

87 643 213 681 Poeni
231 643 421 680 indidere.
446 641 551 679 Haec
570 640 610 679 S.
629 641 841 679 Bochartus
861 641 904 679 L.
925 642 954 679 Ι.
984 642 1091 680 Phal.
1111 655 1144 681 c.
1169 643 1256 688 32„
1275 654 1434 690 quorum
1457 644 1524 680 ‹le-

85 698 372 736 scribendorum
391 698 559 736 taedium
578 698 783 746 devoravi,
812 705 876 746 ut,
907 698 999 747 quid
1019 711 1087 747 pro
1108 700 1267 749 vulgata
1288 699 1366 736 dici
1383 706 1525 748 posset,

85 760 246 805 pateret.
296 753 381 805 Ego
409 767 494 791 eam
519 761 735 802 corruptam
768 767 851 792 esse
884 767 962 793 non
994 755 1146 792 dubito:
1176 767 1299 803 neque
1331 759 1432 792 enim
1461 757 1525 793 vir

84 813 200 862 longe
220 810 465 848 doctissimus
494 811 695 858 probavit,
720 812 762 849 in
787 809 943 848 Corsica
964 811 1034 848 hoc
1064 813 1218 848 nomine
1238 811 1370 848 urbem
1392 812 1524 848 fuisse.

83 867 244 914 Florus,
275 879 350 916 quo
369 873 466 904 teste
483 869 626 915 utitur,
654 869 695 904 in
717 867 855 904 mendo
877 875 936 904 est
953 867 996 905 L.
1020 867 1067 905 11.
1086 869 1142 914 2.‚
1162 867 1263 916 quod
1284 868 1425 904 dudum
1448 869 1527 905 viri

84 925 232 975 egregii
252 924 441 960 eluerunt.
485 921 592 961 Flori
611 935 767 971 pravam
798 926 1025 972 scripturam
1049 931 1202 961 secutus
1225 924 1431 961 [ornandes
1453 930 1526 971 est,

81 987 128 1017 ut
150 981 258 1016 solet.
288 980 383 1023 Quis
402 992 492 1030 ergo
513 981 611 1016 alius
630 980 802 1029 opinioni
817 987 951 1017 auctor
969 979 1163 1029 superest?
1193 980 1274 1017 Nec
1292 981 1526 1028 rescripsero

84 1043 214 1073 tamen
243 1049 328 1072 eum
349 1034 537 1073 Palmerio
552 1033 768 1087 Ἀλαλίην,
795 1037 892 1084 quod
913 1037 952 1073 id
974 1037 1203 1074 vocabulum
1235 1038 1388 1087 longius
1408 1037 1527 1073 distet

84 1106 108 1130 a
131 1092 293 1138 Caluri,
316 1105 454 1129 >verum
479 1089 696 1140 Ἀλαρίαν,
725 1099 769 1128 ut
786 1091 855 1129 Ph.
885 1092 1086 1130 Cluverius
1114 1092 1160 1129 11.
1185 1091 1293 1129 Sicil.
1322 1093 1451 1142 Antiq.
1486 1105 1524 1141 p.

89 1150 207 1194 507.‚
239 1154 306 1185 aut
329 1144 526 1200 Ἀλερίαν.
558 1147 735 1195 Nicaea,
764 1160 858 1196 quae
887 1148 975 1185 huie
995 1151 1190 1199 iungitur,
1218 1148 1319 1186 haud
1349 1151 1526 1199 neglecta

85 1211 145 1242 est
164 1204 211 1242 ab
231 1203 545 1255 Ethnicographo
563 1207 604 1241 in
633 1204 812 1249 Νίκαια,
842 1207 955 1242 sicuti
983 1218 1005 1242 a
1029 1207 1219 1254 plerisque
1244 1207 1352 1252 aliis3
1385 1203 1526 1242 Cluve-

83 1262 166 1298 rius
197 1259 356 1297 eandem
386 1266 493 1308 putat
519 1273 563 1297 ac
595 1260 827 1298 fllarianum
856 1263 1067 1307 coloniam,
1097 1264 1318 1298 coniectura
1345 1263 1526 1312 eleganti,

85 1317 152 1354 sed
171 1316 296 1353 dubia.
327 1316 370 1353 ld
390 1316 532 1352 bonum
553 1317 720 1363 factum,
749 1330 823 1367 quo
842 1316 1004 1354 Paimer.
1055 1318 1213 1363 Φωκεῖς
1234 1317 1322 1354 hine
1341 1318 1527 1367 ablegan-

82 1373 152 1410 dos
173 1374 332 1410 censuit.
363 1371 619 1410 Consentiunt
634 1386 696 1410 res
708 1376 792 1422 ipsa
810 1380 849 1410 et
869 1376 1002 1423 scripti
1015 1372 1295 1423 Codd.‚quibus
1313 1386 1528 1425 repugnare

81 1431 326 1467 temerarium
347 1435 417 1465 est.
447 1428 582 1466 WEss.

196 1505 301 1545 341.
323 1505 396 1545 63.
426 1502 654 1556 Φυομένων
672 1501 832 1545 τούτων
855 1504 1069 1557 δαψιλῶν]
1099 1505 1289 1559 Suspicor
1307 1504 1528 1544 Diodorum

82 1563 289 1613 scripsisse
312 1560 513 1610 δαψιλῶς.
549 1560 635 1598 Non
657 1575 756 1611 nego
777 1569 921 1609 tamen,
953 1560 999 1602 τὸ
1031 1562 1223 1614 ὁαψιλιῖη
1244 1564 1527 1614 παίει-9110336.

83 1625 130 1655 at
149 1630 220 1668 ego
242 1620 301 1654 ita
321 1619 511 1669 suspicor.
550 1617 740 1668 Sequitur
752 1620 893 1669 paullo
906 1626 1016 1670 post,
1039 1619 1129 1669 dms
1124 1620 1203 1657 ιλ
1174 1634 1228 1666 ως
1242 1615 1375 1658 achra
1394 1622 1529 1657 ταῦτα

83 1671 365 1725 παρεχομέ1ης
394 1675 469 1724 τῆς
490 1669 655 1724 χώρας.
686 1674 752 1711 ubi
779 1688 904 1725 aeque
925 1678 1126 1726 potuisset
1153 1675 1309 1725 datust)
1274 1692 1323 1726 11).
1375 1674 1443 1711 Sic.
1474 1675 1527 1711 lo.

85 1729 234 1767 lensius
253 1729 376 1779 Epist.
399 1729 446 1766 ad
467 1729 519 1767 Io.
551 1729 598 1769 G.
630 1729 696 1766 Gr:
697 1733 835 1767 ievium
857 1743 893 1779 p.
919 1733 1038 1778 415„
1059 1733 1120 1768 cui
1138 1735 1355 1780 praeiverat
1372 1730 1530 1767 Rhodo-

85 1799 271 1833 mannus,
306 1785 439 1822 itidem
472 1785 661 1835 δαψιλῶς
688 1789 728 1823 in
751 1787 923 1824 Addend.
944 1790 1153 1838 corrigens.
1194 1788 1331 1824 Neutri
1367 1787 1527 1824 accedo:

84 1843 252 1891 adaeque
271 1844 372 1879 enim
396 1842 581 1879 conmode
605 1842 837 1880 adiectivum
866 1844 982 1880 simili
1003 1845 1207 1881 verborum
1229 1846 1268 1880 in
1303 1843 1438 1880 ordine
1461 1843 1529 1879 ad-

83 1898 267 1945 hibueris,
295 1909 407 1946 quam
424 1898 659 1935 adverbium.
691 1899 832 1936 Noster
851 1911 952 1947 supr.
977 1900 1004 1936 Ι.
1026 1901 1100 1939 34.
1132 1897 1265 1938 πολλὰ
1290 1898 1334 1938 δὲ
1355 1897 1460 1938 ἄλλα
1477 1920 1525 1926 -

84 1953 242 2005 δαψιλῆ
269 1950 415 2007 φύεται
437 1951 540 1993 κατὰ
565 1952 640 2006 τὴν
668 1953 896 2006 Ai‘yvnvov.
929 1962 967 1991 et
994 1957 1084 1993 infr.
1116 1970 1148 1995 e.
1178 1958 1246 1996 18.
1282 1955 1348 1994 καὶ
1381 1954 1530 2001 λίθους

84 1979 273 2061 δαψιλεῖς
293 2009 558 2049 ἐπιτιθέασιν.
602 2010 784 2060 Iosephus
814 2012 840 2048 1.
872 2010 973 2048 Beni
1003 2012 1031 2048 1.
1060 2026 1092 2048 c.
1118 2014 1192 2052 2]-
1222 2013 1290 2052 lO.
1322 2008 1425 2049 ἀλλὰ
1460 2010 1530 2049 καὶ

81 2071 169 2113 τοῖς
190 2064 346 2113 ἔξωθεν
367 2065 520 2116 τοίχοις
536 2088 583 2094 -
606 2089 653 2094 -
670 2082 804 2121 nerum
790 2070 963 2135 {ABG-931
985 2069 1087 2107 πλοι
1082 2083 1163 2107 το1
1184 2062 1529 2118 ὁαψιλ11μΑῙ1Ρίει-

83 2135 157 2160 nus
178 2121 391 2160 Mithridat.
412 2135 446 2187 p.
461 2123 565 2163 31..8
599 2119 732 2162 Κωων
753 2121 891 2162 αὐτῶν
909 2121 1012 2175 ἀσμε
998 2122 1097 2163 ς”ιιωι
1117 2122 1359 2175 ὁθχομέηυν.
1393 2125 1531 2172 quibus

83 2180 204 2225 loeis,
231 2180 340 2226 plura
362 2180 464 2216 enim
483 2192 588 2216 nunc
609 2192 686 2216 non
708 2179 869 2228 stipabo‚
900 2178 1138 2230 Appianus’
1117 2196 1221 2231 ασμι-
1207 2179 1327 2227 dmg,
1353 2186 1390 2217 et
1410 2180 1531 2217 ceteri

84 2206 287 2286 δαψιλῶς,
316 2237 350 2272 si
369 2236 497 2273 ‘animo
517 2236 571 2273 ita
583 2236 771 2284 libuisset,
794 2238 971 2286 amplecti
990 2243 1204 2285 potuerant.
1227 2237 1361 2274 WVEss.

198 2323 303 2362 341.
332 2324 406 2364 64
441 2321 506 2363 Τὰ
526 2320 689 2376 Κύρτια
709 2321 825 2377 ἀνὸρ.
847 2323 1054 2379 διίαᾳερειν
1076 2325 1191 2365 δοκεῖ
1205 2340 1239 2365 τ.
1262 2322 1324 2364 ἄλ.
1345 2320 1525 2376 δουλων]

87 2377 230 2415 Strabo
250 2382 419 2417 omnium
449 2383 683 2429 nequissima
714 2388 752 2418 et
770 2394 925 2429 prorsus
947 2384 1046 2419 nulli
1073 2385 1129 2420 rei
1152 2396 1234 2419 esse
1254 2382 1375 2419 tradit
1394 2395 1414 2418 e
1436 2380 1531 2418 Cor-

87 2436 168 2471 sica
187 2436 378 2484 mancipia
397 2436 442 2475 L
468 2436 512 2473 V.
537 2450 572 2486 p.
595 2438 723 2485 343&
753 2451 842 2487 prae
863 2452 903 2475 se
924 2441 1026 2476 enim
1055 2441 1190 2476 miram
1208 2439 1401 2475 feritatem
1428 2438 1530 2475 ferre

86 2503 131 2527 ac
152 2491 281 2527 indole
301 2504 384 2528 esse
405 2492 596 2541 belluina,
629 2500 902 2542 proptereaque
933 2503 999 2531 aut
1023 2497 1141 2532 vitam
1160 2497 1343 2546 gravari,
1374 2500 1462 2540 aut,
1489 2496 1531 2530 in

86 2559 131 2584 ea
156 2549 190 2583 si
218 2555 485 2596 perseverent,
521 2551 752 2598 inpatientia
780 2563 824 2587 ac
855 2551 1079 2598 stupiditate
1110 2551 1285 2588 dominos
1306 2550 1529 2587 obtundere.

84 2599 110 2654 ἢ
142 2600 220 2655 γὰρ
248 2600 323 2652 οὐχ
342 2598 590 2654 ὑπομένουσι
614 2604 706 2658 ζῆν,
736 2622 761 2657 1]
793 2606 938 2654 ζιῖητες
959 2604 1142 2661 ἀπαθείᾳ
1174 2606 1241 2645 καὶ
1272 2603 1532 2660 ἀιαισθησία.

87 2673 186 2704 τους
217 2655 433 2709 ὠιησαμέ1
436 2675 506 2706 ους
538 2659 802 2711 ἐπιτρίβουσι.
840 2662 971 2699 Wssss.
1027 2662 1257 2700 Strabonem
1286 2664 1310 2698 l.
1344 2662 1389 2698 V.
1427 2661 1531 2709 vide,

87 2716 154 2762 qui
176 2717 218 2751 in
241 2712 371 2751 Corsis
392 2719 590 2766 mancipiis
615 2716 807 2755 Romanos
827 2721 959 2756 mirari
980 2715 1026 2757 τὸ
1059 2718 1266 2771 θηυιῶὸες
1286 2733 1352 2756 και
1372 2720 1530 2769 βοσκη-

87 2769 278 2821 ματιῦὸες
313 2772 466 2819 scribit,
498 2773 611 2822 idque
644 2774 690 2810 de
715 2774 850 2812 Sardis
879 2787 1013 2812 verum
1044 2789 1125 2812 esse
1156 2776 1322 2812 refertm
1345 2775 1390 2810 ab
1418 2773 1529 2812 Eust.

89 2829 131 2864 in
152 2825 266 2864 Dion.
289 2828 344 2865 ita
363 2836 404 2866 ut
423 2829 525 2878 quod
545 2829 591 2866 de
615 2829 675 2868 his
696 2837 733 2868 et
759 2830 805 2868 de
826 2832 907 2869 illis
930 2833 1052 2882 possit
1071 2833 1252 2883 intelligi.
1279 2829 1450 2867 Rfflxes.
