1828 3253
370 210 434 250 ΙΝ
465 209 577 250 LIB.
603 209 730 267 Χίον.
772 210 899 252 CAP.
929 214 1160 256 23.—26.
1395 218 1484 258 737

149 324 255 365 660.
281 325 356 366 26.
393 321 618 377 Χρησίμην
648 319 748 377 ἡμῖν
773 320 942 365 ἔσεσθαι
972 324 1040 365 καὶ
1067 321 1240 380 ἀρετὴν]
1282 324 1370 380 Τὴν
1391 324 1483 381 ἀρε·

34 375 131 431 τὴν,
151 383 293 418 reiecto
315 378 405 427 καὶ,
436 387 476 417 et
495 394 586 418 mox
607 379 683 428 ἕως
704 378 753 420 ἂν
773 381 864 434 περὶ
883 377 1004 433 ἡμῶν
1025 388 1098 422 etc.
1132 384 1173 419 in
1193 390 1274 423 not.
1296 384 1481 424 Auctario

34 437 198 487 corrigit
217 435 540 484 Rhodomannus3
571 440 632 474 cui
663 438 836 486 equidem
869 438 915 475 de
939 440 1076 488 copula
1104 442 1298 488 assentio,
1327 441 1392 478 sed
1423 438 1480 490 ὥς

33 489 84 530 ἄν
105 506 182 530 non
202 500 318 530 muto.
348 492 474 529 Habet
491 495 592 530 enim
616 506 888 543 nonnunquam
907 495 1065 531 eandem
1086 497 1188 543 vim,
1214 509 1259 533 ac
1279 500 1480 547 quamdiu,

33 547 257 586 docentibus
286 548 455 587 Devario
486 556 524 586 et
541 548 592 588 H.
618 548 813 599 Stephano
843 549 958 588 Thes.
991 549 1120 588 '1¹.1v.
1147 564 1182 600 p.
1208 555 1312 593 817.
1347 555 1478 593 WEss.

143 617 248 656 660.
278 616 352 656 31.
393 612 587 669 Σώφιλον
606 613 680 655 τὸν
711 614 773 670 ἐφ’
799 612 1019 669 ἡγεμονίας
1047 616 1322 671 τεταγμένον]
1360 621 1477 660 Hunc

31 671 133 708 inter
151 672 384 721 praefectos,
415 674 585 720 quicum
617 672 719 723 Cyro
748 674 1029 723 expeditionem
1052 675 1133 711 sint
1162 677 1351 727 ingressi,
1381 691 1475 715 nus-

27 740 140 776 quam
161 730 330 765 invenio.
370 726 634 777 Sophaenetus
657 729 923 780 Stymphalius
946 743 968 767 a
986 727 1245 780 Xenophonte
1265 746 1375 784 saepe
1395 748 1474 772 me-

27 790 220 830 moratur,
249 796 320 820 nec
339 784 501 821 eundem
521 792 648 822 tamen
669 799 750 822 esse
770 786 915 823 dixero.
946 786 1081 824 W⁷ESS.

138 852 244 891 661.
273 851 345 890 52.
374 850 480 903 Περὶ
503 854 578 904 τῆς
602 850 665 890 ἐπὶ
689 848 909 892 θάλατταν
931 849 1230 907 καταβάσεως]
1262 854 1471 908 Regiones,

25 917 121 954 quae
148 909 190 944 in
215 920 319 944 mare
342 914 530 958 vergunt,
557 908 798 957 inferiores,
823 907 899 956 τὰς
930 907 1063 958 κάτω,
1091 924 1186 961 quae
1205 914 1428 964 longissime
1447 927 1472 953 a

23 963 120 999 mari
159 965 201 1000 in
231 963 510 1001 mediterranea
540 967 812 1016 porriguntur,
849 969 1098 1017 superioreS,
1141 964 1217 1015 τὰς
1246 966 1343 1009 ἄνω·
1380 970 1471 1008 inde

22 1014 225 1069 ἀνάβασιν
259 1019 305 1056 de
336 1022 496 1067 itinere,
541 1021 643 1069 quod
671 1024 711 1058 in
741 1022 925 1059 interiora
955 1025 1199 1072 provinciae,
1239 1021 1472 1076 κατάβασιν

23 1087 107 1111 cum
126 1088 262 1112 versus
281 1089 384 1112 mare
403 1083 647 1126 properatur,
676 1077 851 1115 adhiberi
869 1080 1100 1116 tralaticium
1120 1086 1190 1117 est.
1219 1080 1306 1118 vid.
1328 1095 1360 1119 c.
1378 1083 1470 1130 22.‚

19 1130 172 1168 Arrian.
197 1131 295 1181 Exp.
319 1131 429 1169 Alex.
453 1131 495 1168 L.
512 1132 538 1169 l.
556 1135 624 1173 12.
657 1141 696 1170 et
717 1146 812 1183 quae
838 1136 916 1172 viri
936 1135 1148 1172 doctissimi
1166 1135 1215 1176 ls.
1237 1136 1398 1174 Vossius
1421 1139 1471 1176 ad

21 1186 161 1224 Melam
186 1187 213 1224 I.
236 1188 276 1226 3.
307 1186 349 1224 C.
371 1187 414 1225 A.
434 1187 616 1226 Dukerus
645 1192 684 1226 in
708 1188 927 1240 Thucydid.
951 1190 994 1227 L.
1019 1191 1046 1227 Ι.
1077 1193 1178 1231 120.
1210 1199 1250 1229 et
1272 1191 1472 1231 Hutchin-

20 1255 91 1280 son
112 1243 161 1280 ad
182 1243 222 1280 L.
246 1243 274 1280 l.
296 1243 395 1293 Exp.
417 1243 505 1294 Cyr.
540 1249 665 1294 princ.
685 1245 959 1295 Xenophontis
991 1247 1308 1286 observaverunt.
1335 1249 1470 1288 WVESS.

131 1312 238 1351 661.
264 1311 335 1351 55.
356 1308 513 1363 ’Ήνπερ
537 1305 688 1364 ἦλθον]
720 1312 829 1350 Nihil
843 1313 934 1350 hinc
955 1314 1120 1353 demuto.
1131 1314 1311 1366 Xenoph.
1326 1314 1468 1368 Ἀναβ.

17 1364 66 1402 11.
93 1378 129 1414 p.
151 1368 257 1407 218.
291 1363 466 1419 πότερον
491 1365 662 1419 ἄπιμεν,
692 1365 818 1421 ἥνπερ
839 1367 1051 1421 ἤλθομεν,
1077 1367 1103 1422 ἢ
1135 1368 1264 1424 ἄλλην
1294 1371 1386 1412 τινὰ
1408 1373 1470 1413 ἐν·

14 1420 248 1474 νενοηκέναι
276 1422 409 1470 δοκεῖς
430 1418 530 1463 ὁδὸν
555 1422 750 1477 ζρείττως
780 1432 909 1473 posset
927 1427 1070 1475 alioqui
1092 1427 1171 1465 levi
1201 1441 1316 1477 opera
1338 1442 1386 1466 ex
1408 1433 1470 1469 vi-

15 1479 175 1515 tiosiore
199 1477 318 1516 Codd.
341 1483 531 1528 scriptura
551 1478 652 1534 ᾑπερ
672 1473 809 1532 ἦλθον
828 1482 1000 1521 formari.
1032 1482 1169 1520 WVESS.

129 1537 235 1575 661.
267 1537 339 1576 70.
373 1533 450 1574 Ἔν
471 1535 515 1575 δὲ
540 1531 712 1583 ταύταις
740 1533 1028 1591 συνεφώνησεν
1052 1537 1158 1593 etc.]
1197 1537 1308 1578 Conf.
1333 1539 1471 1579 Xeno-

15 1587 148 1640 phont.
174 1590 217 1627 L.
237 1591 286 1629 11.
305 1604 341 1642 p.
355 1593 464 1632 221.
491 1592 629 1630 Wssss.

130 1659 238 1701 661.
271 1660 344 1700 76.
390 1655 479 1697 Ἐπὶ
506 1655 581 1705 τὰς
609 1653 849 1711 ὁδοιπορίας
878 1657 1087 1713 ἐγίνοντο]
1134 1660 1362 1715 Lego'naeoi
1395 1660 1472 1711 τὰς

17 1706 270 1766 ὁδοιπορίας.
314 1714 381 1753 Sic
405 1728 517 1765 saepe
537 1715 631 1753 dicit
654 1714 843 1768 γίνεσθαι
864 1715 960 1769 περί
975 1731 1025 1755 τι.
1054 1723 1097 1754 ut
1116 1731 1153 1768 p.
1178 1719 1283 1760 385.
1314 1719 1402 1773 περὶ
1425 1719 1470 1760 δὲ

14 1766 91 1821 τὴν
115 1772 199 1809 τῶν
226 1773 370 1822 τειχῶν
400 1768 659 1822 κατασκευὴν
688 1769 879 1837 ἐγίνοντο.
912 1778 950 1809 et
971 1784 1006 1820 p.
1033 1773 1141 1813 423.
1173 1774 1264 1825 περὶ
1290 1773 1363 1814 τὸν
1384 1769 1469 1815 τῶν

16 1821 231 1876 δυνάμεων
255 1824 491 1879 ἀθροισμὸν
509 1826 576 1866 καὶ
591 1824 665 1878 τὴν
688 1824 817 1879 ἀλλην
841 1826 989 1880 ἐγίνετο
1011 1827 1289 1883 παρασκευήν.
1312 1830 1469 1871 STEPH.

15 1880 168 1920 Accedo
196 1885 281 1921 viro
312 1884 546 1921 doctissimo.
594 1883 787 1932 Scriptori
816 1885 919 1922 enim
937 1892 1071 1923 nostro
1100 1885 1198 1924 nihil
1222 1886 1295 1925 hoe
1325 1888 1470 1940 genere

12 1938 257 1976 familiarius.
294 1939 381 1977 vid.
407 1939 455 1976 ad
476 1939 519 1977 L.
539 1939 612 1977 XL
637 1941 709 1980 75.
736 1939 879 1982 WVESS,

131 2008 236 2047 661.
269 2009 341 2048 81.
361 2003 526 2048 ’Ἑὸἰυκε
551 2003 626 2057 τὴν
647 2001 795 2059 ἑαυτοῦ
818 2003 1061 2061 θυγατέρα]
1093 2007 1137 2046 Id
1155 2010 1249 2049 alibi
1270 2013 1340 2050 vix
1358 2023 1468 2062 repe-

12 2062 105 2099 rias.
137 2061 229 2100 Scio
250 2075 272 2100 a
292 2065 378 2101 viro
400 2064 685 2100 consultissimo
714 2061 787 2100 huc
808 2064 944 2100 referri
970 2077 1018 2100 ex
1037 2063 1298 2116 Xenophonte
1322 2065 1466 2118 Ἀναβ.

17 2115 127 2158 L.11.
151 2132 186 2168 p.
208 2121 316 2159 222.
345 2118 384 2158 ἐν
417 2118 462 2158 δὲ
481 2115 616 2173 τούτῳ
653 2117 944 2172 Τισσαφέρνης
971 2112 1066 2172 ἧκε,
1092 2119 1196 2172 ἔχων
1215 2120 1469 2175 τὴνὲαυτοῦ

17 2169 216 2224 δύναμιν,
242 2171 298 2222 ὡς
318 2174 373 2222 εἷς
394 2171 506 2215 οἷκον
528 2171 682 2222 ἀπιὼν,
709 2174 777 2214 καὶ
794 2171 993 2226 Ὀρόντας
1012 2173 1088 2229 τὴν
1111 2174 1260 2219 ἑαυτοῦ
1280 2176 1470 2231 δύναμιν.

16 2222 87 2281 ἦγε
117 2229 162 2269 δὲ
191 2230 258 2270 καὶ
290 2228 366 2283 τὴν
393 2230 607 2283 θυγατέρα
637 2233 711 2270 τοῦ
738 2229 943 2281 βασιλέως
972 2231 1034 2271 ἐπὶ
1062 2229 1195 2288 γάμῳ.
1225 2237 1344 2274 verba
1364 2239 1469 2275 enim

15 2280 87 2337 ἦγε
112 2285 156 2325 δὲ
185 2285 252 2324 καὶ
271 2293 343 2324 etc.
374 2287 423 2325 ad
455 2286 753 2337 Tissaphernem
783 2290 996 2336 pertinere,
1021 2302 1099 2326 non
1122 2289 1330 2329 Orontam:
1361 2291 1465 2330 hunc

19 2355 106 2378 eum
132 2341 280 2393 videri,
320 2355 432 2392 quem
461 2342 683 2392 Xenophon
722 2345 840 2381 semel
868 2347 1082 2394 iterumque
1118 2349 1298 2398 coniugis
1326 2351 1468 2398 regiae

7 2397 196 2446 fratrem
224 2399 438 2448 adpellarit.
483 2399 581 2437 Mihi
609 2412 742 2447 seem,
778 2413 871 2450 pace
901 2401 983 2438 eius
1010 2401 1154 2440 dictum
1181 2405 1252 2451 sit,
1293 2405 1463 2445 videtur.

17 2453 145 2492 Verba
171 2453 442 2504 Xenophontis
472 2456 683 2503 Orontam,
712 2458 775 2494 cui
799 2458 990 2494 artissime
1018 2457 1245 2508 cohaerent,
1276 2468 1465 2510 spectant.

20 2508 120 2547 Tum
148 2511 249 2558 quod
279 2510 421 2549 Noster
439 2510 482 2550 L.
500 2512 589 2549 XV.
609 2515 651 2552 2.
679 2511 871 2549 hominem
892 2513 994 2551 hunc
1011 2512 1214 2567 κηδεστὴν
1245 2519 1323 2563 τοῦ,
1339 2518 1467 2568 βασι-

19 2563 121 2612 λέως
146 2574 361 2617 nuncupat:
391 2574 473 2605 tum
493 2571 581 2619 quia
601 2568 820 2618 Xenophon
841 2568 879 2605 id
901 2571 1110 2609 clarissime
1131 2571 1242 2609 docet
1261 2572 1304 2609 L.
1329 2572 1393 2609 ΠΙ.
1422 2585 1473 2622 p„

19 2623 127 2663 243.
173 2621 464 2676 Τισσαφέρνης
485 2621 688 2678 ἐπεφάνη,
713 2627 912 2675 inquiens,
940 2623 1012 2673 οὓς
1032 2641 1076 2666 τε
1105 2625 1232 2674 αὐτὸς
1250 2621 1380 2679 ἦλθεν
1402 2625 1467 2666 ἶπ-

18 2676 120 2724 πὲας
148 2674 273 2728 ἔχων,
303 2679 370 2718 καὶ
391 2677 469 2731 τὴν
486 2677 682 2732 Ὀρόντου
704 2677 893 2732 δύναμιν,
919 2685 992 2721 τοῦ
1014 2680 1090 2735 τὴν
1109 2681 1314 2734 βασιλέως
1332 2685 1468 2735 θυγα-

19 2732 118 2785 τέρα
140 2731 314 2783 ἔχοντος.
354 2734 456 2772 Bene
487 2750 578 2788 ergo
605 2736 904 2777 Rhodomannus
925 2737 1128 2791 κηδεστὴν
1158 2741 1232 2779 τοῦ
1261 2737 1475 2788 βάσιλεείυςΙ

18 2803 207 2840 generum
234 2793 342 2840 regis
361 2794 490 2841 vertit.
519 2793 616 2832 Vide
636 2800 762 2832 tamen
783 2792 909 2845 Celeb.
927 2793 1155 2847 Barbeyrac.
1178 2795 1324 2834 Hister.
1344 2794 1463 2834 Foed.

19 2847 62 2884 P.
84 2846 111 2883 1.
140 2858 180 2894 Ρ..
197 2848 303 2894 261,
330 2845 466 2886 wssss.
1121 2884 1123 2887 .

76 2901 173 2940 vor.
204 2902 232 2941 ἑ.
764 2907 769 2910 ’
966 2908 969 2909 ’
1121 2907 1183 2948 47
