1828 3253
436 219 499 258 IN
530 217 642 258 [AB.
668 218 778 257 X11.
811 218 937 258 CAP.
973 222 1201 262 71.—-73.
1434 226 1526 266 619

82 331 230 380 «iidem,
256 334 322 382 qui
342 331 434 369 haec
449 332 534 369 fuse
555 333 794 381 persequitur
815 331 856 370 L.
881 331 944 369 1V.
972 334 1075 373 120.
1103 333 1234 372 ΡΛιΜ.
1277 334 1527 388 Σκιωναῖοι]

81 388 246 426 veritati
275 388 578 435 doctissimisque
609 391 705 426 viris
733 390 919 439 refragari
946 391 1073 435 nolui,
1104 393 1328 437 praesertim
1351 406 1446 438 cum„
1459 407 1528 432 ve-

83 447 196 481 tustis
216 446 257 481 in
277 444 426 480 schedis
447 445 497 480 sit
516 444 719 491 discordia,
742 452 779 482 et
798 440 983 496 Σικυῶνι]
1004 457 1115 493 saepe
1137 442 1322 498 Σκιώνην
1345 449 1390 485 de
1405 450 1528 499 gradu

83 500 358 552 deieceritQut
378 512 467 536 mox
488 501 528 536 in
549 498 707 537 Coislin.
739 508 776 537 et
798 503 892 538 olim
911 501 1009 550 apud
1030 500 1264 551 Polyaenum
1278 531 1289 550 ‚
1318 507 1380 542 cui
1400 513 1528 544 tamen

83 558 274 595 succurrit
290 555 338 592 [s.
358 554 530 602 casaub„
549 555 591 592 L.
612 556 638 592 Ι.
664 556 709 593 de
734 556 962 607 Stratagem.
996 571 1028 594 e.
1050 558 1122 598 38.
1144 559 1188 597 4.
1220 558 1356 600 anss,

200 614 302 652 528.
334 613 407 651 25.
433 608 700 663 Ἀριστείὸην
720 612 786 650 καὶ
807 610 1064 663 Σύμμαχον]
1097 612 1343 664 Thucydides
1363 618 1528 656 alterum

82 666 183 706 hunc
205 674 416 717 praetorem
443 663 695 718 Δημόδοκον
721 671 865 706 vocitat
884 669 926 705 L.
951 669 1012 708 lv.
1039 670 1110 709 75.
1138 682 1209 706 nec
1232 673 1345 709 aliter
1366 672 1428 710 hic
1449 676 1528 724 legi

83 723 475 772 oporterecontendit
496 722 710 773 Cl.loseph.
732 725 880 762 Wasse.
903 725 1012 772 Mihi,
1034 738 1081 763 ne
1101 725 1224 763 dicam
1243 727 1343 774 dolo,
1363 732 1526 768 mutatio

82 781 200 817 nimia
219 779 398 827 videtur,
424 786 462 816 et
481 783 606 830 potnit
624 780 765 818 Noster
786 782 880 818 alios
893 809 904 828 a
931 794 1025 831 quos
1046 789 1290 832 sequeretur,
1320 784 1434 822 duces
1454 785 1527 824 ha-

82 836 182 881 bere.
223 834 341 873 Utere
361 842 510 883 tamen,
530 836 570 872 id
594 838 627 873 si
647 837 858 874 consultius
878 844 1000 886 putes.
1030 837 1166 876 VVESS.

196 883 300 932 528.
333 892 405 931 32.
447 892 520 937 Εἷς
541 887 808 943 Ἱίράκλειαν]
846 892 1007 930 Flumen
1042 907 1122 931 non
1151 895 1273 944 ipsam
1300 894 1529 936 Heracleam

82 948 272 994 alluebat,
299 958 394 996 quae
426 947 472 984 ad
497 948 640 998 Lycum
677 949 905 997 accubabat,
939 949 1068 987 Plinio
1096 950 1139 988 L.
1166 951 1211 988 V.
1243 965 1277 991 c.
1314 954 1384 992 ult.
1419 961 1528 1001 teste,

81 1017 145 1040 seu
170 1005 296 1054 potius
325 1003 373 1040 ad
392 1003 650 1042 Acherontem
675 1007 756 1042 sive
777 1005 1025 1052 Soonauten‚
1050 1005 1095 1043 de
1115 1019 1189 1056 quo
1209 1007 1385 1058 Apollon.
1404 1008 1530 1048 Rhod.

81 1058 131 1097 ll.
154 1060 258 1100 748.
299 1066 337 1096 et
368 1067 519 1097 veteres
549 1059 695 1098 Cri'tici.
715 1060 806 1099 Fuit
827 1075 918 1114 ergo
946 1064 988 1099 in
1009 1075 1102 1114 agro
1124 1062 1399 1113 Heracleensi,
1427 1067 1529 1117 quod

83 1122 121 1153 et
140 1115 321 1153 Memnon
340 1115 497 1153 indicat.
533 1117 666 1154 Wssss.

197 1172 299 1212 528.
325 1172 398 1211 33.
424 1168 612 1224 Κάχητα]
641 1173 809 1211 Ortelius
822 1172 924 1211 hune
942 1175 1069 1212 locum
1089 1177 1219 1226 attigit
1235 1174 1372 1228 (Thes.
1387 1176 1528 1229 Geogr.

80 1241 118 1267 v.
142 1225 372 1280 Caelanus),
401 1236 438 1265 et
460 1231 545 1266 vult
567 1231 645 1280 legi
668 1225 885 1281 Κάχητονε
907 1232 1015 1267 male.
1049 1229 1297 1282 Thucydides
1315 1232 1358 1273 L.
1374 1233 1437 1271 IV.
1453 1236 1526 1274 75,

82 1297 168 1321 eum
188 1279 363 1336 Κάληκα
383 1292 508 1323 vocat.
547 1285 732 1332 Arrianus
755 1288 795 1322 in
826 1285 977 1336 Periplo
1007 1283 1198 1339 Κάλητα.
1233 1287 1311 1325 Sed
1333 1289 1528 1339 Memnon,

84 1341 147 1376 eui
166 1340 288 1390 magis
299 1339 541 1388 credendum,
562 1349 692 1391 utpote
709 1341 958 1378 Heracleotae
981 1349 1018 1378 et
1036 1341 1242 1393 Bithyniae
1255 1347 1399 1393 vicino,
1412 1343 1530 1385 Κάλ-

80 1396 186 1447 λητα
215 1398 388 1433 nominat
417 1394 662 1449 (Excerptor.
691 1412 724 1435 c.
755 1396 851 1445 23.)
880 1411 947 1446 per
977 1399 1119 1447 duplex
1148 1400 1210 1437 λλ.
1244 1399 1368 1451 Igitur
1387 1415 1528 1440 nomen

83 1453 166 1488 eius
188 1451 298 1490 fluvii
318 1455 368 1489 sit
387 1449 578 1504 Κάλλης,
605 1461 643 1492 et
661 1467 762 1490 nunc
789 1453 918 1490 Chelit
936 1454 1080 1492 dicitur
1102 1453 1262 1493 Belonio
1284 1459 1326 1494 in
1346 1460 1425 1496 suis
1447 1458 1528 1495 Ob-

81 1509 375 1545 servationibus.
407 1508 486 1546 Sed
504 1509 597 1547 haec
616 1512 743 1547 omnia
763 1512 837 1546 iam
859 1522 973 1558 supra
993 1510 1096 1548 dicta
1115 1518 1220 1560 sunt,
1249 1514 1329 1550 nisi
1348 1527 1409 1551 me
1427 1516 1531 1553 fallit

76 1566 274 1602 memoria.
293 1562 400 1616 (Vid.
420 1565 589 1603 Exercit.
610 1578 646 1615 p.
670 1562 761 1617 51.)
788 1565 917 1602 PALM.

991 1617 1001 1633 Ι

196 1620 300 1660 528.
327 1621 399 1661 38.
428 1620 620 1670 Σιτονδὰς
639 1621 867 1669 ἐνιαυσίους
886 1620 1163 1676 ἐποιησαντο]
1191 1623 1290 1662 Vide
1312 1623 1531 1678 Thucydid.

86 1674 151 1714 lv.
176 1678 278 1723 117.
307 1679 409 1717 118.
435 1677 568 1715 Wnss.

198 1733 301 1772 528.
325 1733 400 1773 40.
433 1729 565 1784 Τότε]
593 1733 696 1785 Lego
718 1748 827 1772 ποτε.
857 1732 1012 1771 STEPH.

197 1789 300 1828 528.
327 1791 402 1829 42.
436 1790 716 1837 Φιλονεικίας]
753 1790 996 1842 Φιλοτιμίας
1028 1789 1075 1828 V.
1096 1788 1162 1829 Co.
1188 1789 1235 1828 R.
1258 1793 1297 1834 1.
1319 1805 1398 1831 non
1418 1796 1529 1833 male.

82 1843 170 1883 vid.
192 1857 224 1881 c.
250 1845 322 1884 57.
359 1845 494 1883 WEss.

198 1902 303 1942 528.
341 1902 416 1941 47.
455 1900 562 1953 Περὶ
595 1899 640 1941 δὲ
669 1903 743 1953 τῆς
774 1897 960 1953 Σκιώνης
987 1898 1308 1956 ἠμφισβήτουν]
1347 1907 1529 1950 Quaestio

83 1963 187 2003 erat,
213 1964 341 1995 utrum
360 1965 449 1996 ante
470 1959 667 2005 inducias,
695 1972 745 1995 an
764 1959 880 1994 factis
912 1960 990 1995 illis
1029 1961 1070 1995 in
1100 1958 1282 1997 Brasidae
1302 1969 1528 2011 potestatem

81 2015 268 2052 venisset.
310 2013 396 2051 Hoc
428 2012 703 2062 Athenienses,
730 2014 828 2052 illud
847 2013 1026 2052 Brasidas
1055 2016 1301 2066 adfirmabat,
1331 2017 1532 2069 Thucydi-

83 2068 151 2106 des
171 2068 213 2105 L.
232 2068 294 2107 1V.
324 2072 428 2112 122.
468 2071 604 2109 lVEss.

172 2126 304 2165 '529-
333 2127 404 2167 58.
436 2122 622 2178 εΗβηδόν
653 2121 933 2180 ἀποσφάξειν]
979 2126 1045 2165 Sic
1064 2129 1196 2168 malui.
1239 2127 1298 2167 De
1320 2128 1530 2168 Scionaeo-

82 2192 169 2218 rum
187 2181 398 2220 inhumana
418 2183 531 2220 caede
556 2183 720 2221 inferius
742 2196 773 2219 c.
796 2185 868 2223 76.
897 2183 1037 2223 VVESS.

199 2238 302 2277 529.
335 2241 408 2280 68.
451 2235 604 2278 Στάσιν
634 2235 865 2291 ὑπερδέξιοι
892 2236 1079 2291 ἔχοντες]
1128 2235 1261 2293 Μάχη
1295 2235 1531 2293 ὗπερὸἔξιος

85 2291 180 2340 quae
211 2305 259 2330 ex
280 2297 472 2344 superiore
500 2296 544 2332 fit
575 2297 659 2332 loco
701 2295 801 2343 apud
832 2295 995 2332 Pausan.
1024 2295 1066 2333 L.
1087 2295 1150 2333 IV.
1169 2299 1244 2337 29.
1276 2311 1311 2347 p.
1334 2300 1461 2348 352„
1491 2307 1530 2337 et

83 2349 212 2397 paullo
231 2356 318 2387 ante
341 2350 408 2389 καὶ
428 2349 466 2390 οἳ
486 2353 765 2405 φρουροῦντες
783 2348 858 2401 τὴν
879 2348 1101 2404 ἀκρόπολιν
1125 2351 1325 2393 ἐπέκειντο
1348 2354 1390 2401 ἐξ
1408 2351 1531 2409 ὓπερ-

86 2403 250 2452 δεξίων,
276 2407 304 2444 i.
328 2419 360 2443 e.
383 2408 480 2445 loeis
508 2408 748 2445 celsioribus.
777 2406 888 2444 Unde
909 2403 1133 2459 ὑπερδέξιοι
1153 2411 1237 2448 τῶν
1258 2410 1530 2462 κατειλημμέ-

86 2473 170 2498 νων
187 2458 262 2511 τὴν
291 2460 444 2515 πέτραν
463 2460 713 2515 βαρβάρων,
741 2467 806 2511 qui
836 2463 1007 2501 barbaris
1036 2465 1181 2515 ignaris
1210 2468 1251 2502 in
1279 2469 1530 2506 excellentem

85 2522 216 2567 petrae
247 2525 390 2564 partem
424 2520 673 2556 escenderunt
711 2519 854 2556 Nostro
885 2519 926 2556 L.
950 2519 1076 2557 XVII.
1101 2523 1173 2561 85.
1201 2521 1336 2559 lVEss.

205 2573 307 2612 529.
332 2576 402 2613 72.
429 2570 478 2614 ‘O
499 2575 749 2627 Πίγκτερος]
780 2574 999 2626 Legenclum
1018 2573 1237 2628 Ὀπίτερος.
1256 2577 1392 2614 RHOD.
1417 2575 1530 2618 Ὀπί-

87 2628 231 2680 τερος]
262 2627 404 2677 Cupide
427 2630 498 2667 hoe
518 2644 746 2680 praenomen
767 2633 928 2668 restitui.
958 2631 1050 2669 Scio
1072 2632 1241 2671 Hostum
1264 2634 1375 2671 Livio
1394 2633 1436 2670 L.
1458 2635 1525 2674 1V.

90 2685 163 2723 30.
194 2691 306 2732 atque
328 2686 368 2721 in
387 2685 538 2737 Fragm.
558 2687 765 2736 Capitolini
785 2686 988 2724 Marmoris
1020 2689 1226 2738 adpellari3
1253 2690 1366 2738 idque
1387 2689 1529 2727 Lucre-

72 2743 143 2777 ·tio
165 2753 394 2790 praenomen
423 2744 540 2779 fuisse
561 2757 582 2780 a
608 2742 745 2794 Pighio
767 2743 808 2779 in
828 2742 932 2781 Fast.
951 2744 999 2781 ad
1021 2758 1109 2782 ann.
1133 2756 1312 2781 cccxxw
1335 2747 1528 2783 contendi.

89 2796 191 2839 Quin
211 2803 335 2834 tamen
356 2797 418 2844 id,
443 2799 543 2847 quod
572 2802 860 2846 revocavimus,
895 2801 937 2836 in
958 2798 1087 2838 Fastis
1105 2800 1298 2838 Diodorus
1320 2802 1528 2848 invenerit,

89 2854 223 2901 scripti
242 2851 360 2892 Codd.
390 2867 437 2889 ne
466 2854 749 2897 addubitemus.
776 2855 956 2892 efficiunt.
1003 2855 1124 2894 Porro
1147 2859 1331 2907 collegam
1359 2856 1529 2895 Lucretii
