1828 3253
411 172 473 212 IN
504 170 617 210 LIB.
652 170 682 212 l.
717 169 844 211 CAP.
881 170 1085 212 73.-⁷5.
1375 170 1462 211 121

146 290 217 330 86.
236 288 310 330 42.
335 285 418 326 Καὶ
445 282 550 339 π’ρὸς
577 281 624 324 τὸ
656 285 845 336 καθῆκον
865 280 965 335 etc.]
1002 281 1075 320 His
1095 284 1207 332 plane
1227 284 1367 322 similia
1386 281 1468 320 Iso-

35 352 156 383 crates
178 345 296 383 Laud.
315 343 439 380 Busir.
459 349 494 390 p'.
517 342 622 382 330.
660 340 752 378 Mox
785 342 952 391 glossam
984 339 1052 378 καὶ
1082 339 1282 390 τεχνῖται,
1310 340 1470 377 obsecu-

34 409 95 440 tus
107 401 222 449 Mss„
240 400 388 439 induxi.
413 398 578 449 Amant
582 394 703 450 ογοὺς
722 405 849 434 autem
867 397 1040 445 exemplo
1059 396 1260 434 Platonis
1250 410 1291 434 m
1310 395 1469 433 Timaeo

36 471 70 507 p.
91 459 165 499 21.
187 464 225 495 et
245 469 345 506 supr.
367 469 399 492 c.
418 456 492 494 24.
514 455 692 501 vocavit,
720 466 814 502 quos
844 455 971 501 paullo
992 459 1080 489 ante
1109 451 1305 502 ‘regal-tuq
1334 452 1469 490 lVEss.

151 516 222 554 86.
242 514 318 553 46.
357 509 425 549 Ἐκ
452 512 533 549 τῶν
566 505 705 560 νόμων
737 504 989 562 (υρισμένης]
1044 507 1234 545 Sesostris
1264 510 1368 559 leges
1403 508 1472 546 has

35 572 208 621 rogavit,
253 567 610 616 multitudinemque
649 568 690 603 in
730 566 883 604 diversa
918 577 1060 616 genera
1099 565 1322 614 descripsit,
1370 564 1473 613 quod

36 633 184 674 praeter
201 624 446 662 Aristotelem
465 622 548 662 Vll.
572 621 686 659 Polit.
710 624 780 663 10.
810 620 1097 659 Dicaearchus·
1086 634 1128 658 ιιι
1147 619 1276 658 Schol.
1294 620 1474 670 Apollon-

36 681 160 720 Rhod.
182 680 246 718 IV.
269 681 375 720 273.
404 679 584 726 tradidit3
610 677 725 715 habet
743 686 780 715 et
799 678 908 716 Plato
929 677 977 714 11.
992 677 1084 728 Leg.
1105 689 1142 727 p.
1163 679 1268 718 656.
1287 676 1333 714 E.
1349 691 1476 728 ,quae

37 738 313 789 Aegyptiorum
336 735 404 773 has
425 737 529 786 leges
549 741 730 784 spectant.
758 734 808 771 W
812 745 893 771 Ess.

151 796 222 834 86.
243 794 317 833 48.
346 788 468 843 ΖΙΙΙῙτ
492 789 541 830 ἀλ
545 793 591 830 λο
612 790 741 842 μηδὲν
763 788 1018 842 ἐμποδίζειν]
1048 789 1153 827 Bene
1184 790 1367 839 profecto.
1404 787 1476 830 ιἘν

36 846 125 902 γὰρ
144 844 223 903 ὑφ’
259 845 349 894 ἑνὸς
378 845 494 900 ἕρᾳοι
524 844 660 901 ἁοιστ)
695 845 977 893 ἀποτελεῖται,
1005 853 1048 883 ut
1075 849 1130 884 ait
1153 846 1407 895 Philosophus
1428 845 1478 884 ΙΙ.

36 905 188 943 l'olitic.
210 906 273 952 9.‚
304 907 369 953 qui
399 912 437 941 et
453 904 582 951 addit,
610 905 868 955 legislatorem
893 909 1069 952 oportere
1098 903 1138 940 id
1165 903 1372 954 diligenter
1397 910 1480 940 stu-

40 962 150 1009 dere,
177 975 226 999 ne
245 962 314 999 uni
334 961 477 998 diversi
499 963 653 1012 generis
674 967 776 997 artes
804 959 1039 996 exercendae
1071 961 1317 1009 inponantur.
1340 959 1478 999 VVESS.

154 1021 227 1059 86.
255 1018 327 1057 54.
352 1018 549 1056 [Heio-tot
570 1014 613 1055 ὁ)
633 1015 674 1055 ἐν
696 1021 787 1062 ταῖς
811 1014 1242 1068 δημοκρατουμέναις]
1271 1017 1480 1066 Praecipue

41 1073 224 1121 Athenis,
252 1076 360 1110 cuius
380 1074 487 1110 urbis
508 1076 611 1110 cives
634 1085 682 1109 ex
703 1071 859 1109 Solonis
891 1073 1040 1123 legibus
1069 1086 1113 1109 ea
1133 1073 1308 1109 libertate
1337 1072 1482 1124 gaude-

41 1131 155 1179 bant,
185 1143 279 1180 quae
307 1132 500 1166 communi
529 1130 760 1179 reipublicae
792 1128 891 1165 haud
920 1142 1007 1166 raro
1036 1129 1172 1166 acerba
1200 1136 1239 1166 et
1266 1132 1484 1178 perniciosa

43 1194 143 1224 erat:
203 1186 282 1224 vid.
309 1185 506 1224 Aristotel.
538 1185 585 1222 11.
618 1185 730 1222 Polit.
765 1187 833 1224 10.
865 1185 908 1221 ld
941 1191 1069 1222 tamen
1104 1198 1173 1235 pro
1206 1187 1484 1236 Aegyptiorum

42 1244 213 1280 moribus
233 1241 334 1278 haud
353 1243 473 1288 male,
501 1241 601 1290 quod
624 1243 707 1292 lege
728 1243 807 1278 lata
828 1243 1045 1288 vetuerint,
1075 1254 1122 1278 ne
1158 1243 1286 1291 plures
1309 1249 1410 1278 artes
1433 1241 1482 1279 ab

42 1311 120 1336 uno
163 1298 368 1347 eodemque
408 1304 700 1344 exercerentur,
746 1299 861 1334 sicuti
899 1295 1097 1334 Demosth.
1128 1299 1171 1334 in
1207 1296 1415 1335 Timocrat.
1445 1309 1484 1347 p.

45 1355 154 1396 465.
183 1355 339 1402 eiusque
367 1353 602 1391 Scholiastes
633 1353 823 1402 Ulpianus
854 1355 1034 1390 innuunt.
1072 1353 1207 1391 WESS.

159 1413 231 1452 86.
252 1411 324 1452 74.
352 1408 469 1451 Δὲκα
489 1407 686 1456 δικαστὰς
717 1409 758 1456 ἐξ
787 1405 963 1461 ἑκάστης
991 1407 1258 1462 προέκρινον]
1292 1408 1488 1447 Deficien-

45 1474 122 1506 tem
147 1480 282 1506 vocem
301 1480 349 1504 ex
370 1466 423 1505 M.
446 1473 484 1503 et
504 1465 568 1504 Co.
587 1469 792 1513 revocavi,
821 1477 939 1514 quae,
960 1476 1053 1502 xxx
1072 1467 1218 1504 iudices
1239 1480 1324 1505 cum
1341 1468 1489 1504 suerint

46 1530 86 1561 et
117 1525 291 1575 singulae
320 1523 455 1560 harum
482 1525 695 1561 civitatium
725 1535 855 1571 parem
885 1536 1016 1560 eorum
1039 1536 1240 1561 numerum
1263 1523 1312 1561 ad
1333 1537 1489 1562 conses-

49 1593 132 1618 sum
152 1582 388 1631 ablegarint,
417 1580 547 1616 abesse
568 1592 646 1616 non
665 1579 806 1616 debuit.
845 1579 980 1616 Wess.

164 1639 235 1677 86.
259 1638 330 1677 76.
359 1633 490 1690 Παρὰ
507 1634 860 1687 Λακεδαιμονίοις
886 1631 1115 1690 γερόντων]
1149 1634 1236 1674 Vid.
1257 1636 1328 1674 inf.
1360 1635 1490 1675 XVII.

59 1693 162 1733 104.
194 1692 325 1729 WEss.

166 1751 237 1790 86.
260 1750 331 1789 78.
360 1749 520 1787 Τοῦτον
539 1746 615 1799 μὲν
636 1744 928 1801 ἀοχιὸικαστὴν
955 1746 1243 1802 καθ-ἵσταντο]
1270 1749 1360 1789 Non
1393 1751 1490 1789 bene

51 1802 112 1841 his
144 1807 337 1843 consentit
365 1813 477 1853 atque
506 1807 677 1841 concinit
705 1803 854 1841 Aelian.
883 1805 988 1842 XlV.
1010 1805 1056 1842 V.
1074 1804 1124 1842 H.
1148 1807 1236 1853 34.,
1257 1809 1319 1844 cui
1343 1808 1491 1845 iudices

51 1864 177 1899 veteri
203 1873 298 1898 aevo
324 1861 425 1915 apud
453 1860 665 1912 Aegyptios
696 1861 936 1909 sacerdotes,
960 1874 1163 1911 eorumque
1196 1865 1396 1912 princeps,
1426 1866 1492 1914 qui

52 1923 145 1955 natu
166 1920 375 1954 maximus:
401 1916 452 1967 ἦν
473 1891 534 1956 dap
536 1913 694 1956 τούτων
717 1931 854 1968 αοχων
878 1913 898 1956 ὃ
922 1932 994 1969 πρε
980 1913 1226 1968 εσβύτατος,
1257 1934 1324 1957 και
1354 1918 1493 1958 ἐδίκα-

54 1972 118 2021 ζεν
147 1970 344 2019 ἅπαντας.
400 1971 460 2010 De
488 1973 679 2010 iudicibus
709 1973 968 2011 sacerdotibus
1002 1981 1103 2011 certe
1127 1975 1278 2024 quidem
1298 1974 1494 2014 Diodorus

54 2041 134 2067 non
161 2030 410 2079 obloquetur,
438 2043 461 2066 a
486 2030 682 2079 republica
709 2032 865 2078 eiusque
893 2043 985 2067 cura
1006 2038 1044 2067 et
1065 2031 1219 2080 opifices
1240 2038 1278 2069 et
1297 2033 1438 2070 milites
1455 2038 1495 2069 et

55 2093 224 2133 ceteroS,
256 2087 322 2134 qui
349 2087 450 2122 inter
479 2086 694 2123 sacerdotes
725 2098 804 2122 non
838 2087 1111 2134 censebantur,
1136 2101 1357 2126 removens:
1384 2100 1494 2126 secus

57 2149 117 2178 est
146 2144 187 2179 in
217 2142 350 2179 iudicii
378 2143 569 2191 praefecto
599 2151 637 2179 et
666 2142 860 2191 praeside,
895 2145 972 2181 nisi
1000 2145 1035 2181 si
1061 2145 1181 2181 lectus
1212 2157 1360 2194 semper
1375 2147 1409 2183 is
1429 2147 1494 2192 sit,

59 2200 124 2247 qui
147 2201 284 2235 ceteris
307 2204 433 2235 aetate
454 2199 679 2248 praestabat.
709 2198 843 2237 ῊῘΕΞΞ.

173 2256 245 2295 87.
257 2255 328 2295 83.
350 2251 419 2293 Ἐκ
431 2256 593 2308 χουσῆς
614 2250 689 2294 αλ’
668 2269 796 2301 υσεως
815 2251 1044 2308 ηρτημὲνον
1066 2251 1240 2310 ζώὸιον]
1266 2255 1497 2296 Distinctius

60 2311 188 2358 paullo
231 2310 459 2348 describitur
503 2310 596 2348 haec
636 2313 764 2362 imago
801 2325 833 2348 c.
859 2313 935 2353 48.
967 2312 1180 2362 diciturque
1210 2309 1387 2364 ἀ7ήθεια
1409 2312 1498 2351 ἐπι-

60 2379 225 2416 μυουσα
253 2364 351 2412 τοὺς
379 2362 644 2420 ὀφθα7μούς.
702 2368 887 2405 Aelianus
914 2367 957 2406 ἐκ
986 2368 1216 2422 σαπφείρου
1236 2369 1358 2408 λίθου
1378 2370 1499 2406 fuisse

63 2424 135 2459 ait.
162 2422 264 2459 unde
284 2424 465 2474 colligas,
491 2425 666 2461 veritatis
685 2423 783 2462 hanc
803 2426 1017 2462 icunculam
1040 2424 1203 2462 humana
1218 2426 1338 2463 fuisse
1361 2426 1499 2474 specie,

64 2477 132 2514 sed
151 2479 291 2516 clausis
313 2481 455 2526 oculis,
485 2492 533 2516 ex
552 2479 730 2529 sapphiro
751 2494 900 2530 gemma
921 2488 959 2518 et
986 2482 1074 2518 aliis
1103 2484 1280 2529 pretiosis
1310 2482 1500 2530 lapidibus

65 2541 289 2572 consertam.
355 2536 438 2579 Qua
467 2549 550 2574 cum
577 2536 712 2573 iudicii
740 2548 892 2585 praeses
922 2539 1022 2574 inter
1050 2537 1262 2588 Aegyptios
1292 2539 1501 2589 insignire-

65 2596 128 2626 tur
141 2616 153 2636 ,
179 2592 430 2629 conveniebat
449 2592 725 2640 quodammodo
746 2599 783 2629 et
802 2594 1037 2643 congruebat
1056 2607 1139 2631 cum
1160 2594 1383 2631 ludaeorum
1407 2606 1503 2641 pon-

66 2645 191 2693 tifice,
220 2649 498 2698 quipectorali
516 2651 638 2695 iaris,
667 2649 767 2697 quod
798 2656 952 2697 vocant,
973 2652 1015 2686 in
1045 2662 1118 2698 quo
1153 2649 1266 2689 Urim
1291 2656 1328 2686 et
1360 2649 1504 2687 Thum-

67 2703 170 2748 mim,
191 2699 368 2755 δήλωσις
387 2703 454 2742 καὶ
475 2700 672 2755 ἀλήθεια,
704 2712 747 2741 ut
764 2712 966 2744 verterunt
976 2706 1242 2752 {Alexandrini
1263 2707 1504 2753 interpretes,

69 2759 316 2796 sollemnibus
344 2759 476 2799 diebus
503 2763 731 2808 conspicuus
762 2768 862 2798 erat:
895 2775 986 2800 narn
1023 2762 1237 2801 Thummim
1265 2761 1312 2798 ad
1340 2763 1505 2801 formam

69 2811 183 2852 huius
210 2815 390 2866 imaginis
414 2816 535 2853 fuisse
563 2817 746 2864 effictam,
784 2825 935 2867 sumpto
974 2831 1025 2856 ex
1063 2818 1239 2870 Aegypto
1279 2830 1384 2856 more
1433 2820 1507 2856 etsi
