<?xml version="1.0" encoding="UTF-8"?>
<!DOCTYPE html PUBLIC "-//W3C//DTD XHTML 1.0 Transitional//EN"
    "http://www.w3.org/TR/xhtml1/DTD/xhtml1-transitional.dtd">
<html xmlns="http://www.w3.org/1999/xhtml" xml:lang="en" lang="en">
 <head>
  <title>
</title>
<meta http-equiv="Content-Type" content="text/html;charset=utf-8" />
  <meta name='ocr-system' content='tesseract 3.04.00' />
  <meta name='ocr-capabilities' content='ocr_page ocr_carea ocr_par ocr_line ocrx_word'/>
</head>
<body>
  <div class='ocr_page' id='page_1' title='image "./bibliothecahisto04dioduoft_0526.png"; bbox 0 0 1828 3253; ppageno 0'>
   <div class='ocr_carea' id='block_1_1' title="bbox 291 9 1283 54">
    <p class='ocr_par' dir='ltr' id='par_1_1' title="bbox 291 9 1283 54">
     <span class='ocr_line' id='line_1_1' title="bbox 291 9 1283 54; baseline -0.003 0"><span class='ocrx_word' id='word_1_1' title='bbox 291 13 388 54; x_wconf 78' lang='lat'><strong>406</strong></span> <span class='ocrx_word' id='word_1_2' title='bbox 753 9 1283 53; x_wconf 72' lang='lat' dir='ltr'><strong>ANNOTATloNEs</strong></span> 
     </span>
    </p>
   </div>
   <div class='ocr_carea' id='block_1_2' title="bbox 289 115 1757 2706">
    <p class='ocr_par' dir='ltr' id='par_1_2' title="bbox 289 115 1742 232">
     <span class='ocr_line' id='line_1_2' title="bbox 289 115 1742 178; baseline -0.001 -13"><span class='ocrx_word' id='word_1_3' title='bbox 289 121 312 165; x_wconf 82' lang='grc' dir='ltr'><em>ὃ</em></span> <span class='ocrx_word' id='word_1_4' title='bbox 342 122 389 165; x_wconf 75' lang='grc' dir='ltr'><strong>δὲ</strong></span> <span class='ocrx_word' id='word_1_5' title='bbox 415 116 569 178; x_wconf 78' lang='grc' dir='ltr'><strong><em>χρόνος</em></strong></span> <span class='ocrx_word' id='word_1_6' title='bbox 599 115 622 163; x_wconf 78' lang='grc' dir='ltr'><strong>ὅ</strong></span> <span class='ocrx_word' id='word_1_7' title='bbox 656 117 793 164; x_wconf 78' lang='grc' dir='ltr'><em>πάντα</em></span> <span class='ocrx_word' id='word_1_8' title='bbox 825 121 1042 177; x_wconf 80' lang='grc' dir='ltr'><em>μαραίνων</em></span> <span class='ocrx_word' id='word_1_9' title='bbox 1070 120 1227 174; x_wconf 72' lang='grc' dir='ltr'><strong>τᾶλλα,</strong></span> <span class='ocrx_word' id='word_1_10' title='bbox 1263 119 1421 172; x_wconf 76' lang='grc' dir='ltr'><em>ταύτας</em></span> <span class='ocrx_word' id='word_1_11' title='bbox 1449 120 1544 178; x_wconf 81' lang='grc' dir='ltr'><strong>(τὰς</strong></span> <span class='ocrx_word' id='word_1_12' title='bbox 1574 119 1742 178; x_wconf 75' lang='grc' dir='ltr'><em>ἀρετὰς)</em></span> 
     </span>
     <span class='ocr_line' id='line_1_3' title="bbox 291 174 931 232; baseline -0.005 -12"><span class='ocrx_word' id='word_1_13' title='bbox 291 178 536 227; x_wconf 74' lang='grc' dir='ltr'><em>ἀθανάτους</em></span> <span class='ocrx_word' id='word_1_14' title='bbox 558 174 767 232; x_wconf 76' lang='grc' dir='ltr'><em>φυλάττει.</em></span> <span class='ocrx_word' id='word_1_15' title='bbox 795 181 931 217; x_wconf 67' lang='lat' dir='ltr'><strong>Wzss.</strong></span> 
     </span>
    </p>

    <p class='ocr_par' dir='ltr' id='par_1_3' title="bbox 292 232 1749 735">
     <span class='ocr_line' id='line_1_4' title="bbox 403 232 1744 288; baseline -0.002 -12"><span class='ocrx_word' id='word_1_16' title='bbox 403 238 510 276; x_wconf 81' lang='grc'><strong>412.</strong></span> <span class='ocrx_word' id='word_1_17' title='bbox 544 237 616 288; x_wconf 80' lang='grc'><strong>54.</strong></span> <span class='ocrx_word' id='word_1_18' title='bbox 647 233 734 288; x_wconf 80' lang='grc' dir='ltr'><em>Τὴν</em></span> <span class='ocrx_word' id='word_1_19' title='bbox 763 236 980 287; x_wconf 73' lang='grc' dir='ltr'><em>Καδμείαν</em></span> <span class='ocrx_word' id='word_1_20' title='bbox 1002 232 1116 287; x_wconf 86' lang='grc' dir='ltr'><em>νίκην</em></span> <span class='ocrx_word' id='word_1_21' title='bbox 1138 233 1377 288; x_wconf 72' lang='grc' dir='ltr'><em>νενικηκὼς]</em></span> <span class='ocrx_word' id='word_1_22' title='bbox 1417 235 1507 273; x_wconf 83' lang='grc' dir='ltr'><strong>1)ίοί</strong></span> <span class='ocrx_word' id='word_1_23' title='bbox 1529 238 1650 273; x_wconf 89' lang='lat' dir='ltr'><strong>solere</strong></span> <span class='ocrx_word' id='word_1_24' title='bbox 1679 234 1744 274; x_wconf 66' lang='grc' dir='ltr'><strong>ἐπὶ</strong></span> 
     </span>
     <span class='ocr_line' id='line_1_5' title="bbox 293 290 1744 344; baseline -0.002 -12"><span class='ocrx_word' id='word_1_25' title='bbox 293 294 368 344; x_wconf 66' lang='grc' dir='ltr'><strong>τῆς</strong></span> <span class='ocrx_word' id='word_1_26' title='bbox 393 290 657 337; x_wconf 69' lang='grc' dir='ltr'><em>ἀλυσιτελοῦς</em></span> <span class='ocrx_word' id='word_1_27' title='bbox 686 292 821 344; x_wconf 86' lang='grc' dir='ltr'><em>νίκης,</em></span> <span class='ocrx_word' id='word_1_28' title='bbox 857 305 1027 341; x_wconf 85' lang='lat' dir='ltr'><strong>quaeque</strong></span> <span class='ocrx_word' id='word_1_29' title='bbox 1056 295 1142 342; x_wconf 85' lang='lat' dir='ltr'><strong>plus</strong></span> <span class='ocrx_word' id='word_1_30' title='bbox 1172 294 1390 330; x_wconf 80' lang='lat' dir='ltr'><strong>detrimenti</strong></span> <span class='ocrx_word' id='word_1_31' title='bbox 1428 306 1539 342; x_wconf 82' lang='lat' dir='ltr'><strong>quam</strong></span> <span class='ocrx_word' id='word_1_32' title='bbox 1566 293 1744 329; x_wconf 87' lang='lat' dir='ltr'><strong>conmodi</strong></span> 
     </span>
     <span class='ocr_line' id='line_1_6' title="bbox 292 348 1743 399; baseline -0.001 -12"><span class='ocrx_word' id='word_1_33' title='bbox 292 350 468 388; x_wconf 82' lang='lat' dir='ltr'><strong>vincenti</strong></span> <span class='ocrx_word' id='word_1_34' title='bbox 499 349 701 395; x_wconf 84' lang='lat' dir='ltr'><strong>conciliat,</strong></span> <span class='ocrx_word' id='word_1_35' title='bbox 731 357 864 386; x_wconf 90' lang='lat' dir='ltr'><strong>notum</strong></span> <span class='ocrx_word' id='word_1_36' title='bbox 895 355 964 385; x_wconf 86' lang='lat' dir='ltr'><strong>est.</strong></span> <span class='ocrx_word' id='word_1_37' title='bbox 994 348 1139 386; x_wconf 87' lang='lat' dir='ltr'>Auctor</span> <span class='ocrx_word' id='word_1_38' title='bbox 1166 353 1247 399; x_wconf 88' lang='lat' dir='ltr'><strong>ipse</strong></span> <span class='ocrx_word' id='word_1_39' title='bbox 1276 351 1512 399; x_wconf 80' lang='lat' dir='ltr'><strong>explicuerat</strong></span> <span class='ocrx_word' id='word_1_40' title='bbox 1532 348 1574 386; x_wconf 85' lang='lat' dir='ltr'><strong>L.</strong></span> <span class='ocrx_word' id='word_1_41' title='bbox 1594 348 1743 395; x_wconf 61' lang='lat' dir='ltr'><strong>XXII„</strong></span> 
     </span>
     <span class='ocr_line' id='line_1_7' title="bbox 294 402 1742 455; baseline -0.002 -12"><span class='ocrx_word' id='word_1_42' title='bbox 294 412 338 444; x_wconf 93' lang='lat' dir='ltr'><strong>ut</strong></span> <span class='ocrx_word' id='word_1_43' title='bbox 358 417 406 441; x_wconf 83' lang='lat' dir='ltr'><strong>ex</strong></span> <span class='ocrx_word' id='word_1_44' title='bbox 426 405 571 455; x_wconf 86' lang='lat' dir='ltr'><strong>Ecloga</strong></span> <span class='ocrx_word' id='word_1_45' title='bbox 593 402 654 441; x_wconf 86' lang='lat' dir='ltr'><strong>[V.</strong></span> <span class='ocrx_word' id='word_1_46' title='bbox 679 405 839 442; x_wconf 85' lang='lat' dir='ltr'><strong>videbis.</strong></span> <span class='ocrx_word' id='word_1_47' title='bbox 884 402 1085 454; x_wconf 88' lang='lat' dir='ltr'><strong>Repetitur</strong></span> <span class='ocrx_word' id='word_1_48' title='bbox 1111 405 1158 442; x_wconf 84' lang='lat' dir='ltr'><strong>ab</strong></span> <span class='ocrx_word' id='word_1_49' title='bbox 1188 419 1232 443; x_wconf 86' lang='lat' dir='ltr'><strong>ea</strong></span> <span class='ocrx_word' id='word_1_50' title='bbox 1258 407 1442 452; x_wconf 85' lang='lat' dir='ltr'><strong>victoria,</strong></span> <span class='ocrx_word' id='word_1_51' title='bbox 1472 417 1583 453; x_wconf 88' lang='lat' dir='ltr'><strong>quam</strong></span> <span class='ocrx_word' id='word_1_52' title='bbox 1601 418 1742 455; x_wconf 85' lang='lat' dir='ltr'><strong>magno</strong></span> 
     </span>
     <span class='ocr_line' id='line_1_8' title="bbox 297 459 1743 512; baseline -0.001 -14"><span class='ocrx_word' id='word_1_53' title='bbox 297 475 365 499; x_wconf 91' lang='lat' dir='ltr'><strong>suo</strong></span> <span class='ocrx_word' id='word_1_54' title='bbox 393 462 494 497; x_wconf 90' lang='lat' dir='ltr'><strong>malo</strong></span> <span class='ocrx_word' id='word_1_55' title='bbox 532 459 730 507; x_wconf 85' lang='lat' dir='ltr'><strong>Thebani,</strong></span> <span class='ocrx_word' id='word_1_56' title='bbox 770 463 885 498; x_wconf 78' lang='lat' dir='ltr'><strong>victis</strong></span> <span class='ocrx_word' id='word_1_57' title='bbox 923 460 1109 511; x_wconf 84' lang='lat' dir='ltr'><strong>Polynice</strong></span> <span class='ocrx_word' id='word_1_58' title='bbox 1150 469 1188 499; x_wconf 90' lang='lat' dir='ltr'><strong>et</strong></span> <span class='ocrx_word' id='word_1_59' title='bbox 1216 462 1398 512; x_wconf 84' lang='lat' dir='ltr'><strong>Argivis,</strong></span> <span class='ocrx_word' id='word_1_60' title='bbox 1441 468 1743 511; x_wconf 77' lang='lat' dir='ltr'><strong>reportaverant.</strong></span> 
     </span>
     <span class='ocr_line' id='line_1_9' title="bbox 294 514 1745 570; baseline -0.001 -14"><span class='ocrx_word' id='word_1_61' title='bbox 294 519 507 556; x_wconf 80' lang='lat' dir='ltr'><strong>Pausanias</strong></span> <span class='ocrx_word' id='word_1_62' title='bbox 529 516 598 553; x_wconf 87' lang='lat' dir='ltr'><strong>lX.</strong></span> <span class='ocrx_word' id='word_1_63' title='bbox 620 517 663 556; x_wconf 88' lang='lat'><strong>9.</strong></span> <span class='ocrx_word' id='word_1_64' title='bbox 692 514 868 569; x_wconf 70' lang='grc' dir='ltr'><em>Ἐγένετο</em></span> <span class='ocrx_word' id='word_1_65' title='bbox 891 515 934 555; x_wconf 71' lang='grc' dir='ltr'><strong>δὲ</strong></span> <span class='ocrx_word' id='word_1_66' title='bbox 957 517 1023 555; x_wconf 78' lang='grc' dir='ltr'><strong>καὶ</strong></span> <span class='ocrx_word' id='word_1_67' title='bbox 1047 515 1188 564; x_wconf 77' lang='grc' dir='ltr'><em>αὐτοῖς</em></span> <span class='ocrx_word' id='word_1_68' title='bbox 1206 514 1444 570; x_wconf 77' lang='lat' dir='ltr'><strong>(Thebanis)</strong></span> <span class='ocrx_word' id='word_1_69' title='bbox 1464 515 1509 557; x_wconf 76' lang='grc' dir='ltr'><strong>τὸ</strong></span> <span class='ocrx_word' id='word_1_70' title='bbox 1530 515 1645 569; x_wconf 64' lang='grc' dir='ltr'><em>ἔργον</em></span> <span class='ocrx_word' id='word_1_71' title='bbox 1670 514 1745 556; x_wconf 77' lang='grc' dir='ltr'><em>οὐκ</em></span> 
     </span>
     <span class='ocr_line' id='line_1_10' title="bbox 295 568 1745 627; baseline -0.001 -14"><span class='ocrx_word' id='word_1_72' title='bbox 295 571 390 613; x_wconf 67' lang='grc' dir='ltr'><em>ἄνευ</em></span> <span class='ocrx_word' id='word_1_73' title='bbox 413 573 550 611; x_wconf 81' lang='grc' dir='ltr'><em>κακῶν</em></span> <span class='ocrx_word' id='word_1_74' title='bbox 571 568 771 624; x_wconf 78' lang='grc' dir='ltr'><em>μεγάλων·</em></span> <span class='ocrx_word' id='word_1_75' title='bbox 806 572 873 611; x_wconf 79' lang='grc' dir='ltr'><strong>καὶ</strong></span> <span class='ocrx_word' id='word_1_76' title='bbox 895 570 961 610; x_wconf 73' lang='grc' dir='ltr'><strong>ἀπ’</strong></span> <span class='ocrx_word' id='word_1_77' title='bbox 993 571 1144 612; x_wconf 68' lang='grc' dir='ltr'><em>ἐκείνου</em></span> <span class='ocrx_word' id='word_1_78' title='bbox 1169 572 1219 613; x_wconf 78' lang='grc' dir='ltr'><strong>τὰ</strong></span> <span class='ocrx_word' id='word_1_79' title='bbox 1241 572 1315 612; x_wconf 70' lang='grc' dir='ltr'><em>σὺν</em></span> <span class='ocrx_word' id='word_1_80' title='bbox 1347 572 1510 627; x_wconf 63' lang='grc' dir='ltr'><strong>ὀλέθρῳ</strong></span> <span class='ocrx_word' id='word_1_81' title='bbox 1536 576 1619 612; x_wconf 80' lang='grc' dir='ltr'><em>τῶν</em></span> <span class='ocrx_word' id='word_1_82' title='bbox 1641 587 1745 625; x_wconf 81' lang='grc' dir='ltr'><em>κρα-</em></span> 
     </span>
     <span class='ocr_line' id='line_1_11' title="bbox 293 624 1749 682; baseline -0.002 -13"><span class='ocrx_word' id='word_1_83' title='bbox 293 624 525 682; x_wconf 78' lang='grc' dir='ltr'><em>τησάντων,</em></span> <span class='ocrx_word' id='word_1_84' title='bbox 542 628 883 667; x_wconf 68' lang='lat' dir='ltr'><strong>KAAMEIAN</strong></span> <span class='ocrx_word' id='word_1_85' title='bbox 900 625 1146 679; x_wconf 67' lang='grc' dir='ltr'><em>ὀνομάζουσι</em></span> <span class='ocrx_word' id='word_1_86' title='bbox 1171 631 1381 669; x_wconf 79' lang='grc' dir='ltr'><strong>ΝΙΚΗΝ.</strong></span> <span class='ocrx_word' id='word_1_87' title='bbox 1398 630 1504 666; x_wconf 89' lang='lat' dir='ltr'><strong>Alias</strong></span> <span class='ocrx_word' id='word_1_88' title='bbox 1525 628 1620 666; x_wconf 85' lang='lat' dir='ltr'><strong>dicti</strong></span> <span class='ocrx_word' id='word_1_89' title='bbox 1639 642 1749 666; x_wconf 82' lang='lat' dir='ltr'><strong>caus-</strong></span> 
     </span>
     <span class='ocr_line' id='line_1_12' title="bbox 296 684 1575 735; baseline -0.002 -11"><span class='ocrx_word' id='word_1_90' title='bbox 296 700 358 724; x_wconf 89' lang='lat' dir='ltr'><strong>sas</strong></span> <span class='ocrx_word' id='word_1_91' title='bbox 376 684 501 722; x_wconf 86' lang='lat' dir='ltr'><strong>adfert</strong></span> <span class='ocrx_word' id='word_1_92' title='bbox 521 684 786 735; x_wconf 84' lang='lat' dir='ltr'><strong>Diogenianus</strong></span> <span class='ocrx_word' id='word_1_93' title='bbox 809 685 872 724; x_wconf 82' lang='lat' dir='ltr'><strong>lv.</strong></span> <span class='ocrx_word' id='word_1_94' title='bbox 896 686 985 732; x_wconf 84' lang='lat'><strong>45.,</strong></span> <span class='ocrx_word' id='word_1_95' title='bbox 1007 686 1072 722; x_wconf 82' lang='lat' dir='ltr'><strong>ubi</strong></span> <span class='ocrx_word' id='word_1_96' title='bbox 1093 685 1295 723; x_wconf 87' lang='lat' dir='ltr'><strong>Schottum</strong></span> <span class='ocrx_word' id='word_1_97' title='bbox 1315 686 1416 723; x_wconf 84' lang='lat' dir='ltr'><strong>vide.</strong></span> <span class='ocrx_word' id='word_1_98' title='bbox 1442 686 1575 723; x_wconf 64' lang='lat' dir='ltr'><strong>Wrtss.</strong></span> 
     </span>
    </p>

    <p class='ocr_par' dir='ltr' id='par_1_4' title="bbox 294 735 1748 1015">
     <span class='ocr_line' id='line_1_13' title="bbox 408 735 1748 794; baseline -0.002 -13"><span class='ocrx_word' id='word_1_99' title='bbox 408 742 516 781; x_wconf 85' lang='lat'><strong>413.</strong></span> <span class='ocrx_word' id='word_1_100' title='bbox 541 742 611 781; x_wconf 89' lang='lat'><strong>58.</strong></span> <span class='ocrx_word' id='word_1_101' title='bbox 649 738 734 779; x_wconf 80' lang='grc' dir='ltr'><em>Τὸν</em></span> <span class='ocrx_word' id='word_1_102' title='bbox 755 735 1043 793; x_wconf 70' lang='grc' dir='ltr'><em>ἀφηγούμενον</em></span> <span class='ocrx_word' id='word_1_103' title='bbox 1064 744 1136 780; x_wconf 77' lang='grc' dir='ltr'><em>τοῖ’</em></span> <span class='ocrx_word' id='word_1_104' title='bbox 1160 737 1309 780; x_wconf 75' lang='grc' dir='ltr'><em>στόλου</em></span> <span class='ocrx_word' id='word_1_105' title='bbox 1323 738 1584 794; x_wconf 73' lang='grc' dir='ltr'><em>ΖΙΙεγαβάτην</em></span> <span class='ocrx_word' id='word_1_106' title='bbox 1595 740 1613 792; x_wconf 93' lang='lat'>]</span> <span class='ocrx_word' id='word_1_107' title='bbox 1641 739 1748 778; x_wconf 85' lang='lat' dir='ltr'><strong>Inter</strong></span> 
     </span>
     <span class='ocr_line' id='line_1_14' title="bbox 295 793 1747 849; baseline 0 -14"><span class='ocrx_word' id='word_1_108' title='bbox 295 800 431 836; x_wconf 90' lang='lat' dir='ltr'><strong>classis</strong></span> <span class='ocrx_word' id='word_1_109' title='bbox 463 799 677 845; x_wconf 83' lang='lat' dir='ltr'><strong>praefectos</strong></span> <span class='ocrx_word' id='word_1_110' title='bbox 706 797 805 845; x_wconf 87' lang='lat' dir='ltr'><strong>apud</strong></span> <span class='ocrx_word' id='word_1_111' title='bbox 834 797 1072 835; x_wconf 86' lang='lat' dir='ltr'><strong>Herodotum</strong></span> <span class='ocrx_word' id='word_1_112' title='bbox 1103 797 1185 834; x_wconf 83' lang='lat' dir='ltr'><strong>VH.</strong></span> <span class='ocrx_word' id='word_1_113' title='bbox 1208 800 1281 838; x_wconf 81' lang='lat'><strong>97.</strong></span> <span class='ocrx_word' id='word_1_114' title='bbox 1313 799 1462 846; x_wconf 85' lang='lat' dir='ltr'><strong>reperio</strong></span> <span class='ocrx_word' id='word_1_115' title='bbox 1493 793 1747 849; x_wconf 75' lang='grc' dir='ltr'><em>Μεγάβαζον</em></span> 
     </span>
     <span class='ocr_line' id='line_1_15' title="bbox 294 848 1747 906; baseline -0.004 -12"><span class='ocrx_word' id='word_1_116' title='bbox 294 853 369 894; x_wconf 78' lang='grc' dir='ltr'><em>τὸν</em></span> <span class='ocrx_word' id='word_1_117' title='bbox 391 848 679 904; x_wconf 73' lang='grc' dir='ltr'><em>ΖΙΤεγαβάτεω,</em></span> <span class='ocrx_word' id='word_1_118' title='bbox 708 856 773 900; x_wconf 83' lang='lat' dir='ltr'><strong>qui</strong></span> <span class='ocrx_word' id='word_1_119' title='bbox 803 856 835 890; x_wconf 91' lang='lat' dir='ltr'><strong>si</strong></span> <span class='ocrx_word' id='word_1_120' title='bbox 855 854 955 891; x_wconf 85' lang='lat' dir='ltr'><strong>idem</strong></span> <span class='ocrx_word' id='word_1_121' title='bbox 988 861 1046 890; x_wconf 86' lang='lat' dir='ltr'><strong>est</strong></span> <span class='ocrx_word' id='word_1_122' title='bbox 1073 867 1116 890; x_wconf 84' lang='lat' dir='ltr'><strong>ac</strong></span> <span class='ocrx_word' id='word_1_123' title='bbox 1143 848 1399 906; x_wconf 66' lang='grc' dir='ltr'><strong>-711εγαβάζης</strong></span> <span class='ocrx_word' id='word_1_124' title='bbox 1427 853 1610 904; x_wconf 84' lang='lat' dir='ltr'><strong>Aeschyli</strong></span> <span class='ocrx_word' id='word_1_125' title='bbox 1641 854 1747 891; x_wconf 89' lang='lat' dir='ltr'><strong>Pers.</strong></span> 
     </span>
     <span class='ocr_line' id='line_1_16' title="bbox 295 908 1748 958; baseline 0.001 -13"><span class='ocrx_word' id='word_1_126' title='bbox 295 925 334 948; x_wconf 78' lang='lat' dir='ltr'><strong>v.</strong></span> <span class='ocrx_word' id='word_1_127' title='bbox 359 912 432 949; x_wconf 82' lang='lat'><strong>22.</strong></span> <span class='ocrx_word' id='word_1_128' title='bbox 463 915 506 945; x_wconf 90' lang='lat' dir='ltr'><strong>ut</strong></span> <span class='ocrx_word' id='word_1_129' title='bbox 526 910 743 958; x_wconf 86' lang='lat' dir='ltr'><strong>suspicatur</strong></span> <span class='ocrx_word' id='word_1_130' title='bbox 765 908 985 957; x_wconf 85' lang='lat' dir='ltr'><strong>Stanleius,</strong></span> <span class='ocrx_word' id='word_1_131' title='bbox 1016 913 1130 947; x_wconf 89' lang='lat' dir='ltr'><strong>unius</strong></span> <span class='ocrx_word' id='word_1_132' title='bbox 1152 912 1284 948; x_wconf 88' lang='lat' dir='ltr'><strong>literae</strong></span> <span class='ocrx_word' id='word_1_133' title='bbox 1306 913 1518 948; x_wconf 85' lang='lat' dir='ltr'><strong>mutatione</strong></span> <span class='ocrx_word' id='word_1_134' title='bbox 1544 908 1690 947; x_wconf 83' lang='lat' dir='ltr'><strong>homini</strong></span> <span class='ocrx_word' id='word_1_135' title='bbox 1709 916 1748 946; x_wconf 87' lang='lat' dir='ltr'><strong>et</strong></span> 
     </span>
     <span class='ocr_line' id='line_1_17' title="bbox 296 965 1120 1015; baseline -0.001 -11"><span class='ocrx_word' id='word_1_136' title='bbox 296 966 360 1004; x_wconf 91' lang='lat' dir='ltr'><strong>hic</strong></span> <span class='ocrx_word' id='word_1_137' title='bbox 380 978 491 1003; x_wconf 90' lang='lat' dir='ltr'><strong>suum</strong></span> <span class='ocrx_word' id='word_1_138' title='bbox 509 978 650 1001; x_wconf 90' lang='lat' dir='ltr'><strong>nomen</strong></span> <span class='ocrx_word' id='word_1_139' title='bbox 675 965 785 1002; x_wconf 87' lang='lat' dir='ltr'><strong>reddi</strong></span> <span class='ocrx_word' id='word_1_140' title='bbox 805 969 956 1015; x_wconf 89' lang='lat' dir='ltr'><strong>poterit.</strong></span> <span class='ocrx_word' id='word_1_141' title='bbox 986 966 1120 1004; x_wconf 73' lang='lat' dir='ltr'><strong>Wssss.</strong></span> 
     </span>
    </p>

    <p class='ocr_par' dir='ltr' id='par_1_5' title="bbox 292 1018 1749 1241">
     <span class='ocr_line' id='line_1_18' title="bbox 409 1018 1749 1075; baseline -0.002 -14"><span class='ocrx_word' id='word_1_142' title='bbox 409 1022 516 1061; x_wconf 83' lang='lat'><strong>413.</strong></span> <span class='ocrx_word' id='word_1_143' title='bbox 545 1022 618 1061; x_wconf 85' lang='grc'><strong>64.</strong></span> <span class='ocrx_word' id='word_1_144' title='bbox 646 1019 766 1072; x_wconf 80' lang='grc' dir='ltr'><em>Πρὸς</em></span> <span class='ocrx_word' id='word_1_145' title='bbox 787 1020 917 1074; x_wconf 76' lang='grc' dir='ltr'><em>ἄκραν</em></span> <span class='ocrx_word' id='word_1_146' title='bbox 937 1020 1012 1073; x_wconf 73' lang='grc' dir='ltr'><em>τὴν</em></span> <span class='ocrx_word' id='word_1_147' title='bbox 1038 1019 1345 1075; x_wconf 72' lang='grc' dir='ltr'><em>ὀνομαζομένην</em></span> <span class='ocrx_word' id='word_1_148' title='bbox 1365 1018 1584 1074; x_wconf 74' lang='grc' dir='ltr'><strong>Σηπιάδα]</strong></span> <span class='ocrx_word' id='word_1_149' title='bbox 1617 1020 1749 1059; x_wconf 85' lang='lat' dir='ltr'><strong>Fabu-</strong></span> 
     </span>
     <span class='ocr_line' id='line_1_19' title="bbox 296 1077 1749 1129; baseline -0.001 -13"><span class='ocrx_word' id='word_1_150' title='bbox 296 1081 419 1116; x_wconf 88' lang='lat' dir='ltr'><strong>losam</strong></span> <span class='ocrx_word' id='word_1_151' title='bbox 440 1079 609 1115; x_wconf 89' lang='lat' dir='ltr'><strong>nominis</strong></span> <span class='ocrx_word' id='word_1_152' title='bbox 630 1080 925 1128; x_wconf 83' lang='lat' dir='ltr'><strong>originationem</strong></span> <span class='ocrx_word' id='word_1_153' title='bbox 948 1087 1169 1127; x_wconf 85' lang='lat' dir='ltr'><strong>proponunt</strong></span> <span class='ocrx_word' id='word_1_154' title='bbox 1188 1078 1323 1116; x_wconf 81' lang='lat' dir='ltr'><strong>Critici</strong></span> <span class='ocrx_word' id='word_1_155' title='bbox 1343 1080 1389 1116; x_wconf 87' lang='lat' dir='ltr'><strong>ad</strong></span> <span class='ocrx_word' id='word_1_156' title='bbox 1411 1080 1587 1129; x_wconf 88' lang='lat' dir='ltr'><strong>Apollon.</strong></span> <span class='ocrx_word' id='word_1_157' title='bbox 1625 1077 1749 1115; x_wconf 87' lang='lat' dir='ltr'><strong>Rhod.</strong></span> 
     </span>
     <span class='ocr_line' id='line_1_20' title="bbox 292 1134 1748 1183; baseline 0.004 -12"><span class='ocrx_word' id='word_1_158' title='bbox 292 1135 327 1173; x_wconf 76' lang='lat' dir='ltr'><strong>vI.</strong></span> <span class='ocrx_word' id='word_1_159' title='bbox 355 1136 457 1175; x_wconf 84' lang='lat'><strong>582.</strong></span> <span class='ocrx_word' id='word_1_160' title='bbox 471 1161 483 1180; x_wconf 90' lang='lat'><strong>,</strong></span> <span class='ocrx_word' id='word_1_161' title='bbox 515 1135 662 1171; x_wconf 84' lang='lat' dir='ltr'><strong>cladem</strong></span> <span class='ocrx_word' id='word_1_162' title='bbox 680 1147 773 1172; x_wconf 85' lang='lat' dir='ltr'><strong>vero</strong></span> <span class='ocrx_word' id='word_1_163' title='bbox 794 1135 985 1172; x_wconf 85' lang='lat' dir='ltr'><strong>Persicam</strong></span> <span class='ocrx_word' id='word_1_164' title='bbox 1000 1143 1085 1183; x_wconf 88' lang='lat' dir='ltr'><strong>post</strong></span> <span class='ocrx_word' id='word_1_165' title='bbox 1105 1135 1342 1173; x_wconf 86' lang='lat' dir='ltr'><strong>Herodotum</strong></span> <span class='ocrx_word' id='word_1_166' title='bbox 1353 1135 1434 1173; x_wconf 81' lang='lat' dir='ltr'><strong>Vll.</strong></span> <span class='ocrx_word' id='word_1_167' title='bbox 1463 1138 1562 1176; x_wconf 85' lang='lat'>188·</span> <span class='ocrx_word' id='word_1_168' title='bbox 1584 1134 1748 1172; x_wconf 72' lang='lat' dir='ltr'><strong>Pausan-</strong></span> 
     </span>
     <span class='ocr_line' id='line_1_21' title="bbox 297 1190 1356 1241; baseline 0.002 -13"><span class='ocrx_word' id='word_1_169' title='bbox 297 1191 402 1228; x_wconf 88' lang='lat' dir='ltr'><strong>VIII.</strong></span> <span class='ocrx_word' id='word_1_170' title='bbox 423 1192 497 1230; x_wconf 84' lang='lat'><strong>27.</strong></span> <span class='ocrx_word' id='word_1_171' title='bbox 526 1204 563 1240; x_wconf 89' lang='lat' dir='ltr'><strong>p.</strong></span> <span class='ocrx_word' id='word_1_172' title='bbox 586 1191 691 1230; x_wconf 84' lang='lat'><strong>657.</strong></span> <span class='ocrx_word' id='word_1_173' title='bbox 721 1198 758 1227; x_wconf 85' lang='lat' dir='ltr'><strong>et</strong></span> <span class='ocrx_word' id='word_1_174' title='bbox 781 1190 920 1228; x_wconf 87' lang='lat' dir='ltr'><strong>Strabo</strong></span> <span class='ocrx_word' id='word_1_175' title='bbox 941 1191 1010 1229; x_wconf 88' lang='lat' dir='ltr'><strong>IX.</strong></span> <span class='ocrx_word' id='word_1_176' title='bbox 1033 1205 1068 1241; x_wconf 93' lang='lat' dir='ltr'><strong>p.</strong></span> <span class='ocrx_word' id='word_1_177' title='bbox 1088 1193 1192 1232; x_wconf 84' lang='lat'><strong>675.</strong></span> <span class='ocrx_word' id='word_1_178' title='bbox 1224 1192 1356 1230; x_wconf 59' lang='lat' dir='ltr'><strong>wass.</strong></span> 
     </span>
    </p>

    <p class='ocr_par' dir='ltr' id='par_1_6' title="bbox 297 1244 1754 1566">
     <span class='ocr_line' id='line_1_22' title="bbox 409 1244 1747 1299; baseline -0.002 -13"><span class='ocrx_word' id='word_1_179' title='bbox 409 1248 517 1287; x_wconf 87' lang='lat'><strong>413.</strong></span> <span class='ocrx_word' id='word_1_180' title='bbox 551 1248 624 1287; x_wconf 83' lang='grc'><strong>69.</strong></span> <span class='ocrx_word' id='word_1_181' title='bbox 656 1247 730 1293; x_wconf 79' lang='grc' dir='ltr'><strong>Εἷς</strong></span> <span class='ocrx_word' id='word_1_182' title='bbox 742 1244 917 1299; x_wconf 74' lang='grc' dir='ltr'><em>Ἀφέτας</em></span> <span class='ocrx_word' id='word_1_183' title='bbox 936 1250 1010 1299; x_wconf 77' lang='grc' dir='ltr'><strong>τῆς</strong></span> <span class='ocrx_word' id='word_1_184' title='bbox 1031 1245 1303 1299; x_wconf 70' lang='grc' dir='ltr'><em>ΖΙΙαγνησιάς]</em></span> <span class='ocrx_word' id='word_1_185' title='bbox 1335 1246 1474 1285; x_wconf 79' lang='lat' dir='ltr'><strong>Strabo</strong></span> <span class='ocrx_word' id='word_1_186' title='bbox 1497 1247 1567 1284; x_wconf 87' lang='lat' dir='ltr'><strong>IX.</strong></span> <span class='ocrx_word' id='word_1_187' title='bbox 1588 1261 1622 1297; x_wconf 88' lang='lat' dir='ltr'><strong>p.</strong></span> <span class='ocrx_word' id='word_1_188' title='bbox 1638 1249 1747 1288; x_wconf 90' lang='grc'><strong>666.</strong></span> 
     </span>
     <span class='ocr_line' id='line_1_23' title="bbox 297 1299 1752 1357; baseline 0.001 -17"><span class='ocrx_word' id='word_1_189' title='bbox 297 1311 497 1354; x_wconf 80' lang='lat' dir='ltr'><strong>postquam</strong></span> <span class='ocrx_word' id='word_1_190' title='bbox 520 1303 565 1339; x_wconf 88' lang='lat' dir='ltr'><strong>de</strong></span> <span class='ocrx_word' id='word_1_191' title='bbox 587 1302 747 1353; x_wconf 84' lang='lat' dir='ltr'><strong>Pagasis</strong></span> <span class='ocrx_word' id='word_1_192' title='bbox 778 1307 1033 1351; x_wconf 79' lang='lat' dir='ltr'><strong>meminisset,</strong></span> <span class='ocrx_word' id='word_1_193' title='bbox 1063 1304 1238 1355; x_wconf 78' lang='grc' dir='ltr'><strong>πλησίον</strong></span> <span class='ocrx_word' id='word_1_194' title='bbox 1260 1303 1303 1342; x_wconf 71' lang='grc' dir='ltr'><strong>δὲ</strong></span> <span class='ocrx_word' id='word_1_195' title='bbox 1333 1303 1399 1342; x_wconf 83' lang='grc' dir='ltr'><strong>καὶ</strong></span> <span class='ocrx_word' id='word_1_196' title='bbox 1414 1302 1580 1357; x_wconf 68' lang='grc' dir='ltr'><em>Ἀφέται</em></span> <span class='ocrx_word' id='word_1_197' title='bbox 1594 1331 1605 1350; x_wconf 94' lang='grc'><em>,</em></span> <span class='ocrx_word' id='word_1_198' title='bbox 1628 1299 1683 1349; x_wconf 75' lang='grc' dir='ltr'><strong>ὡς</strong></span> <span class='ocrx_word' id='word_1_199' title='bbox 1701 1300 1752 1342; x_wconf 74' lang='grc' dir='ltr'><em>ἂν</em></span> 
     </span>
     <span class='ocr_line' id='line_1_24' title="bbox 299 1355 1753 1413; baseline -0.002 -14"><span class='ocrx_word' id='word_1_200' title='bbox 299 1355 524 1413; x_wconf 75' lang='grc' dir='ltr'><em>ἀφετήριον</em></span> <span class='ocrx_word' id='word_1_201' title='bbox 546 1357 932 1411; x_wconf 78' lang='grc' dir='ltr'><em>τῶνἈργοναυτῶν.</em></span> <span class='ocrx_word' id='word_1_202' title='bbox 963 1360 1183 1397; x_wconf 87' lang='lat' dir='ltr'><strong>Herodotus</strong></span> <span class='ocrx_word' id='word_1_203' title='bbox 1207 1360 1307 1396; x_wconf 83' lang='lat' dir='ltr'><strong>Vlll.</strong></span> <span class='ocrx_word' id='word_1_204' title='bbox 1332 1362 1371 1399; x_wconf 88' lang='lat'><strong>7.</strong></span> <span class='ocrx_word' id='word_1_205' title='bbox 1401 1362 1537 1397; x_wconf 88' lang='lat' dir='ltr'><strong>ceteris</strong></span> <span class='ocrx_word' id='word_1_206' title='bbox 1558 1360 1604 1396; x_wconf 88' lang='lat' dir='ltr'><strong>ad</strong></span> <span class='ocrx_word' id='word_1_207' title='bbox 1625 1359 1753 1408; x_wconf 88' lang='lat' dir='ltr'><strong>Aphe-</strong></span> 
     </span>
     <span class='ocr_line' id='line_1_25' title="bbox 299 1416 1751 1465; baseline 0 -12"><span class='ocrx_word' id='word_1_208' title='bbox 299 1423 359 1453; x_wconf 86' lang='lat' dir='ltr'><strong>tas</strong></span> <span class='ocrx_word' id='word_1_209' title='bbox 384 1418 425 1453; x_wconf 88' lang='lat' dir='ltr'><strong>in</strong></span> <span class='ocrx_word' id='word_1_210' title='bbox 447 1418 599 1452; x_wconf 85' lang='lat' dir='ltr'><strong>ancoris</strong></span> <span class='ocrx_word' id='word_1_211' title='bbox 627 1417 950 1462; x_wconf 82' lang='lat' dir='ltr'><strong>consistentibus,</strong></span> <span class='ocrx_word' id='word_1_212' title='bbox 971 1416 1157 1454; x_wconf 84' lang='lat' dir='ltr'><strong>ducentas</strong></span> <span class='ocrx_word' id='word_1_213' title='bbox 1187 1429 1306 1454; x_wconf 84' lang='lat' dir='ltr'><strong>naves</strong></span> <span class='ocrx_word' id='word_1_214' title='bbox 1326 1418 1461 1453; x_wconf 85' lang='lat' dir='ltr'><strong>missas</strong></span> <span class='ocrx_word' id='word_1_215' title='bbox 1489 1417 1630 1463; x_wconf 81' lang='lat' dir='ltr'><strong>refert,</strong></span> <span class='ocrx_word' id='word_1_216' title='bbox 1656 1428 1751 1465; x_wconf 86' lang='lat' dir='ltr'><strong>quae</strong></span> 
     </span>
     <span class='ocr_line' id='line_1_26' title="bbox 297 1471 1754 1522; baseline 0.001 -14"><span class='ocrx_word' id='word_1_217' title='bbox 297 1471 495 1509; x_wconf 87' lang='lat' dir='ltr'><strong>Euboeam</strong></span> <span class='ocrx_word' id='word_1_218' title='bbox 519 1474 905 1522; x_wconf 86' lang='lat' dir='ltr'><strong>circumnavigarent.</strong></span> <span class='ocrx_word' id='word_1_219' title='bbox 932 1472 1035 1509; x_wconf 86' lang='lat' dir='ltr'><strong>Hinc</strong></span> <span class='ocrx_word' id='word_1_220' title='bbox 1057 1473 1186 1510; x_wconf 87' lang='lat' dir='ltr'><strong>mendi</strong></span> <span class='ocrx_word' id='word_1_221' title='bbox 1207 1474 1373 1521; x_wconf 87' lang='lat' dir='ltr'><strong>suspicio</strong></span> <span class='ocrx_word' id='word_1_222' title='bbox 1393 1475 1486 1510; x_wconf 87' lang='lat' dir='ltr'><strong>oriri</strong></span> <span class='ocrx_word' id='word_1_223' title='bbox 1507 1479 1649 1521; x_wconf 89' lang='lat' dir='ltr'><strong>posset,</strong></span> <span class='ocrx_word' id='word_1_224' title='bbox 1675 1474 1754 1510; x_wconf 87' lang='lat' dir='ltr'><strong>nisi</strong></span> 
     </span>
     <span class='ocr_line' id='line_1_27' title="bbox 301 1527 1266 1566; baseline 0 -1"><span class='ocrx_word' id='word_1_225' title='bbox 301 1535 340 1565; x_wconf 86' lang='lat' dir='ltr'><strong>et</strong></span> <span class='ocrx_word' id='word_1_226' title='bbox 361 1531 402 1566; x_wconf 88' lang='lat' dir='ltr'><strong>in</strong></span> <span class='ocrx_word' id='word_1_227' title='bbox 422 1529 511 1565; x_wconf 90' lang='lat' dir='ltr'><strong>aliis</strong></span> <span class='ocrx_word' id='word_1_228' title='bbox 530 1529 576 1564; x_wconf 90' lang='lat' dir='ltr'><strong>ab</strong></span> <span class='ocrx_word' id='word_1_229' title='bbox 599 1542 643 1565; x_wconf 93' lang='lat' dir='ltr'><strong>eo</strong></span> <span class='ocrx_word' id='word_1_230' title='bbox 662 1527 858 1566; x_wconf 91' lang='lat' dir='ltr'><strong>Diodorus</strong></span> <span class='ocrx_word' id='word_1_231' title='bbox 879 1529 1103 1566; x_wconf 89' lang='lat' dir='ltr'><strong>discederet.</strong></span> <span class='ocrx_word' id='word_1_232' title='bbox 1132 1529 1266 1566; x_wconf 75' lang='lat' dir='ltr'><strong>VVESS.</strong></span> 
     </span>
    </p>

    <p class='ocr_par' dir='ltr' id='par_1_7' title="bbox 300 1581 1757 2409">
     <span class='ocr_line' id='line_1_28' title="bbox 414 1581 1752 1637; baseline -0.001 -13"><span class='ocrx_word' id='word_1_233' title='bbox 414 1585 522 1624; x_wconf 81' lang='grc'><strong>413.</strong></span> <span class='ocrx_word' id='word_1_234' title='bbox 549 1585 621 1624; x_wconf 80' lang='lat'><strong>74.</strong></span> <span class='ocrx_word' id='word_1_235' title='bbox 659 1584 892 1631; x_wconf 85' lang='grc' dir='ltr'><em>Διακοσίας</em></span> <span class='ocrx_word' id='word_1_236' title='bbox 921 1585 988 1624; x_wconf 80' lang='grc' dir='ltr'><strong>καὶ</strong></span> <span class='ocrx_word' id='word_1_237' title='bbox 1014 1581 1297 1637; x_wconf 72' lang='grc' dir='ltr'><em>ὀγδοήκοντα]</em></span> <span class='ocrx_word' id='word_1_238' title='bbox 1338 1584 1558 1623; x_wconf 84' lang='lat' dir='ltr'><strong>Herodotus</strong></span> <span class='ocrx_word' id='word_1_239' title='bbox 1581 1584 1684 1624; x_wconf 86' lang='lat' dir='ltr'><strong>VIII.</strong></span> <span class='ocrx_word' id='word_1_240' title='bbox 1708 1587 1752 1625; x_wconf 84' lang='lat'><strong>2.</strong></span> 
     </span>
     <span class='ocr_line' id='line_1_29' title="bbox 301 1640 1756 1693; baseline 0 -15"><span class='ocrx_word' id='word_1_241' title='bbox 301 1642 472 1678; x_wconf 87' lang='lat' dir='ltr'><strong>omnium</strong></span> <span class='ocrx_word' id='word_1_242' title='bbox 487 1640 534 1678; x_wconf 88' lang='lat' dir='ltr'><strong>ad</strong></span> <span class='ocrx_word' id='word_1_243' title='bbox 556 1640 803 1678; x_wconf 89' lang='lat' dir='ltr'><strong>Artemisium</strong></span> <span class='ocrx_word' id='word_1_244' title='bbox 825 1649 1054 1689; x_wconf 83' lang='lat' dir='ltr'><strong>coactarum,</strong></span> <span class='ocrx_word' id='word_1_245' title='bbox 1084 1649 1235 1690; x_wconf 87' lang='lat' dir='ltr'><strong>praeter</strong></span> <span class='ocrx_word' id='word_1_246' title='bbox 1256 1655 1374 1679; x_wconf 84' lang='lat' dir='ltr'><strong>naves</strong></span> <span class='ocrx_word' id='word_1_247' title='bbox 1395 1643 1675 1693; x_wconf 85' lang='lat' dir='ltr'><strong>quinquaginta</strong></span> <span class='ocrx_word' id='word_1_248' title='bbox 1693 1655 1756 1679; x_wconf 82' lang='lat' dir='ltr'><strong>re-</strong></span> 
     </span>
     <span class='ocr_line' id='line_1_30' title="bbox 300 1698 1754 1749; baseline 0 -15"><span class='ocrx_word' id='word_1_249' title='bbox 300 1711 461 1744; x_wconf 86' lang='lat' dir='ltr'><strong>morum,</strong></span> <span class='ocrx_word' id='word_1_250' title='bbox 483 1709 683 1734; x_wconf 88' lang='lat' dir='ltr'><strong>numerum</strong></span> <span class='ocrx_word' id='word_1_251' title='bbox 706 1708 853 1734; x_wconf 78' lang='lat' dir='ltr'>CCLXX1</span> <span class='ocrx_word' id='word_1_252' title='bbox 875 1700 1039 1749; x_wconf 83' lang='lat' dir='ltr'><strong>colligit,</strong></span> <span class='ocrx_word' id='word_1_253' title='bbox 1062 1700 1177 1747; x_wconf 88' lang='lat' dir='ltr'><strong>inque</strong></span> <span class='ocrx_word' id='word_1_254' title='bbox 1198 1698 1256 1735; x_wconf 91' lang='lat' dir='ltr'><strong>his</strong></span> <span class='ocrx_word' id='word_1_255' title='bbox 1275 1698 1568 1735; x_wconf 85' lang='lat' dir='ltr'><strong>Atheniensium</strong></span> <span class='ocrx_word' id='word_1_256' title='bbox 1588 1708 1754 1744; x_wconf 80' lang='lat' dir='ltr'><strong>cxxvn,</strong></span> 
     </span>
     <span class='ocr_line' id='line_1_31' title="bbox 300 1752 1754 1805; baseline -0.001 -14"><span class='ocrx_word' id='word_1_257' title='bbox 300 1753 443 1791; x_wconf 86' lang='lat' dir='ltr'><strong>Noster</strong></span> <span class='ocrx_word' id='word_1_258' title='bbox 466 1767 497 1791; x_wconf 89' lang='lat' dir='ltr'><strong>c.</strong></span> <span class='ocrx_word' id='word_1_259' title='bbox 524 1752 595 1794; x_wconf 85' lang='lat'><strong>13.</strong></span> <span class='ocrx_word' id='word_1_260' title='bbox 627 1753 769 1791; x_wconf 87' lang='lat' dir='ltr'><strong>Atticis</strong></span> <span class='ocrx_word' id='word_1_261' title='bbox 798 1755 935 1791; x_wconf 90' lang='lat' dir='ltr'><strong>deinde</strong></span> <span class='ocrx_word' id='word_1_262' title='bbox 958 1756 1164 1792; x_wconf 88' lang='lat' dir='ltr'><strong>accessisse</strong></span> <span class='ocrx_word' id='word_1_263' title='bbox 1193 1757 1366 1791; x_wconf 86' lang='lat' dir='ltr'><strong>triremes</strong></span> <span class='ocrx_word' id='word_1_264' title='bbox 1389 1757 1666 1805; x_wconf 85' lang='lat' dir='ltr'><strong>quinquaginta</strong></span> <span class='ocrx_word' id='word_1_265' title='bbox 1686 1753 1754 1790; x_wconf 88' lang='lat' dir='ltr'><strong>ad-</strong></span> 
     </span>
     <span class='ocr_line' id='line_1_32' title="bbox 301 1810 1753 1857; baseline 0.001 -11"><span class='ocrx_word' id='word_1_266' title='bbox 301 1810 451 1857; x_wconf 88' lang='lat' dir='ltr'><strong>firmat,</strong></span> <span class='ocrx_word' id='word_1_267' title='bbox 503 1810 605 1847; x_wconf 91' lang='lat' dir='ltr'><strong>unde</strong></span> <span class='ocrx_word' id='word_1_268' title='bbox 636 1811 860 1847; x_wconf 89' lang='lat' dir='ltr'><strong>rotundiore</strong></span> <span class='ocrx_word' id='word_1_269' title='bbox 889 1823 1047 1848; x_wconf 87' lang='lat' dir='ltr'><strong>numero</strong></span> <span class='ocrx_word' id='word_1_270' title='bbox 1080 1811 1121 1848; x_wconf 87' lang='lat' dir='ltr'><strong>L.</strong></span> <span class='ocrx_word' id='word_1_271' title='bbox 1155 1810 1268 1849; x_wconf 80' lang='lat' dir='ltr'><strong>Xffl.</strong></span> <span class='ocrx_word' id='word_1_272' title='bbox 1302 1813 1376 1851; x_wconf 84' lang='lat'><strong>21.</strong></span> <span class='ocrx_word' id='word_1_273' title='bbox 1416 1818 1453 1847; x_wconf 89' lang='lat' dir='ltr'><strong>et</strong></span> <span class='ocrx_word' id='word_1_274' title='bbox 1486 1811 1527 1848; x_wconf 75' lang='lat' dir='ltr'><strong>L.</strong></span> <span class='ocrx_word' id='word_1_275' title='bbox 1559 1811 1645 1847; x_wconf 85' lang='lat' dir='ltr'><strong>XV.</strong></span> <span class='ocrx_word' id='word_1_276' title='bbox 1680 1812 1753 1851; x_wconf 86' lang='lat'><strong>78.</strong></span> 
     </span>
     <span class='ocr_line' id='line_1_33' title="bbox 303 1865 1754 1916; baseline 0.001 -15"><span class='ocrx_word' id='word_1_277' title='bbox 303 1877 348 1901; x_wconf 86' lang='lat' dir='ltr'><strong>cc</strong></span> <span class='ocrx_word' id='word_1_278' title='bbox 371 1866 441 1902; x_wconf 87' lang='lat' dir='ltr'><strong>hoc</strong></span> <span class='ocrx_word' id='word_1_279' title='bbox 463 1865 562 1904; x_wconf 91' lang='lat' dir='ltr'><strong>bello</strong></span> <span class='ocrx_word' id='word_1_280' title='bbox 583 1879 750 1904; x_wconf 87' lang='lat' dir='ltr'><strong>armasse</strong></span> <span class='ocrx_word' id='word_1_281' title='bbox 770 1867 1025 1904; x_wconf 86' lang='lat' dir='ltr'><strong>Athenienses</strong></span> <span class='ocrx_word' id='word_1_282' title='bbox 1056 1867 1280 1904; x_wconf 84' lang='lat' dir='ltr'><strong>traduntur:</strong></span> <span class='ocrx_word' id='word_1_283' title='bbox 1308 1880 1418 1916; x_wconf 89' lang='lat' dir='ltr'><strong>quem</strong></span> <span class='ocrx_word' id='word_1_284' title='bbox 1439 1867 1588 1914; x_wconf 85' lang='lat' dir='ltr'><strong>quidem</strong></span> <span class='ocrx_word' id='word_1_285' title='bbox 1611 1868 1754 1904; x_wconf 86' lang='lat' dir='ltr'><strong>catalo-</strong></span> 
     </span>
     <span class='ocr_line' id='line_1_34' title="bbox 302 1922 1753 1973; baseline 0.001 -15"><span class='ocrx_word' id='word_1_286' title='bbox 302 1935 395 1972; x_wconf 86' lang='lat' dir='ltr'><strong>gum</strong></span> <span class='ocrx_word' id='word_1_287' title='bbox 419 1936 498 1959; x_wconf 90' lang='lat' dir='ltr'><strong>non</strong></span> <span class='ocrx_word' id='word_1_288' title='bbox 521 1923 674 1960; x_wconf 89' lang='lat' dir='ltr'><strong>excedit</strong></span> <span class='ocrx_word' id='word_1_289' title='bbox 693 1923 820 1973; x_wconf 88' lang='lat' dir='ltr'><strong>Nepos</strong></span> <span class='ocrx_word' id='word_1_290' title='bbox 842 1922 1027 1961; x_wconf 86' lang='lat' dir='ltr'><strong>Themist.</strong></span> <span class='ocrx_word' id='word_1_291' title='bbox 1053 1922 1151 1969; x_wconf 85' lang='lat' dir='ltr'><strong>c.3.,</strong></span> <span class='ocrx_word' id='word_1_292' title='bbox 1175 1935 1297 1971; x_wconf 88' lang='lat' dir='ltr'><strong>neque</strong></span> <span class='ocrx_word' id='word_1_293' title='bbox 1318 1922 1565 1960; x_wconf 90' lang='lat' dir='ltr'><strong>Demosthen.</strong></span> <span class='ocrx_word' id='word_1_294' title='bbox 1591 1923 1659 1962; x_wconf 89' lang='lat' dir='ltr'><strong>Or.</strong></span> <span class='ocrx_word' id='word_1_295' title='bbox 1684 1936 1753 1972; x_wconf 89' lang='lat' dir='ltr'><strong>pro</strong></span> 
     </span>
     <span class='ocr_line' id='line_1_35' title="bbox 303 1976 1755 2028; baseline -0.001 -13"><span class='ocrx_word' id='word_1_296' title='bbox 303 1976 441 2015; x_wconf 89' lang='lat' dir='ltr'><strong>Coron.</strong></span> <span class='ocrx_word' id='word_1_297' title='bbox 472 1992 508 2028; x_wconf 88' lang='lat' dir='ltr'><strong>p.</strong></span> <span class='ocrx_word' id='word_1_298' title='bbox 534 1981 635 2019; x_wconf 88' lang='lat'><strong>179.</strong></span> <span class='ocrx_word' id='word_1_299' title='bbox 684 1976 738 2016; x_wconf 92' lang='lat' dir='ltr'><strong>Ut</strong></span> <span class='ocrx_word' id='word_1_300' title='bbox 772 1983 889 2017; x_wconf 88' lang='lat' dir='ltr'><strong>mirer</strong></span> <span class='ocrx_word' id='word_1_301' title='bbox 916 1980 1079 2017; x_wconf 89' lang='lat' dir='ltr'><strong>eundem</strong></span> <span class='ocrx_word' id='word_1_302' title='bbox 1109 1980 1216 2018; x_wconf 86' lang='lat' dir='ltr'><strong>Orat.</strong></span> <span class='ocrx_word' id='word_1_303' title='bbox 1249 1980 1293 2016; x_wconf 90' lang='lat' dir='ltr'><strong>de</strong></span> <span class='ocrx_word' id='word_1_304' title='bbox 1313 1979 1434 2018; x_wconf 85' lang='lat' dir='ltr'><strong>Class.</strong></span> <span class='ocrx_word' id='word_1_305' title='bbox 1466 1991 1502 2027; x_wconf 84' lang='lat' dir='ltr'><strong>p.</strong></span> <span class='ocrx_word' id='word_1_306' title='bbox 1531 1982 1632 2020; x_wconf 88' lang='grc'><strong>108.</strong></span> <span class='ocrx_word' id='word_1_307' title='bbox 1659 1980 1755 2016; x_wconf 88' lang='lat' dir='ltr'><strong>scri--</strong></span> 
     </span>
     <span class='ocr_line' id='line_1_36' title="bbox 303 2027 1755 2087; baseline 0.001 -16"><span class='ocrx_word' id='word_1_308' title='bbox 303 2035 447 2083; x_wconf 89' lang='lat' dir='ltr'><strong>psisse:</strong></span> <span class='ocrx_word' id='word_1_309' title='bbox 469 2031 552 2074; x_wconf 78' lang='grc' dir='ltr'><em>οῗὸἐ</em></span> <span class='ocrx_word' id='word_1_310' title='bbox 573 2035 650 2085; x_wconf 73' lang='grc' dir='ltr'><strong>μὲν</strong></span> <span class='ocrx_word' id='word_1_311' title='bbox 669 2034 893 2087; x_wconf 87' lang='lat' dir='ltr'><strong>(Persarum</strong></span> <span class='ocrx_word' id='word_1_312' title='bbox 911 2033 1001 2087; x_wconf 86' lang='lat' dir='ltr'><strong>rex)</strong></span> <span class='ocrx_word' id='word_1_313' title='bbox 1021 2036 1275 2087; x_wconf 85' lang='grc' dir='ltr'><em>τριακοσίαις</em></span> <span class='ocrx_word' id='word_1_314' title='bbox 1294 2032 1513 2087; x_wconf 65' lang='grc' dir='ltr'><em>τριήρεσιν,</em></span> <span class='ocrx_word' id='word_1_315' title='bbox 1529 2027 1585 2075; x_wconf 78' lang='grc' dir='ltr'><em>ὧν</em></span> <span class='ocrx_word' id='word_1_316' title='bbox 1607 2031 1755 2074; x_wconf 67' lang='grc' dir='ltr'><em>ἑκατὸν</em></span> 
     </span>
     <span class='ocr_line' id='line_1_37' title="bbox 301 2086 1757 2145; baseline 0 -16"><span class='ocrx_word' id='word_1_317' title='bbox 301 2086 583 2141; x_wconf 69' lang='grc' dir='ltr'><em>παρεσχόμεθ’</em></span> <span class='ocrx_word' id='word_1_318' title='bbox 610 2087 748 2143; x_wconf 74' lang='grc' dir='ltr'><em>ἡμεῖς,</em></span> <span class='ocrx_word' id='word_1_319' title='bbox 782 2090 879 2137; x_wconf 78' lang='grc' dir='ltr'><em>τοὺς</em></span> <span class='ocrx_word' id='word_1_320' title='bbox 909 2088 1136 2145; x_wconf 75' lang='grc' dir='ltr'><em>προγόνους</em></span> <span class='ocrx_word' id='word_1_321' title='bbox 1167 2090 1295 2131; x_wconf 75' lang='grc' dir='ltr'><em>αὐτοῦ</em></span> <span class='ocrx_word' id='word_1_322' title='bbox 1311 2092 1446 2142; x_wconf 75' lang='grc' dir='ltr'><em>χιλίας</em></span> <span class='ocrx_word' id='word_1_323' title='bbox 1473 2089 1757 2137; x_wconf 67' lang='grc' dir='ltr'><em>ἀπολέσαντας</em></span> 
     </span>
     <span class='ocr_line' id='line_1_38' title="bbox 304 2146 1754 2199; baseline -0.001 -13"><span class='ocrx_word' id='word_1_324' title='bbox 304 2150 417 2193; x_wconf 73' lang='grc' dir='ltr'><em>ναῦς.</em></span> <span class='ocrx_word' id='word_1_325' title='bbox 468 2146 788 2185; x_wconf 85' lang='lat' dir='ltr'><strong>Existimabimus</strong></span> <span class='ocrx_word' id='word_1_326' title='bbox 816 2149 1017 2185; x_wconf 83' lang='lat' dir='ltr'><strong>Oratorem</strong></span> <span class='ocrx_word' id='word_1_327' title='bbox 1052 2148 1097 2184; x_wconf 91' lang='lat' dir='ltr'><strong>de</strong></span> <span class='ocrx_word' id='word_1_328' title='bbox 1131 2151 1257 2198; x_wconf 85' lang='lat' dir='ltr'><strong>gentis</strong></span> <span class='ocrx_word' id='word_1_329' title='bbox 1287 2162 1376 2185; x_wconf 87' lang='lat' dir='ltr'><strong>suae</strong></span> <span class='ocrx_word' id='word_1_330' title='bbox 1398 2150 1524 2199; x_wconf 80' lang='lat' dir='ltr'><strong>gloria</strong></span> <span class='ocrx_word' id='word_1_331' title='bbox 1555 2148 1754 2184; x_wconf 87' lang='lat' dir='ltr'><strong>detrahere</strong></span> 
     </span>
     <span class='ocr_line' id='line_1_39' title="bbox 303 2203 1757 2255; baseline 0 -14"><span class='ocrx_word' id='word_1_332' title='bbox 303 2205 474 2241; x_wconf 86' lang='lat' dir='ltr'><strong>voluisse</strong></span> <span class='ocrx_word' id='word_1_333' title='bbox 495 2206 534 2240; x_wconf 91' lang='lat' dir='ltr'><strong>in</strong></span> <span class='ocrx_word' id='word_1_334' title='bbox 560 2218 604 2240; x_wconf 88' lang='lat' dir='ltr'><strong>eo</strong></span> <span class='ocrx_word' id='word_1_335' title='bbox 625 2218 822 2251; x_wconf 88' lang='lat' dir='ltr'><strong>sermone,</strong></span> <span class='ocrx_word' id='word_1_336' title='bbox 854 2217 927 2253; x_wconf 87' lang='lat' dir='ltr'><strong>quo</strong></span> <span class='ocrx_word' id='word_1_337' title='bbox 950 2203 1209 2242; x_wconf 88' lang='lat' dir='ltr'><strong>multitudinis</strong></span> <span class='ocrx_word' id='word_1_338' title='bbox 1232 2205 1404 2242; x_wconf 81' lang='lat' dir='ltr'><strong>favorem</strong></span> <span class='ocrx_word' id='word_1_339' title='bbox 1423 2206 1605 2255; x_wconf 84' lang='lat' dir='ltr'><strong>colligere</strong></span> <span class='ocrx_word' id='word_1_340' title='bbox 1626 2203 1757 2241; x_wconf 82' lang='lat' dir='ltr'><strong>stude-</strong></span> 
     </span>
     <span class='ocr_line' id='line_1_40' title="bbox 304 2257 1757 2309; baseline 0.003 -15"><span class='ocrx_word' id='word_1_341' title='bbox 304 2257 395 2295; x_wconf 68' lang='lat' dir='ltr'><strong>bat?</strong></span> <span class='ocrx_word' id='word_1_342' title='bbox 425 2258 612 2309; x_wconf 84' lang='lat' dir='ltr'><strong>Equidem</strong></span> <span class='ocrx_word' id='word_1_343' title='bbox 641 2274 719 2297; x_wconf 89' lang='lat' dir='ltr'><strong>non</strong></span> <span class='ocrx_word' id='word_1_344' title='bbox 739 2264 884 2307; x_wconf 87' lang='lat' dir='ltr'><strong>ausim,</strong></span> <span class='ocrx_word' id='word_1_345' title='bbox 914 2264 1137 2309; x_wconf 88' lang='lat' dir='ltr'><strong>culpamque</strong></span> <span class='ocrx_word' id='word_1_346' title='bbox 1168 2264 1208 2297; x_wconf 89' lang='lat' dir='ltr'><strong>in</strong></span> <span class='ocrx_word' id='word_1_347' title='bbox 1239 2274 1490 2297; x_wconf 88' lang='lat' dir='ltr'><strong>amanuenses</strong></span> <span class='ocrx_word' id='word_1_348' title='bbox 1511 2262 1659 2307; x_wconf 88' lang='lat' dir='ltr'><strong>refero,</strong></span> <span class='ocrx_word' id='word_1_349' title='bbox 1690 2262 1757 2308; x_wconf 83' lang='lat' dir='ltr'><strong>qui</strong></span> 
     </span>
     <span class='ocr_line' id='line_1_41' title="bbox 304 2309 1757 2366; baseline 0.002 -15"><span class='ocrx_word' id='word_1_350' title='bbox 304 2317 456 2352; x_wconf 88' lang='lat' dir='ltr'><strong>numeri</strong></span> <span class='ocrx_word' id='word_1_351' title='bbox 477 2324 568 2353; x_wconf 88' lang='lat' dir='ltr'><strong>nota</strong></span> <span class='ocrx_word' id='word_1_352' title='bbox 591 2317 740 2365; x_wconf 89' lang='lat' dir='ltr'><strong>decepti</strong></span> <span class='ocrx_word' id='word_1_353' title='bbox 759 2331 807 2354; x_wconf 87' lang='lat' dir='ltr'><strong>ex</strong></span> <span class='ocrx_word' id='word_1_354' title='bbox 834 2309 890 2357; x_wconf 79' lang='grc' dir='ltr'><em>ὧν</em></span> <span class='ocrx_word' id='word_1_355' title='bbox 915 2317 1129 2364; x_wconf 76' lang='grc' dir='ltr'><em>διακοσίας</em></span> <span class='ocrx_word' id='word_1_356' title='bbox 1148 2316 1210 2365; x_wconf 90' lang='lat' dir='ltr'><strong>id,</strong></span> <span class='ocrx_word' id='word_1_357' title='bbox 1239 2318 1340 2365; x_wconf 90' lang='lat' dir='ltr'><strong>quod</strong></span> <span class='ocrx_word' id='word_1_358' title='bbox 1369 2317 1516 2366; x_wconf 87' lang='lat' dir='ltr'><strong>editur,</strong></span> <span class='ocrx_word' id='word_1_359' title='bbox 1548 2324 1757 2354; x_wconf 79' lang='lat' dir='ltr'><strong>exstruxe-</strong></span> 
     </span>
     <span class='ocr_line' id='line_1_42' title="bbox 303 2372 568 2409; baseline 0.004 -1"><span class='ocrx_word' id='word_1_360' title='bbox 303 2379 407 2409; x_wconf 88' lang='lat' dir='ltr'><strong>runt.</strong></span> <span class='ocrx_word' id='word_1_361' title='bbox 434 2372 568 2409; x_wconf 59' lang='lat' dir='ltr'><strong>Witss.</strong></span> 
     </span>
    </p>

    <p class='ocr_par' dir='ltr' id='par_1_8' title="bbox 305 2424 1757 2706">
     <span class='ocr_line' id='line_1_43' title="bbox 419 2424 1754 2482; baseline 0 -15"><span class='ocrx_word' id='word_1_362' title='bbox 419 2429 526 2468; x_wconf 85' lang='lat'><strong>413.</strong></span> <span class='ocrx_word' id='word_1_363' title='bbox 559 2430 630 2469; x_wconf 88' lang='lat'><strong>78.</strong></span> <span class='ocrx_word' id='word_1_364' title='bbox 663 2424 748 2468; x_wconf 67' lang='lat' dir='ltr'><strong>Aac&gt;</strong></span> <span class='ocrx_word' id='word_1_365' title='bbox 778 2425 940 2469; x_wconf 75' lang='grc' dir='ltr'><em>σι”νεσιν</em></span> <span class='ocrx_word' id='word_1_366' title='bbox 970 2428 1038 2469; x_wconf 83' lang='grc' dir='ltr'><strong>καὶ</strong></span> <span class='ocrx_word' id='word_1_367' title='bbox 1061 2427 1342 2482; x_wconf 79' lang='grc' dir='ltr'><em>στρατηγίαν]</em></span> <span class='ocrx_word' id='word_1_368' title='bbox 1377 2429 1481 2466; x_wconf 83' lang='lat' dir='ltr'><strong>Idem</strong></span> <span class='ocrx_word' id='word_1_369' title='bbox 1511 2435 1569 2466; x_wconf 88' lang='lat' dir='ltr'><strong>est</strong></span> <span class='ocrx_word' id='word_1_370' title='bbox 1607 2442 1653 2466; x_wconf 78' lang='lat' dir='ltr'><strong>ac</strong></span> <span class='ocrx_word' id='word_1_371' title='bbox 1686 2424 1754 2467; x_wconf 78' lang='grc' dir='ltr'><strong>διὰ</strong></span> 
     </span>
     <span class='ocr_line' id='line_1_44' title="bbox 307 2479 1756 2537; baseline -0.001 -13"><span class='ocrx_word' id='word_1_372' title='bbox 307 2479 470 2524; x_wconf 71' lang='grc' dir='ltr'><em>σ’ὕνεσιν</em></span> <span class='ocrx_word' id='word_1_373' title='bbox 491 2483 787 2537; x_wconf 81' lang='grc' dir='ltr'><em>στρατηγικὴν,</em></span> <span class='ocrx_word' id='word_1_374' title='bbox 810 2494 854 2523; x_wconf 88' lang='lat' dir='ltr'><strong>ut</strong></span> <span class='ocrx_word' id='word_1_375' title='bbox 883 2500 914 2523; x_wconf 91' lang='lat' dir='ltr'><strong>c.</strong></span> <span class='ocrx_word' id='word_1_376' title='bbox 935 2488 1010 2527; x_wconf 85' lang='lat'><strong>21.</strong></span> <span class='ocrx_word' id='word_1_377' title='bbox 1035 2492 1074 2523; x_wconf 89' lang='lat' dir='ltr'><strong>et</strong></span> <span class='ocrx_word' id='word_1_378' title='bbox 1093 2486 1136 2522; x_wconf 88' lang='lat' dir='ltr'><strong>L.</strong></span> <span class='ocrx_word' id='word_1_379' title='bbox 1155 2485 1243 2523; x_wconf 88' lang='lat' dir='ltr'><strong>XV.</strong></span> <span class='ocrx_word' id='word_1_380' title='bbox 1270 2487 1340 2526; x_wconf 84' lang='grc'><strong>56.</strong></span> <span class='ocrx_word' id='word_1_381' title='bbox 1378 2485 1665 2536; x_wconf 85' lang='lat' dir='ltr'><strong>Epaminondas</strong></span> <span class='ocrx_word' id='word_1_382' title='bbox 1687 2481 1756 2522; x_wconf 76' lang='grc' dir='ltr'><strong>διὰ</strong></span> 
     </span>
     <span class='ocr_line' id='line_1_45' title="bbox 305 2538 1756 2606; baseline -0.001 -26"><span class='ocrx_word' id='word_1_383' title='bbox 305 2543 380 2606; x_wconf 70' lang='grc' dir='ltr'><strong>τῆς</strong></span> <span class='ocrx_word' id='word_1_384' title='bbox 402 2540 510 2586; x_wconf 78' lang='grc' dir='ltr'><em>ἰδίας</em></span> <span class='ocrx_word' id='word_1_385' title='bbox 530 2539 721 2594; x_wconf 72' lang='grc' dir='ltr'><em>ἀνδρείας</em></span> <span class='ocrx_word' id='word_1_386' title='bbox 740 2538 923 2592; x_wconf 81' lang='grc' dir='ltr'><em>μάλιστα</em></span> <span class='ocrx_word' id='word_1_387' title='bbox 943 2541 1011 2582; x_wconf 88' lang='grc' dir='ltr'><strong>καὶ</strong></span> <span class='ocrx_word' id='word_1_388' title='bbox 1033 2545 1305 2594; x_wconf 71' lang='grc' dir='ltr'><em>στρατηγικῆς</em></span> <span class='ocrx_word' id='word_1_389' title='bbox 1328 2541 1528 2588; x_wconf 72' lang='grc' dir='ltr'><em>συνέσεως</em></span> <span class='ocrx_word' id='word_1_390' title='bbox 1548 2539 1645 2588; x_wconf 68' lang='grc' dir='ltr'><em>τοὺς</em></span> <span class='ocrx_word' id='word_1_391' title='bbox 1665 2538 1756 2579; x_wconf 83' lang='grc' dir='ltr'><em>ἀνι-</em></span> 
     </span>
     <span class='ocr_line' id='line_1_46' title="bbox 305 2595 1757 2650; baseline -0.003 -14"><span class='ocrx_word' id='word_1_392' title='bbox 305 2612 454 2648; x_wconf 84' lang='grc' dir='ltr'><em>κητους</em></span> <span class='ocrx_word' id='word_1_393' title='bbox 477 2605 550 2636; x_wconf 79' lang='lat' dir='ltr'><strong>etc.</strong></span> <span class='ocrx_word' id='word_1_394' title='bbox 584 2595 952 2650; x_wconf 72' lang='grc' dir='ltr'><em>κατηγωιίσμὲιός’</em></span> <span class='ocrx_word' id='word_1_395' title='bbox 992 2598 1091 2647; x_wconf 81' lang='lat' dir='ltr'><strong>quod</strong></span> <span class='ocrx_word' id='word_1_396' title='bbox 1125 2611 1248 2648; x_wconf 85' lang='lat' dir='ltr'><strong>genus</strong></span> <span class='ocrx_word' id='word_1_397' title='bbox 1277 2606 1452 2642; x_wconf 85' lang='lat' dir='ltr'><strong>nostrum</strong></span> <span class='ocrx_word' id='word_1_398' title='bbox 1483 2610 1611 2636; x_wconf 80' lang='lat' dir='ltr'><strong>amare</strong></span> <span class='ocrx_word' id='word_1_399' title='bbox 1643 2596 1757 2634; x_wconf 83' lang='lat' dir='ltr'><strong>(locet</strong></span> 
     </span>
     <span class='ocr_line' id='line_1_47' title="bbox 305 2652 1251 2706; baseline 0 -15"><span class='ocrx_word' id='word_1_400' title='bbox 305 2653 389 2691; x_wconf 83' lang='lat' dir='ltr'><strong>Pet.</strong></span> <span class='ocrx_word' id='word_1_401' title='bbox 409 2652 534 2692; x_wconf 85' lang='lat' dir='ltr'><strong>Faber</strong></span> <span class='ocrx_word' id='word_1_402' title='bbox 564 2652 726 2705; x_wconf 80' lang='lat' dir='ltr'><strong>Semest.</strong></span> <span class='ocrx_word' id='word_1_403' title='bbox 751 2654 800 2692; x_wconf 84' lang='lat'><strong>11.</strong></span> <span class='ocrx_word' id='word_1_404' title='bbox 819 2656 892 2696; x_wconf 83' lang='lat'><strong>25.</strong></span> <span class='ocrx_word' id='word_1_405' title='bbox 915 2668 950 2706; x_wconf 84' lang='lat' dir='ltr'><strong>p.</strong></span> <span class='ocrx_word' id='word_1_406' title='bbox 975 2655 1082 2697; x_wconf 81' lang='lat'><strong>343.</strong></span> <span class='ocrx_word' id='word_1_407' title='bbox 1116 2654 1251 2694; x_wconf 67' lang='lat' dir='ltr'><strong>wssss.</strong></span> 
     </span>
    </p>
   </div>
  </div>
 </body>
</html>
