1828 3253
254 49 347 94 616
710 45 1235 89 ANNOTATIONES

262 167 307 201 ut
324 161 466 199 mutuis
486 159 533 197 de
562 172 606 198 ea
625 161 898 200 certaminibus
921 173 1032 210 saepe
1063 161 1117 200 sit
1143 166 1365 212 pugnatum.
1408 160 1450 198 Id
1472 163 1571 199 enim
1592 176 1705 214 περι-

262 213 462 286 μάχητος
499 215 613 255 Unde
633 215 778 269 Gorgo,
805 230 917 266 quam
935 218 1045 256 multi
1064 219 1171 268 proci
1192 218 1421 264 ambiebant,
1442 215 1508 256 διὰ
1528 219 1706 257 πλοῦτον

264 269 541 338 περιμάχητος
558 270 625 313 καὶ
641 269 995 327 πολυμιήστευτος
1017 275 1058 312 in
1078 272 1276 312 Plutarchi
1294 273 1462 311 Amator.
1481 287 1515 323 p.
1529 275 1632 313 766.
1644 272 1708 320 D„

267 329 359 382 βίος
386 323 686 381 περιμάχητος,
723 330 785 366 cui
820 332 994 367 certatim
1024 330 1136 368 multi
1163 330 1340 376 student,
1372 329 1471 366 Phil.
1498 329 1582 369 Iud.
1609 328 1710 379 apud

267 385 410 426 Euseb
443 384 487 425 L.
509 383 612 424 vlu.
652 385 785 435 Praep.
815 384 965 436 Evang.
994 397 1027 425 e.
1054 387 1148 431 ll..
1173 393 1211 422 et
1240 381 1545 437 ἀπεριμάχητον
1575 381 1709 437 ὁογμα

269 440 338 484 καὶ
367 438 574 493 ἀνωφελὲς
600 442 641 480 in
664 441 832 481 eiusdem
861 440 903 477 L.
934 441 979 477 de
1002 441 1106 492 Opif.
1137 415 1270 480 hund.
1301 456 1336 493 p.
1358 444 1399 482 2.
1417 441 1461 477 E.
1475 468 1486 487 ‚
1522 438 1710 490 ἀοίδιμον

271 511 406 549 ονομα
438 495 505 538 καὶ
536 493 814 550 περιμάχητον
845 497 890 533 de
910 497 1056 535 divitiis
1086 498 1126 536 in
1145 498 1306 537 Luciani
1334 496 1545 545 Contempl.
1567 511 1598 533 c.
1628 499 1713 544 11...

269 567 356 593 cum
376 559 468 592 nota
501 551 548 592 T.
571 552 872 600 Hemsterbusii‚
901 548 1027 601 τόπος
1058 550 1333 607 περιμάχητος
1357 553 1530 602 supraL.
1550 553 1614 590 ΙΙΙ.
1642 555 1712 593 10.

271 608 408 649 Talem
434 622 526 648 vero
558 608 814 660 Amphipolim
850 610 970 648 fuisse
996 609 1123 648 clades
1155 610 1351 657 indicant,
1389 610 1525 660 quibus
1554 610 1601 646 ad
1630 622 1713 646 eam

270 664 526 705 Athenienses
556 666 645 703 olim
678 664 826 703 adflicti
859 672 960 713 sunt,
986 667 1197 704 recensitae
1218 679 1240 704 a
1262 665 1390 704 Schol.
1419 665 1598 702 Aeschin.
1622 663 1714 714 περὶ

270 722 473 774 Παραπρ.
466 748 490 768 .,
512 727 550 759 et
570 727 735 769 exparte
749 721 908 769 quadam
921 734 943 759 a
962 735 1020 760 me
1034 722 1082 760 ad
1095 721 1268 761 itinerar.
1281 721 1539 772 Hierosolym.
1549 734 1584 772 p.
1597 722 1700 762 604.
1692 748 1716 769 .‚

272 778 396 830 quod,
421 779 455 816 si
473 776 649 823 videtur,
674 779 835 826 inspice.
866 777 999 816 WESS.

338 890 378 930 3·
386 833 489 927 5ᾆ5.
520 833 562 873 4.
609 832 801 887 Πλησίον
829 835 904 888 τῆς
930 829 1144 893 γεφύοας]
1180 832 1270 874 Vid.
1298 831 1564 886 Thucydidem
1587 832 1716 873 L.1v.

274 891 332 934 10
465 899 549 926 ESS

389 939 736 998 525.11.Σύμη
756 943 824 986 καὶ
848 942 1066 997 Γαληψός]
1097 945 1199 996 Lege
1227 940 1392 996 Οῗσυμη
1415 960 1482 985 και
1505 940 1719 997 Γαληψός.

271 1001 391 1044 Nulla
410 1002 464 1039 ibi
485 1000 623 1051 Syme:
650 1008 689 1038 at
710 1001 875 1052 Oesyme
897 1004 990 1041 satis
1012 1002 1172 1040 celebris
1203 1008 1240 1040 et
1259 1001 1481 1040 auctoribus
1510 1014 1618 1050 saepe
1639 1015 1720 1039 me·

271 1065 433 1098 morata.
451 1056 582 1097 PALM.
612 1058 757 1097 Vitium
778 1071 826 1096 ex
847 1057 1075 1107 Thucydide
1097 1057 1138 1098 L.
1164 1057 1229 1098 IV.
1249 1059 1350 1100 107.
1381 1058 1627 1096 manifestum
1647 1064 1719 1105 est,

272 1126 396 1164 neque
416 1115 519 1164 fugit
539 1113 577 1152 id
600 1113 838 1164 diligentiam
867 1113 916 1152 H.
936 1113 1081 1152 Valesii
1109 1116 1150 1151 in
1170 1113 1362 1152 Maussaci
1390 1121 1468 1152 not.
1492 1113 1540 1150 ad
1568 1113 1720 1163 Harpo-

273 1179 367 1210 crat
385 1182 420 1221 p.
448 1172 549 1211 106.
581 1169 673 1209 Fuit
694 1171 732 1208 id
759 1171 864 1208 urbis
884 1171 1026 1217 fatum,
1055 1177 1099 1207 ut
1117 1170 1351 1207 multimodis
1373 1171 1454 1206 eius
1475 1183 1613 1207 nomen
1635 1182 1721 1206 cor-

271 1234 523 1276 rumperetur
563 1226 750 1277 Exempla
768 1227 873 1267 dabit
893 1226 1116 1265 Maussacus
1138 1229 1179 1265 in
1205 1225 1431 1278 Harpocrat.
1457 1226 1498 1265 Γ
1495 1227 1545 1266 α)
1549 1223 1659 1279 ηψός
1682 1232 1721 1263 et

277 1279 457 1334 Οἷσυμη.
488 1282 622 1322 ἋῙΕ55

391 1340 592 1380 526-12.
631 1336 716 1379 Καὶ
740 1333 959 1391 ΖΙἸύρκινον
986 1334 1214 1379 Ιῑιῖωιικόν
1241 1332 1540 1389 ποὶισμάτιον]
1580 1336 1724 1375 Pleris-

276 1405 349 1446 que
369 1397 598 1444 scriptorum
618 1390 835 1446 Μυρκινος
853 1394 925 1434 hoc
945 1395 1138 1442 oppidum
1167 1396 1325 1438 Quaerit
1345 1393 1504 1442 proinde
1526 1393 1601 1431 lac.
1623 1393 1722 1430 Gro-

275 1455 416 1491 novius
435 1451 483 1490 ad
505 1450 688 1502 Stephan.
714 1453 754 1489 in
776 1450 867 1491 Voc.
888 1457 1017 1488 utrum
1032 1445 1249 1502 ΖΙΙύοκινος
1268 1457 1400 1487 auctor
1420 1448 1640 1498 scripserit'l
1672 1462 1722 1486 an

275 1520 370 1547 vero
390 1513 547 1557 quartus
576 1510 626 1545 sit
646 1519 756 1545 casus
787 1513 825 1544 et
842 1507 979 1545 referri
999 1507 1134 1545 debeat
1154 1506 1202 1545 ad
1222 1506 1380 1546 verbum
1416 1502 1722 1558 προσιῃάγετοὲ

275 1562 475 1603 Posterius
505 1564 634 1601 malim
672 1575 757 1601 cum
786 1564 872 1600 viro
905 1563 1190 1609 eruditissimo,
1231 1563 1310 1599 nisi
1338 1563 1436 1599 forte
1464 1562 1569 1600 aliud
1601 1574 1724 1612 genus

276 1617 366 1658 huic
393 1619 581 1659 vocabulo
610 1621 824 1667 inposuerit
853 1617 1070 1665 Diodorus,
1099 1618 1200 1670 quod
1223 1630 1341 1666 paene
1369 1625 1508 1667 putem.
1533 1617 1667 1656 WEss.

395 1676 498 1718 526.
527 1677 602 1714 21.
645 1674 719 1720 Εἷς
754 1672 828 1726 τὴν
857 1673 1114 1726 καλουμένην
1131 1671 1325 1742 Ἀκτὴν]
1370 1673 1476 1712 Haec
1509 1677 1616 1724 regio
1643 1680 1726 1713 erat

277 1730 326 1769 ad
354 1738 521 1771 montem
543 1730 665 1778 Atho,
694 1726 718 1782 ἡ
741 1731 836 1799 'ssepi
868 1728 942 1770 τὸν
964 1727 1102 1769 ”Αθω
1122 1727 1285 1780 ''sz‘1)·,
1313 1731 1422 1767 cuius
1456 1733 1630 1766 meminit
1647 1729 1724 1767 De·-

276 1790 438 1826 metrius
467 1790 508 1825 in
527 1785 715 1836 Stephani
741 1783 905 1842 Ἄπη,
929 1793 967 1826 et
984 1789 1155 1826 omnium
1176 1787 1389 1826 clarissime
1412 1785 1659 1839 Thucydides
1680 1786 1723 1825 L.

278 1842 344 1882 lV.
368 1844 469 1885 109
497 1843 632 1883 Wrss.

396 1901 498 1940 526.
516 1900 606 1941 ⁷23.
632 1891 770 1941 Ησαν
799 1895 1012 1951 ”Λνδριων
1032 1895 1225 1950 ἄποικοι]
1265 1897 1324 1937 De
1343 1910 1422 1937 una
1443 1896 1545 1935 Sane
1566 1896 1725 1948 Thucy-

280 1955 389 1994 dides
412 1956 454 1995 L.
479 1955 541 1995 [V
568 1956 668 1997 109.
699 1955 739 1993 id
760 1955 954 1995 adfirmat:
991 1961 1137 1995 ceteras
1157 1957 1347 2007 quinque,
1374 1966 1443 1992 sex
1473 1955 1577 1991 enim
1599 1953 1725 2002 habet,

281 2014 396 2052 sicuti
427 2019 464 2049 et
489 2011 708 2051 Herodotus
736 2010 778 2051 L.
798 2011 880 2052 Vn
905 2013 995 2058 22.,
1024 2024 1046 2049 a
1076 2011 1304 2061 promiscuis
1331 2010 1580 2049 barbarorum
1608 2011 1726 2047 bilin·
1731 2028 1736 2029 ⁷

279 2070 413 2121 guium
430 2069 612 2117 gentibus
641 2067 818 2106 habitari.
859 2066 952 2106 Mox
983 2069 1117 2108 ‘caira
1149 2067 1288 2115 pendet
1317 2078 1364 2103 ex
1384 2067 1596 2114 vocabulo,
1626 2066 1728 2116 quod

282 2124 486 2163 scribentis
503 2127 632 2161 animo
662 2124 948 2163 obversabatur.
990 2123 1089 2162 Nam
1109 2119 1268 2171 πόλεις,
1297 2135 1456 2173 quarum
1486 2123 1724 2170 meminerat,

281 2180 387 2219 aliud
407 2193 529 2230 genus
551 2182 765 2230 requirunt.
796 2180 845 2219 W
850 2190 930 2216 Ess.

397 2237 500 2276 526
543 2237 615 2274 34.
659 2231 1050 2288 Δυσαρεστοιμενοι
1086 2235 1136 2288 τῇ
1167 2229 1260 2275 τότε
1298 2232 1512 2291 ποὶιτείιιι]
1561 2233 1726 2272 Uberius

282 2292 414 2329 omnia
444 2291 535 2329 haec
564 2291 780 2341 'lhucydid
802 2292 865 2330 lv.
893 2294 964 2334 76.
993 2292 1226 2341 exsequitur.
1256 2290 1391 2328 WVEss.

397 2349 503 2391 526.
537 2348 612 2389 44.
654 2347 899 2398 Παιὸημεὶ]
948 2347 1088 2384 Notam
1118 2346 1288 2385 defectus
1317 2344 1466 2385 addidit
1495 2344 1628 2396 Steph.
1660 2345 1727 2383 sed

282 2403 416 2449 abesse
444 2417 523 2443 non
557 2404 678 2442 debet.
724 2404 810 2443 Vid.
833 2402 1050 2454 Thucydid.
1071 2403 1134 2442 IV.
1159 2404 1232 2443 90.
1274 2402 1414 2442 WEss.

396 2461 499 2502 526.
523 2460 597 2500 47.
639 2458 830 2510 Πλησίον
848 2462 921 2511 τῆς
941 2457 1148 2511 Ὠρωπίας
1167 2457 1234 2498 καὶ
1257 2460 1339 2499 τῶν
1362 2455 1471 2510 ὅρων
1492 2459 1567 2509 τῆς
1590 2458 1728 2497 Βοιω-

281 2512 401 2565 elac]
447 2515 664 2566 Legebatur
693 2518 776 2555 τῶν
805 2512 929 2567 ὀρῶν.
976 2515 1029 2554 At
1053 2517 1118 2565 qui
1138 2521 1286 2553 montes
1316 2516 1375 2553 illi
1407 2512 1612 2552 Boeotiae?
1642 2516 1728 2562 quis

280 2570 437 2611 Delium
458 2573 536 2611 illis
556 2570 776 2611 adstruxit?
806 2571 961 2610 Habent
980 2571 1020 2610 in
1048 2570 1120 2609 hac
1137 2571 1289 2621 quidem
1309 2572 1454 2608 vicinia
1475 2571 1631 2616 collem,
1660 2568 1727 2605 sed

281 2630 430 2667 nullum
445 2631 632 2669 montium
651 2634 825 2667 tractum.
855 2629 980 2674 Quare
1001 2627 1047 2664 ab
1067 2628 1154 2664 aliis
1168 2628 1364 2677 neglectos
1377 2626 1438 2663 hic
1459 2638 1578 2674 aequo
1598 2626 1727 2661 animo

281 2684 383 2721 ferre
403 2697 481 2722 non
500 2686 607 2734 potui
626 2690 787 2723 montes.
815 2683 970 2722 Delium
989 2685 1180 2721 collocant
1199 2696 1330 2720 omnes
1353 2685 1395 2719 in
1416 2680 1728 2733 Tanagraeorum
