1828 3253
405 144 471 210 IN
500 144 611 186 LIB.
640 144 716 185 IV.
753 144 879 184 CAP.
921 147 992 188 10.
1022 167 1070 176 --
1097 149 1168 190 12.
1419 152 1508 195 321

70 259 148 298 Leo
169 263 210 298 in
229 266 357 298 monte
383 258 516 307 Treta,
542 257 644 308 quod
664 259 881 307 perforatus
902 266 1003 297 esset
1020 271 1069 297 ex
1089 272 1131 297 re
1148 260 1232 310 ipsa
1253 262 1369 311 dicto,
1385 265 1510 304 cubile

70 324 269 366 posuerat:
299 316 390 353 hinc
409 322 561 353 antrum
580 317 662 351 eius
682 315 973 366 amphitr-etum.
1007 314 1135 354 Habet
1152 326 1320 357 montem
1345 319 1510 373 Τρητὸν

70 386 186 422 prope
204 372 384 409 Nemeam
402 371 563 409 Pausan.
580 370 627 407 II.
653 373 671 410 1
685 373 736 417 5.,
760 378 797 407 et
810 371 948 408 Leonis
968 373 1159 423 originem
1179 376 1348 413 lunarem
1359 377 1508 416 Aelian.

69 427 158 465 Xll.
181 427 229 464 H.
251 428 295 464 A.
319 430 358 467 7.
389 429 617 476 insuperque
647 440 695 463 ex
717 426 865 464 Achille
883 430 925 464 in
948 425 1241 467 Commentariis
1262 432 1413 470 Arateis
1432 433 1508 471 Po-

68 485 193 521 litian.
217 483 376 520 Miscell.
396 496 427 519 c.
450 485 518 522 17.
552 482 685 519 W’ESS.

178 541 284 579 257.
310 540 382 578 94.
410 535 541 577 {As-mv
572 536 617 578 τὸ
651 537 754 577 ἴδιον
779 540 901 589 σῶμα
930 536 1190 592 περιλαβὼν]
1224 540 1323 580 Aliis
1340 544 1505 582 fortasse

69 607 109 632 se
132 595 307 645 probabit
325 591 582 645 περιβαλών,
609 606 704 643 quos
724 607 802 631 non
826 607 984 643 sequor,
1017 598 1168 632 tametsi
1190 597 1289 634 nihil
1310 602 1505 650 vulgatius

66 648 201 688 horum
223 653 508 687 conmutatione
535 651 576 686 in
605 650 879 688 vetustioribus
903 649 1075 698 schedis,
1115 660 1158 688 ut
1177 650 1219 689 L.
1241 653 1314 691 Xl.
1337 656 1410 696 30.
1443 660 1506 694 vi-

67 705 227 744 debitur.
276 705 413 744 Obstat
443 713 481 743 et
505 709 613 744 vocis
634 706 766 744 'forma
794 713 833 743 et
864 707 964 756 quod
988 711 1198 757 praecessit
1225 709 1505 763 περιθέμενος.

63 761 198 801 wass.
403 809 422 815 „

177 819 283 858 257.
305 819 380 858 96.
405 817 481 864 εΗς
509 815 551 865 ἒξ
581 813 671 864 ἑνὸς
705 813 900 868 σώματος
931 813 1078 859 ἑκατὸν
1103 816 1295 874 αὐχένες]
1326 820 1506 863 Totidem

65 876 189 922 capita
212 874 271 910 illi
301 874 452 911 affinxit
479 873 593 910 Ovid.
618 873 687 910 IX.
714 873 805 910 Met.
829 876 901 914 70.

181 929 630 976 Vulneribusfoecnnda
650 933 733 967 sais
753 937 846 967 erat
866 931 963 968 illa:
993 945 1066 968 nec
1087 931 1209 970 ullum

172 985 235 1023 De
259 994 412 1023 centum
433 999 592 1023 numero
619 994 742 1037 caput
760 993 820 1023 est
839 989 982 1037 inpune
1004 990 1185 1037 rec-icum,

179 1041 281 1087 Quin
299 1043 452 1091 gemino
479 1045 616 1079 cert-221:
636 1042 779 1080 herede
804 1044 1004 1080 valentior
1024 1051 1136 1081 esset.

64 1095 213 1135 Novem
253 1099 440 1135 duntaxat
469 1097 629 1149 Gregor.
671 1098 859 1137 Nazianz.
883 1098 988 1136 Orat.
1010 1099 1076 1135 Ill.
1104 1113 1140 1148 p.
1162 1101 1237 1140 92.
1261 1099 1302 1138 C.
1348 1101 1501 1152 Septem

63 1155 151 1200 alii,
201 1154 245 1190 de
275 1154 411 1203 quibus
440 1155 488 1191 ad
510 1154 694 1192 Ovidium
724 1154 962 1192 Nobilissim.
992 1154 1177 1193 Heinsius
1207 1164 1244 1194 et
1274 1160 1316 1194 in
1350 1157 1499 1210 Hygin.

60 1207 151 1246 Fab.
173 1208 313 1246 XXX.
342 1208 542 1247 Muncker.
581 1210 716 1247 U'ESS.

172 1265 277 1305 257.
311 1267 353 1305 4.
382 1261 594 1316 Λαμπάδι
625 1262 819 1318 καιομένῃ
852 1263 1070 1316 ἐπικαίειν]
1113 1266 1352 1308 Nicandrum
1381 1268 1499 1312 Ther.

61 1333 100 1360 v.
132 1323 236 1362 688.
276 1328 314 1358 et
342 1321 563 1370 Apolloclor.
590 1321 638 1358 II.
661 1321 760 1358 Bibl.
784 1323 826 1361 4.
849 1324 891 1361 2.
916 1323 992 1359 adi.
1028 1323 1162 1360 WVEsS.

171 1379 277 1418 257.
311 1380 349 1417 8.
398 1373 683 1432 Ἐρυμάνθιον
712 1376 778 1415 Co.
807 1379 907 1427 quod
930 1386 1098 1428 praestat
1128 1393 1175 1416 ex
1195 1379 1500 1433 Ethnicographi

57 1441 269 1482 praecepto.
295 1433 430 1471 wnss.

168 1491 275 1530 257.
306 1491 348 1530 9.
387 1487 463 1528 'Ev
492 1488 616 1544 πεδίῳ
638 1490 713 1542 τῆς
738 1485 1002 1541 Ἀρκαὸιάς]
1038 1492 1148 1535 Quod
1169 1490 1308 1530 Mutin.
1339 1493 1499 1532 schedae

60 1543 226 1582 offerunt
257 1547 454 1597 singulare
487 1553 565 1592 est,
606 1553 644 1583 et
674 1560 718 1584 ea
750 1546 960 1597 dignitate,
993 1554 1033 1584 ut
1060 1561 1180 1596 paene
1201 1562 1356 1596 rerum,
1385 1551 1498 1588 modo

57 1600 263 1656 Λαμπείᾳ
293 1603 504 1648 scribatur,
536 1615 617 1638 esse
647 1603 822 1640 iudicem.
873 1603 974 1652 Aper
998 1603 1272 1653 Erymanthius
1293 1608 1334 1642 in
1354 1614 1498 1653 monte,

57 1657 160 1694 unde
179 1658 236 1694 illi
256 1671 408 1705 nomen,
431 1657 655 1695 incubabat:
689 1671 777 1707 pars
796 1657 1025 1708 Erymanthi
1050 1668 1130 1696 erat
1150 1656 1336 1708 Lampea}
1365 1660 1423 1712 εἴη
1451 1660 1492 1701 δ’

59 1709 109 1751 ἂν
130 1715 203 1752 τοῦ
225 1710 348 1765 ὄρους
367 1715 440 1752 τοῦ
470 1710 742 1765 Ἐρτμάνθου
763 1719 890 1767 μοῖρα
919 1710 943 1766 ἢ
965 1715 1171 1765 Ᾰ1αμπεία
1192 1715 1356 1755 Pausan.
1377 1721 1432 1755 ait
1453 1719 1495 1755 L.

58 1767 159 1805 Vlll.
191 1769 265 1808 24.
307 1769 425 1806 lmmo
455 1783 499 1806 eo
530 1771 573 1806 in
602 1774 743 1807 montis
764 1772 888 1817 clivo,
930 1774 991 1808 cui
1020 1770 1184 1819 Lantpea
1212 1775 1369 1822 titulus,
1407 1787 1497 1823 aper

57 1825 199 1862 cubilia
217 1824 388 1863 habebat.
416 1824 475 1861 De
498 1840 541 1863 eo
569 1829 671 1864 enim
693 1827 871 1876 Apollon.
895 1824 1020 1866 Rhod.
1043 1827 1074 1867 I.
1102 1830 1203 1868 126.

171 1903 219 1909 —
245 1903 293 1908 —
323 1903 370 1909 —-
390 1878 465 1927 ‘'Og
495 1879 535 1935 ῥ’
562 1881 617 1920 ἐνὶ
643 1878 806 1936 βήσσῃς

174 1932 356 1988 Φέρβετο
375 1937 624 1989 Λαμπείης,
659 1934 944 1991 Ἐρυμάνθιον
967 1935 1129 1990 ἆμμέγα
1149 1942 1284 1992 τῖςῑος.

54 1989 157 2029 Beue
184 2007 275 2043 ergo
294 1991 336 2032 ἐν
355 1995 404 2047 τῇ
423 1993 628 2049 Λαμπείᾳ
649 1997 723 2046 τῆς
738 1992 968 2045 Ἀρκαδίας.
1004 1993 1233 2046 Vulgatum,
1266 1995 1366 2044 quod
1386 1996 1497 2035 scho-

53 2049 135 2086 lion
158 2048 270 2087 huius
287 2060 370 2086 'csse
389 2049 567 2096 arbitror,
589 2063 657 2087 sua
680 2050 721 2087 in
745 2051 832 2088 sede
852 2053 1003 2099 reliqui,
1026 2064 1074 2088 ne
1097 2055 1256 2089 nimium
1275 2056 1362 2090 unis
1388 2054 1497 2090 sche-

56 2102 115 2142 dis
135 2105 315 2142 tribuisse
335 2105 499 2143 viderer.
532 2106 666 2143 V'Ess.

167 2163 272 2200 257.
299 2164 366 2202 16.
389 2157 461 2207 ί,Ως
481 2159 526 2200 τὸ
550 2155 714 2213 ἆθλον]
749 2160 834 2202 Τὸν
864 2163 963 2200 haud
986 2163 1097 2200 dubie
1116 2163 1331 2213 legendum.
1359 2164 1494 2206 Biton.

55 2213 241 2254 Rhodum.
274 2218 446 2266 sequitur
473 2217 736 2266 Ammonium,
777 2222 841 2267 qui
875 2213 1008 2265 ἆθλος
1036 2219 1102 2258 καὶ
1133 2214 1268 2259 ἆθλον
1299 2221 1494 2275 διαφέρει.

56 2268 276 2322 ἀρσενικῶς
295 2273 370 2323 μὲν
399 2271 476 2326 γὰρ
506 2272 577 2313 τὸν
600 2272 738 2326 ἀγῶνα
760 2275 890 2326 δηλοῖ,
913 2273 1135 2328 οὐδετέρως
1156 2276 1199 2315 δὲ
1229 2274 1274 2316 τὸ
1299 2275 1496 2318 ἔπαθλον.

58 2327 157 2375 quod
177 2327 378 2366 discrimen
395 2330 710 2367 etsirecentiores
724 2330 863 2368 Graeci
883 2333 963 2368 fere
983 2330 1201 2379 observent,
1224 2336 1495 2372 vetustissimis

54 2383 339 2434 negligebatur:
378 2385 567 2423 Homerus
589 2393 691 2422 certe
713 2388 864 2435 quidem
885 2385 1037 2426 ἄεθλον
1067 2391 1149 2425 sive
1174 2382 1307 2427 ἆθλον
1330 2403 1397 2437 pro
1415 2404 1497 2428 cer-

55 2442 197 2476 tamine
218 2443 345 2487 posuit
366 2441 505 2491 Odyss.
524 2444 573 2488 T,
598 2443 700 2483 584.
725 2442 777 2489 Ω,
793 2445 885 2489 85.;
918 2444 1009 2479 fecit
1030 2451 1065 2480 et
1085 2444 1240 2481 Pindar.
1272 2444 1494 2495 Olympion.

57 2494 131 2533 Od.
154 2494 182 2531 I·
211 2496 249 2535 5.
272 2503 382 2545 atque
406 2498 494 2534 alii:
522 2498 623 2534 unde
644 2498 836 2536 llercnlis
855 2497 966 2536 atle'la
996 2501 1035 2536 in
1054 2498 1214 2549 princip.
1247 2500 1337 2537 Fab.
1359 2501 1496 2539 XXX.

55 2549 217 2601 Hygini.
235 2549 375 2589 Noster
393 2550 466 2592 τὸν
486 2546 620 2592 ἆθλον
639 2558 803 2592 mavult:
830 2568 944 2602 quare
965 2553 1078 2593 ethic
1091 2563 1127 2592 et
1139 2558 1303 2604 cap 25.
1323 2571 1366 2593 ac
1379 2571 1409 2594 c.
1422 2560 1496 2598 41.

45 2607 324 2657 ‘corrigendum
343 2621 492 2647 censeo,
532 2608 618 2646 Vid.
634 2610 809 2647 Eas-tatii.
840 2614 879 2647 in
900 2610 1010 2648 Hom.
1034 2626 1067 2661 p.
1086 2615 1217 2652 1879.
1250 2613 1383 2649 ἶῗεεε.

167 2665 273 2702 257.
308 2665 377 2703 17.
422 2662 756 2716 Ταμιὲυσάμενος
788 2664 968 2718 ἀκριβῶς
996 2666 1071 2719 τὴν
1101 2668 1382 2719 σῖῑμμῑ-τριάν]
1425 2668 1496 2707 Di-

55 2726 192 2756 cuntur
213 2720 352 2755 milites
372 2717 664 2769 ταμιεύεσθαι,
697 2736 781 2758 cum
802 2736 878 2759 non
899 2735 1029 2759 omnes
1051 2737 1138 2760 suas
1171 2727 1271 2761 vires
1292 2727 1413 2773 primo
1434 2727 1496 2761 iu-

54 2781 143 2822 petu
163 2774 377 2823 effundunt,
405 2775 471 2813 sed
491 2789 568 2823 cas,
601 2784 644 2813 ut
663 2777 812 2816 Seneca
840 2781 918 2825 ait,
949 2780 1188 2830 dispensant.
1228 2779 1303 2817 Dio
1328 2778 1496 2830 Chryso-

112 2829 206 2867 Vor..
238 2830 263 2867 1.
1154 2837 1209 2874 21
