1828 3253
303 60 394 101 638
761 54 1284 96 ANNOTATIONES

301 171 473 209 cedente.
514 167 621 207 Infra
641 181 672 206 o.
694 169 767 210 89.
795 165 968 221 υστερον
990 165 1046 215 εἲς
1061 168 1320 216 Aeovn'mg
1339 184 1597 238 κατῳκησαν.
1633 171 1684 209 Et
1702 171 1744 210 L.

300 227 411 267 XIV.
446 227 550 267 117.
585 224 627 263 ἓν
660 241 684 278 Γ
705 224 772 264 καὶ
792 222 838 264 τὸ
870 224 1044 275 χρυσίον
1073 225 1148 277 ἠν,
1180 223 1203 265 ὃ
1233 223 1371 296 εἷληφζ
1361 242 1470 265 ισαν
1497 227 1552 273 εἷς
1571 222 1746 279 “Pcdpaem.

303 285 345 323 S.
371 282 556 322 LucasA.
575 281 620 317 A.
642 281 742 318 VIII.
760 282 835 321 40.
871 280 1074 327 Φίὶιππος
1095 281 1141 320 df*
1160 277 1310 334 εὑρέθη
1332 282 1382 328 εἷς
1397 280 1588 331 Ἄζωτον.
1616 283 1746 321 Philo-

302 347 445 379 stratus
474 339 551 375 vit.
581 337 756 387 Apollon.
786 338 827 375 L.
857 337 902 374 V.
923 339 998 377 42.
1027 340 1178 390 προσε)
1183 336 1275 377 301
1306 338 1349 377 δὲ
1370 354 1426 377 τι)
1454 337 1746 394 Ἀποὶλήωιιιη

301 393 528 448 καθημέιιιι)
550 393 605 439 εἷς
636 391 681 433 τὸ
705 409 735 432 cz-
721 389 825 445 ερόν.
875 393 937 430 Ex
957 393 1146 431 Pausania
1179 393 1291 431 huius
1320 398 1474 445 generis
1503 395 1603 432 haud
1627 409 1747 444 pauca

302 453 499 503 congessit
520 451 841 487 laboriosissimus
860 449 1044 501 Sylburg.
1066 449 1231 488 Praefat.
1250 463 1286 499 p.
1309 453 1413 492 932..
1451 451 1549 488 Add.
1571 453 1745 502 superius

302 509 346 548 L.
368 482 434 546 ΙΙΙ.
461 507 537 546 44.
565 506 704 543 Wrzss.

418 565 521 603 551
557 564 629 604 30.
673 559 725 601 Οἳ
742 558 818 611 μὲν
835 562 893 600 τῶ
912 560 1183 615 Δημοσθένει
1202 561 1306 615 etc.]
1344 563 1541 602 Videndus
1562 562 1742 614 Thucyd.

297 620 480 660 171147.
512 626 550 655 et
569 631 647 668 seq.
677 617 812 656 WEss.

420 678 525 716 551.
566 676 640 715 46
675 671 807 713 ‘'Otav
835 671 1028 729 σημηνῃ]
1074 675 1233 712 Plenius
1262 675 1512 727 Thucydides
1548 672 1649 716 ὅταν
1682 691 1744 723 τις

301 728 737 785 0'7751t732'1271·V11-50·
779 738 817 767 et
846 730 991 769 Auctor
1010 732 1055 768 de
1075 731 1220 769 Mundo
1251 745 1283 769 c.
1308 735 1347 772 6
1360 760 1372 779 ,
1410 733 1476 770 sed
1501 734 1613 770 aliter
1634 733 1743 769 defe-

298 797 401 826 ctum
421 790 601 837 explens
623 782 829 826 ἐπειδὰνι
808 804 833 839 η
858 783 935 826 σά)
939 788 1030 840 my}
1052 785 1216 841 σημήνῃ
1238 803 1295 826 τω
1321 787 1611 843 στρατοπέδω,
1643 789 1744 837 quod

299 854 378 892 est,
405 858 490 882 cum
520 844 613 881 tuba
642 844 820 882 bellicum
850 846 1016 892 cecinit,
1053 857 1101 881 ex
1131 847 1309 883 versione
1338 844 1555 894 philosophi
1585 845 1743 883 Madau-

293 904 431 940 rensis.
460 900 596 940 Wssss

412 959 515 997 551.
538 958 609 996 53.
642 953 732 1002 Τὰς
749 953 991 1006 εἷθισμὲνας
1009 959 1117 1009 τρεῖς
1138 951 1321 1008 ἡμέρας]
1351 955 1633 1006 Superstitione
1652 969 1744 1006 qua-

299 1014 385 1053 dam
405 1017 507 1051 inter
528 1013 697 1050 Graecos
724 1014 920 1060 valuerat,
949 1021 992 1049 ut
1019 1015 1213 1062 proximos
1235 1026 1259 1049 a
1285 1014 1378 1049 solis
1409 1020 1447 1050 et
1465 1015 1578 1050 lunae
1600 1014 1742 1051 labori-

298 1071 369 1108 bus
393 1071 472 1107 dies
491 1076 568 1106 tres
593 1082 661 1120 pro
681 1072 776 1106 atris
806 1076 844 1106 et
860 1070 1039 1107 infaustis
1059 1076 1250 1119 putarent.
1291 1068 1434 1106 Docuit
1455 1069 1677 1107 Autoclides
1699 1072 1740 1107 in

290 1124 679 1179 ’Egoyyaymxofffiseu
711 1124 1019 1173 Conmentariis,
1047 1127 1184 1175 quibus
1207 1126 1381 1176 prodigia
1409 1126 1614 1175 explicuit,
1643 1125 1742 1176 apud

295 1182 400 1220 Plut.
422 1183 509 1220 Nic.
536 1196 570 1232 p.
593 1183 696 1222 539.
726 1182 777 1219 At
794 1182 940 1229 Nicias,
965 1190 1009 1219 ut
1028 1189 1110 1219 erat
1128 1185 1222 1219 mire
1241 1183 1468 1232 religiosus,
1496 1183 1542 1219 ab
1563 1184 1740 1231 inperitis

294 1239 569 1289 interpretibus
589 1245 853 1289 expugnatuS‚
880 1237 969 1291 τρὶς
985 1237 1099 1277 ἐννέα
1128 1234 1285 1289 ἡμέρας
1316 1240 1400 1276 dies
1432 1249 1568 1275 ΧΧΗΙ
1599 1253 1740 1276 caven-

295 1296 364 1332 dos
387 1298 557 1342 censuit,
589 1297 630 1331 ni
648 1296 757 1332 fallat
780 1294 1025 1345 Thucydides
1045 1294 1088 1332 L.
1109 1294 1191 1332 VII.
1213 1296 1284 1333 50.
1328 1296 1412 1338 Qua
1429 1298 1646 1344 suspicione
1668 1298 1741 1333 etsi

294 1364 380 1389 eum
401 1353 583 1388 liberasse
605 1351 782 1388 videatur
809 1350 1061 1398 Plutarchus,
1087 1348 1216 1402 ἄλλην
1245 1346 1416 1401 σελήνης
1444 1351 1636 1403 περίοδον
1667 1352 1739 1389 Ni-

291 1411 391 1447 ciam
410 1407 704 1457 exspectandam
724 1411 920 1457 opinatum
941 1419 1169 1454 memorans,
1202 1419 1281 1444 non
1308 1407 1447 1443 desunt
1473 1414 1600 1444 tamen
1631 1421 1740 1444 caus-

292 1478 371 1511 sae,
400 1477 495 1514 quae
514 1463 758 1515 Thucydidis
776 1465 894 1501 libros
914 1466 989 1500 iam
1010 1462 1210 1500 Plutarchi
1228 1470 1350 1500 aetate
1373 1463 1598 1513 depravatos
1618 1466 1739 1502 fuisse

290 1521 526 1572 significant.
554 1519 607 1556 Et
625 1523 746 1570 primo
766 1519 919 1568 quidem
939 1520 1122 1557 disertum
1141 1522 1265 1557 nostri
1280 1520 1447 1556 auctoris
1466 1523 1739 1568 testimonium,

290 1584 371 1615 tum
401 1576 617 1614 Autoclidis
647 1578 862 1624 sententia,
898 1576 1061 1625 denique
1088 1577 1147 1614 rei
1175 1583 1305 1627 gestae
1335 1583 1509 1613 eventus.
1548 1576 1626 1614 Sed
1647 1577 1737 1614 vide

290 1633 340 1671 H.
359 1633 552 1670 Dodwelli
569 1631 708 1670 Annal.
729 1631 949 1684 Thucydid.
969 1635 1167 1684 operosius
1197 1633 1240 1669 in
1259 1631 1319 1669 his
1343 1639 1540 1680 versatos,
1572 1647 1608 1683 p.
1629 1634 1737 1673 207.

285 1690 424 1729 Wssss.

403 1746 507 1786 551
541 1745 612 1785 59.
647 1739 961 1798 Ἑβδομήκοντα
992 1743 1061 1785 καὶ
1088 1742 1324 1799 τέσσαρας]
1363 1743 1471 1783 Duas
1500 1745 1608 1783 addit
1628 1744 1737 1784 Thu-

286 1803 373 1855 cyd.
391 1802 475 1839 V11.
503 1802 574 1841 52.
602 1801 737 1838 WEss.

405 1859 509 1899 551.
550 1859 623 1898 65.
668 1853 973 1910 Ἀγάθαρχος]
1024 1857 1139 1895 Hunc
1165 1865 1203 1895 et
1231 1856 1416 1895 Sicanum
1452 1864 1490 1894 et
1520 1856 1734 1908 Pythenem

288 1917 465 1964 sequenti
483 1915 627 1964 praelio
648 1912 898 1964 Thucydides
919 1915 960 1952 L.
983 1914 1067 1951 VII.
1091 1916 1162 1954 70.
1199 1915 1315 1950 classi
1335 1914 1603 1980 Syracusanae
1624 1927 1734 1963 prae-

285 1973 387 2009 ficit:
416 1983 539 2019 neque
559 1970 709 2020 inpedit
733 1977 883 2019 tamen,
921 1983 996 2020 quo
1023 1971 1152 2008 minus
1181 1977 1219 2007 et
1245 1969 1317 2007 hoc
1340 1973 1422 2008 eius
1454 1983 1582 2007 curam
1600 1983 1732 2021 gesse-

282 2031 375 2068 rint.
403 2028 538 2065 Wssss.
1734 2039 1739 2041 “

402 2085 505 2125 552
539 2085 611 2123 76.
664 2080 751 2123 Τὸν
781 2079 994 2124 Λάσκωνα
1021 2082 1095 2135 μὲν
1124 2079 1405 2134 καλούμενον]
1447 2082 1494 2119 V‘
1485 2083 1629 2119 minum
1655 2083 1731 2119 sibi

286 2140 458 2178 eiusdem
478 2142 646 2176 nominis
665 2139 827 2177 habebat
848 2143 975 2178 vicum
994 2154 1060 2178 seu
1081 2142 1291 2186 castellum,
1305 2151 1379 2187 quo
1400 2138 1446 2175 de
1464 2138 1626 2176 LXIV.
1646 2140 1731 2185 72„

285 2197 389 2233 unde
409 2204 447 2233 et
466 2197 592 2243 sinui,
618 2202 663 2233 ut
679 2197 867 2244 arbitror,
896 2210 1047 2234 nomen.
1091 2196 1216 2234 Locus
1237 2198 1356 2233 fuisse
1380 2197 1473 2232 olim
1494 2195 1649 2233 videtur
1668 2208 1729 2232 ar-

283 2253 441 2290 boribus
472 2254 624 2303 egregie
654 2256 839 2300 vestitus,
879 2256 961 2291 sive
992 2250 1257 2305 σύνδενδρος,
1298 2253 1446 2300 qualem
1475 2249 1653 2298 ὁάσκόν,
1692 2259 1730 2288 et

285 2305 455 2347 δάσκιον
475 2309 708 2348 vocitabant.
759 2310 857 2348 Nam
887 2308 1066 2358 ὁάσκὸν,
1094 2309 1289 2360 Hesychia
1321 2315 1498 2355 auctore,
1527 2315 1584 2345 est
1606 2305 1727 2354 δασὺ,

284 2367 344 2402 uti
365 2361 555 2411 δάσκιον,
587 2361 833 2418 σύνδενδροι]
855 2366 920 2405 καὶ
943 2363 1063 2406 δασύ.
1116 2366 1238 2403 Aliter
1259 2364 1299 2401 S.
1320 2363 1553 2410 Bccharum,
1581 2364 1726 2400 Arabes

284 2428 324 2458 et
340 2421 554 2458 Phoenices
574 2423 719 2458 auxilio
742 2436 962 2469 arcessens,
989 2424 1034 2459 de
1054 2422 1197 2459 Phoen.
1220 2421 1352 2458 Colon.
1374 2419 1417 2459 L
1441 2420 1468 2457 I.
1490 2422 1564 2460 28.
1593 2420 1725 2457 IVEss.

398 2478 503 2517 552.
535 2478 606 2517 79-
635 2478 791 2535 Καιρίᾳ
823 2480 930 2532 71er
933 2479 986 2534 ΙΙ]
1028 2477 1189 2534 Καιριω
1211 2476 1257 2514 R.
1285 2479 1322 2518 l·
1352 2475 1418 2513 CO·
1465 2477 1562 2514 Vide
1581 2483 1659 2514 not·
1682 2478 1725 2514 in

279 2533 322 2571 L.
345 2533 409 2571 IV.
435 2536 506 2575 16
532 2533 667 2571 WEss.

394 2591 499 2630 552.
543 2591 616 2630 92.
663 2590 944 2643 Κληματίὸων
986 2607 1053 2631 και
1085 2586 1224 2647 δᾴδων
1253 2597 1322 2627 etc.
1364 2585 1614 2641 πληρώσας]
1661 2587 1723 2624 Ex

282 2644 512 2716 Thucydide
531 2646 613 2684 VII.
643 2647 713 2688 53.
743 2647 886 2686 Noster
907 2648 948 2685 L.
969 2647 1081 2687 XIII.
1107 2633 1179 2688 8‘4.
1209 2662 1275 2685 ναι
1292 2660 1379 2692 τοις
1410 2644 1473 2684 ἐπι
1504 2647 1587 2684 τῶν
1607 2643 1723 2695 ἔργα·

281 2703 460 2758 στηρίων
491 2703 689 2756 σχίὸακας
720 2720 788 2745 και
809 2705 1065 2759 κληματίδας
1084 2701 1260 2757 (ἔδωκε).
1308 2702 1447 2740 Preces
1476 2703 1590 2739 trium
1615 2703 1723 2738 iuve-
