1828 3253
253 44 344 87 678
711 44 1236 87 ANNOTATIONES

257 154 343 193 dem
366 154 439 193 sibi
456 155 510 194 ita
528 169 663 196 cavere
680 160 871 198 voluisse:
899 162 1042 208 primus
1063 163 1144 209 ipse
1156 166 1335 210 expertus
1356 166 1426 208 est,
1442 172 1553 210 quam
1575 160 1696 199 debile

259 219 393 249 contra
417 215 551 250 iratam
569 216 854 254 multitudinem
874 218 943 253 tali
962 219 1002 253 in
1023 219 1106 268 lege
1128 219 1383 266 patrocinium
1401 218 1530 255 fuerit.
1560 217 1696 258 WVESS.

377 269 479 308 596.
502 271 574 310 36-
609 268 874 322 Ξ4δεᾲιαντον
899 272 965 311 καὶ
989 270 1320 324 Θρασύβουλον]
1350 273 1422 310 Pro
1455 273 1700 323 Thrasybulo

261 321 539 362 Aristocratem
562 325 781 375 Xenophon
801 328 951 366 Hellen.
972 329 1001 367 I.
1025 342 1059 378 p.
1081 330 1185 369 343.
1209 331 1267 367 illi
1288 330 1486 381 adiungit,
1515 343 1593 368 non
1612 332 1703 368 item

263 378 394 429 Nepos
415 379 617 419 Cornelius
637 383 760 423 Alcib.
787 397 818 421 c.
841 386 880 424 7.
910 384 1044 422 WEss.

382 438 485 477 596.
521 438 593 478 38.
629 436 813 491 Κάτριον
845 436 1072 494 φρούριον]
1114 440 1292 492 Xenoph.
1313 440 1466 480 Hellen.
1490 441 1518 478 I.
1542 455 1578 491 p.
1602 441 1707 481 343.

266 487 448 544 Γαύριον
482 496 658 543 appellat.
683 493 685 496 ⁴
710 495 843 533 Rnon.
890 496 1122 546 Xenophon.
1152 499 1193 535 L.
1224 498 1252 537 Ι.
1284 511 1362 534 non
1396 494 1601 549 Κάτριον,
1643 497 1710 534 sed

267 544 450 600 Γαύριον
487 549 624 597 habet3
671 553 767 601 quod
802 554 974 601 praefero
1012 560 1050 589 et
1079 554 1150 591 hoe
1178 555 1262 591 loco
1292 555 1410 590 scribi
1435 554 1570 590 debere
1600 560 1704 602 puto.

268 602 367 642 Nam
391 603 437 642 T.
462 605 597 643 Livius
618 606 659 645 L.
683 608 842 646 XXXI.
864 610 937 648 45.
983 610 1207 648 Ganreleon
1228 618 1352 648 vocat.
1385 610 1504 647 Linea
1532 616 1714 658 sequente

271 671 340 711 pro
363 657 525 714 ἀνδρῶν
555 664 638 713 lege
662 661 870 716 Ἀνδρίων.
902 666 1030 703 PALM.
1066 666 1170 702 Idem
1190 680 1211 702 a
1236 665 1493 714 Xenophonte
1516 668 1715 703 castellum

271 717 438 755 indicari
487 725 598 768 atque
627 719 721 756 adeo
750 727 815 758 aut
848 723 928 758 eius
960 725 1000 758 in
1020 723 1147 759 verbis
1188 729 1254 758 aut
1282 720 1415 759 Nostri
1450 724 1591 759 vitium
1619 735 1715 769 esse,

274 771 390 809 dubio
412 781 526 810 caret.
555 775 720 830 Γαυρίῳ
742 784 867 813 tamen
889 791 973 814 cum
993 780 1265 828 patrocinetur,
1298 785 1340 814 ut
1364 779 1493 827 pulcre
1516 779 1715 815 admonuit

273 826 507 876 Palmerius,
544 830 776 870 Andriorum
797 841 948 882 portus,
988 846 1098 882 quem
1130 834 1355 871 Gaza-eleon
1375 834 1638 881 adpellabant,
1674 834 1716 871 id

276 895 425 932 quoque
446 885 518 922 hoc
538 888 621 923 loco
641 891 779 926 malim.
819 891 920 933 Quin
943 893 1023 939 ipso
1047 893 1086 927 in
1107 890 1218 927 Livio
1240 891 1285 926 ob
1307 897 1479 926 veterum
1500 889 1617 926 Codd.
1640 890 1718 926 dis-

276 941 446 978 cordiam
472 942 573 979 idem
598 944 762 982 fortasse
794 948 1038 994 praestiterit.
1076 945 1168 983 Mox
1195 944 1390 998 Ἀνδρίων
1419 945 1719 983 Rhodomannus

279 1009 349 1035 sua
367 1000 546 1035 versione
568 1004 768 1049 expressit,
798 1016 857 1039 me
880 1015 958 1038 non
977 1005 1113 1040 invito.
1145 1002 1278 1039 Wssss.

397 1055 499 1094 596.
534 1055 607 1094 45.
642 1054 708 1094 Ἐν
739 1056 814 1108 μὲν
837 1061 892 1112 τῷ
925 1073 1045 1112 napy.
1072 1058 1219 1109 τείχει]
1252 1058 1347 1094 Vide
1371 1064 1451 1094 not.
1471 1059 1512 1095 in
1530 1057 1722 1095 Hieroclis

281 1107 510 1158 Synecdem.
534 1123 569 1159 p.
593 1114 697 1152 681.
732 1113 853 1162 Saepe
881 1120 1012 1164 τεῖχος
1036 1129 1191 1161 arcem,
1218 1116 1570 1163 munimentumque
1602 1121 1722 1153 notat.

279 1163 560 1204 Demosthenes
581 1170 620 1204 in
646 1169 806 1209 Midian.
832 1185 865 1220 p.
888 1172 992 1211 358.
1025 1168 1156 1222 τεῖχός
1189 1170 1271 1209 ἐστι
1303 1168 1407 1223 πρὸς
1436 1168 1482 1209 τὸ
1515 1170 1644 1222 μηδὲν
1672 1167 1722 1208 ἂν

283 1219 411 1261 αὐτὸν
430 1221 472 1269 ἐξ
491 1222 715 1276 ἔπιδ’ροιιιῆς
736 1229 899 1265 παθεῖν.
933 1227 1078 1278 Ioseph.
1101 1227 1227 1275 Antiq.
1250 1226 1331 1265 Iud.
1355 1226 1479 1263 XVII.
1505 1229 1543 1266 l.
1573 1229 1609 1266 1.
1634 1223 1720 1264 ἀλλ’

284 1274 405 1316 οὐδὲν
441 1301 488 1306 —
519 1274 570 1331 ἦν
600 1276 623 1331 ἡ
657 1280 849 1334 ἐπιγαμία
881 1288 1026 1333 τεῖχος.
1066 1283 1115 1320 Et
1146 1283 1188 1321 L.
1212 1282 1355 1319 XVIII.
1378 1285 1418 1322 6.
1443 1284 1483 1322 9.
1514 1279 1647 1328 ἄλλως
1680 1297 1723 1321 τε

283 1330 493 1385 γινώσκειν
527 1331 581 1381 ὡς
609 1342 740 1387 τεῖχος
769 1338 832 1377 σοὶ
863 1340 930 1377 καὶ
959 1342 1033 1390 τῆς
1054 1338 1182 1392 ἀρχῆς
1208 1334 1311 1389 ὁμοῦ
1335 1338 1401 1377 καὶ
1425 1340 1500 1389 τῆς
1522 1338 1728 1390 σωτηρίας

282 1387 435 1441 περιὼν
464 1389 616 1442 γένοιτο
650 1390 699 1431 ἂν
728 1393 927 1445 Τιβέριος.
964 1394 1062 1432 Τυηι
1083 1409 1162 1445 cap.
1186 1407 1262 1443 seq.
1284 1402 1373 1431 sect.
1394 1396 1438 1433 2.
1469 1399 1602 1445 τεῖχος
1622 1392 1727 1447 αὐτῇ

284 1443 359 1485 τὸν
380 1444 561 1499 ἀδελφὸν
583 1446 724 1500 ἔλεγεν.
754 1452 900 1495 Quibus
921 1453 1016 1488 locis
1036 1459 1206 1489 tutamen
1227 1451 1544 1500 praesidiumque,
1560 1452 1607 1487 ob
1628 1450 1730 1500 quod

283 1514 396 1552 reges
412 1499 614 1554 Ὀλύμπια
635 1505 767 1555 τείχεα
798 1506 916 1558 γαίης
942 1507 1118 1557 Oppiano
1143 1507 1309 1546 Halieut.
1330 1507 1372 1545 L.
1393 1507 1526 1547 V.45.
1551 1520 1636 1544 cum
1661 1520 1731 1544 110-

284 1564 326 1595 ta
345 1557 607 1607 Rittershusii,
636 1564 838 1610 explanate
859 1564 1044 1614 designat.
1076 1564 1206 1601 wass.

403 1616 508 1655 596.
546 1617 617 1656 51.
662 1614 748 1671 Τήν
778 1634 819 1657 τε
851 1617 1045 1672 ναυτικὴν
1076 1616 1249 1671 δύναμιν
1280 1618 1346 1658 καὶ
1375 1616 1451 1671 τὴν
1473 1615 1603 1672 ἀρχὴν
1627 1616 1729 1670 ete.]

288 1668 449 1707 Diceres
478 1674 518 1708 in
542 1672 600 1709 his
619 1677 814 1726 peregrini
837 1676 981 1724 aliquid
1004 1689 1107 1714 esse:
1145 1679 1327 1713 omittunt
1346 1675 1413 1714 καὶ
1436 1673 1511 1727 τὴν
1534 1682 1732 1724 praestan-

288 1728 339 1763 tis
359 1727 449 1764 fidei
468 1729 580 1775 libri,
612 1730 866 1780 videnturque
889 1732 983 1769 adeo
1009 1730 1138 1785 ἀρχὴν
1160 1732 1376 1779 addidisse,
1402 1739 1444 1768 ut
1465 1734 1569 1781 prius
1592 1734 1732 1768 clarius

289 1791 539 1831 exponerent.
575 1784 714 1823 Posses
735 1789 901 1836 alioqui,
930 1789 1030 1837 quod
1055 1792 1095 1826 in
1117 1796 1282 1826 mentem
1304 1791 1412 1826 venit
1434 1789 1654 1825 doctissimo
1675 1787 1732 1823 De

287 1839 328 1876 la
346 1838 476 1886 Barre,
509 1852 557 1878 ex
581 1838 710 1893 ἀρχὴν
733 1845 811 1881 levi
831 1858 944 1893 opera
967 1842 1099 1897 ἄρδην
1123 1845 1323 1892 excudere,
1356 1851 1399 1881 ut
1419 1846 1566 1890 innuat,
1585 1844 1734 1891 fundi-

289 1900 354 1931 tus
372 1908 548 1934 eversum
565 1901 798 1937 maritimum
818 1899 1093 1948 Spartanorum
1115 1903 1326 1951 imperium.
1357 1900 1433 1937 Sed
1454 1900 1524 1938 hae
1545 1903 1732 1948 suspicio-

287 1963 357 1988 nes
382 1959 483 1998 sunt,
511 1956 593 1991 sine
615 1956 750 2002 quibus
771 1959 929 2007 vulgata
948 1960 1136 2005 scriptura
1158 1959 1265 1994 salva
1286 1970 1368 1992 csse
1391 1964 1528 2004 potest.
1557 1956 1690 1993 Wsss.

408 2010 510 2048 596.
536 2011 607 2050 60.
633 2009 813 2051 Ἐκεῖθεν
834 2015 933 2059 ναῦς
956 2010 1058 2060 ὅσας
1080 2009 1215 2064 εἶχον]
1246 2012 1353 2049 Adde
1384 2012 1450 2051 καὶ
1482 2009 1586 2058 ὅσας
1608 2008 1739 2062 εἶχονς

290 2059 426 2101 RHOD.
450 2064 535 2115 Ego
564 2080 656 2104 vero
680 2068 777 2104 nihil
802 2069 914 2115 addo,
944 2071 1123 2106 auferens
1145 2069 1271 2119 potius
1290 2070 1546 2117 importunum
1566 2069 1735 2106 vocabu-

289 2119 371 2155 lum
391 2119 658 2173 παραλαβὼν,
692 2125 791 2172 quod
814 2128 986 2163 vicinum
1006 2127 1079 2163 sibi
1099 2139 1176 2162 non
1189 2127 1340 2173 patitur
1357 2125 1588 2174 praecedens
1608 2139 1734 2175 προς-

289 2172 532 2225 λαβόμξνος.
589 2178 724 2216 Sermo
762 2188 819 2218 est
854 2182 898 2218 de
929 2184 1054 2219 insula
1083 2180 1241 2227 Rhodo,
1291 2182 1400 2217 cuius
1440 2189 1516 2217 tres
1555 2183 1735 2218 civitates

289 2232 462 2269 nondum
495 2236 532 2269 in
559 2247 672 2272 unam
702 2235 878 2274 Rhodum
908 2241 1147 2284 coaluerant,
1177 2251 1262 2274 cum
1284 2237 1481 2287 Lysander
1501 2238 1546 2274 ad
1568 2239 1736 2274 insulam

290 2287 509 2334 adpelleret.
553 2289 683 2328 Testis
713 2295 793 2343 ipse
823 2293 1015 2331 Diodorus
1046 2308 1077 2331 c.
1103 2295 1174 2334 75.
1210 2300 1248 2330 et
1268 2292 1456 2330 Aristides
1477 2296 1518 2331 in
1539 2292 1735 2331 Rhodiaca

290 2353 329 2391 Ρ.
354 2345 459 2384 365.
492 2346 624 2383 Wssss.

406 2402 508 2441 597.
544 2403 616 2442 63.
650 2400 866 2457 Ἔξήρτυεν
899 2405 940 2453 ἒξ
966 2404 1178 2460 Ἐφέσου]
1213 2406 1351 2443 Verius
1377 2412 1415 2442 et
1434 2409 1578 2443 rectius
1598 2407 1670 2442 erit
1694 2402 1735 2443 ἒν

286 2449 461 2510 Ἐφέσῳ,
487 2464 530 2494 ut
547 2472 637 2495 mox
656 2473 736 2508 cap.
762 2463 834 2501 71.
868 2459 1105 2514 πυθόμενος
1137 2461 1177 2500 ἐν
1202 2460 1361 2516 Ἐφέσῳ
1384 2459 1457 2501 τὸν
1475 2458 1735 2512 Λύσανδρον

289 2517 359 2547 etc.
409 2512 454 2550 ln
483 2517 640 2554 navium
669 2529 829 2555 numero
861 2519 1040 2558 dissentit
1072 2517 1295 2569 Xenophon
1325 2518 1478 2555 Hellen.
1506 2517 1536 2558 Ι.
1562 2532 1600 2569 p.
1626 2517 1733 2557 344.

289 2566 425 2606 wass.

289 2680 348 2719 43
362 2681 378 2688 ι
403 2626 506 2718 5x9v7
538 2628 611 2668 68.
653 2628 850 2684 Μυριόυς
866 2629 942 2683 μὲν
961 2627 1220 2687 Δαρεικοὺς]
1254 2628 1365 2669 Conf.
1384 2630 1485 2669 Plut.
1509 2628 1676 2681 Lysand.
1695 2640 1733 2677 p.

357 2689 395 2718 4).
477 2692 558 2718 uss.
