1828 3253
301 95 395 135 660
763 90 1286 131 ANNOTATIONES

300 218 527 256 quamquam
548 204 590 241 in
620 202 865 242 Praefatione
887 207 942 242 ita
970 207 1021 243 sit
1050 213 1292 256 nuncupata,
1323 213 1450 244 tamen
1478 207 1519 244 in
1547 208 1629 257 ipsa
1657 207 1748 244 libri

300 266 427 301 fronte
457 257 758 313 Καρχηδονική.
786 262 922 300 Wssss.

419 319 521 357 575.
545 319 620 357 25.
654 314 823 368 Ἐπειδὴ
846 315 1069 369 κατέστησε
1092 315 1167 370 τὴν
1189 317 1230 358 ἒν
1245 313 1376 372 εΡόδῳ
1408 315 1620 370 ταραχὴν]
1650 317 1747 354 Vide

305 374 354 412 ad
384 388 414 410 c.
440 377 513 415 38.
555 374 695 423 Attigit
718 373 810 410 haec
829 373 991 410 Diodori
1020 374 1061 410 L.
1085 374 1111 410 Ι.
1143 374 1266 411 Rhod.
1301 389 1332 412 c.
1354 377 1428 413 22.
1458 375 1509 413 lo.
1544 374 1747 421 Memmius,

303 431 438 467 harum
458 431 652 466 turbarum
673 431 873 467 occasione
900 432 939 466 in
963 431 1140 467 exsilium
1155 459 1166 477 ,
1197 431 1241 467 de
1262 444 1334 480 quo
1356 432 1519 467 Pausan.
1540 430 1583 469 L.
1600 430 1662 466 Vl.
1687 432 1743 478 7.,

302 488 487 526 Dorieum
509 488 563 522 ire
585 488 809 534 conpulsum
839 487 1069 523 arbitratus:
1104 498 1177 534 qua
1195 490 1236 523 in
1259 501 1299 523 re
1318 500 1424 523 error
1443 494 1512 525 est.
1554 486 1632 523 Iam
1653 487 1747 524 olim

303 547 426 582 solum
446 549 594 580 vertere
618 549 769 578 coactus
782 541 950 579 Thurios
971 550 1233 590 concesserat3
1263 544 1363 580 unde
1385 546 1465 580 eius
1486 544 1655 580 civitatis
1676 555 1747 579 na-

301 602 415 639 vibus
436 612 521 636 cum
543 600 707 635 maxime
729 604 915 645 praeerat.
953 597 1129 635 Rediisse
1160 602 1200 636 in
1221 602 1404 648 patriam,
1435 598 1747 635 Lacedaemoniis

302 657 517 702 addictam,
543 653 614 691 hoc
636 661 802 702 tempore
822 654 996 691 videtur:
1027 655 1158 691 turbas
1179 662 1302 702 certe,
1330 669 1424 705 quae
1444 658 1545 692 inter
1565 657 1669 692 cives
1688 654 1748 690 di-

301 725 500 752 versarum
528 712 692 760 partium
718 711 1027 757 intercedebant,
1063 713 1285 760 conposuit3
1328 711 1428 760 quod
1467 711 1615 748 efficere
1645 707 1748 747 haud

303 783 395 808 sane
416 772 611 817 potuerat,
640 767 717 803 nisi
735 767 905 804 civitatis
932 780 1021 803 suae
1039 769 1202 818 gratiam
1219 770 1482 815 reciperasset.
1519 766 1596 803 Sed
1620 766 1749 803 Meur-

302 829 401 863 sium
433 825 566 870 mitto,
601 821 712 870 plura
740 824 821 859 illic
850 825 1078 871 stipantem,
1112 835 1207 872 quae
1239 826 1450 861 consistere
1479 823 1548 861 vix
1574 828 1748 872 possunt.

298 882 438 920 wass.

415 934 518 975 575.
550 934 622 974 32.
668 931 825 981 Οὔσαις
854 930 1140 987 ἑβδομήκοντα
1171 933 1239 974 καὶ
1271 932 1518 989 τέσσαρσιν]
1562 932 1745 983 Xenoph.
1794 954 1799 963 ·

300 993 423 1043 princ.
443 990 485 1028 L.
498 990 526 1027 l.
547 990 735 1028 Hellenic.
749 991 1002 1028 Athenienses
1024 1002 1084 1027 xx
1107 993 1272 1030 navibus
1294 994 1334 1028 in
1346 991 1527 1029 Doricum
1545 992 1668 1040 primo
1687 992 1749 1027 in·-

299 1055 433 1087 vectos
454 1061 535 1084 esse
556 1049 623 1093 ait,
648 1049 783 1096 praelii
801 1047 913 1085 huius
935 1048 1191 1097 descriptione
1212 1049 1350 1086 leviter
1370 1048 1596 1098 defungens.
1611 1047 1747 1084 WEss.

416 1105 518 1143 576
543 1104 617 1142 45.
658 1100 779 1156 Προς
804 1100 850 1142 τὸ
875 1100 1162 1156 Δαοδανειον]
1193 1104 1283 1141 Noli
1314 1103 1359 1140 de
1380 1105 1517 1140 mendo
1547 1104 1748 1152 suspicari,

299 1162 390 1210 quia
415 1162 622 1208 praecessit
646 1158 821 1213 zare'qcvy
821 1173 872 1198 εν
903 1159 957 1206 εἷς
984 1156 1223 1211 Δάοδανον.
1270 1160 1545 1206 Dardanium,
1571 1153 1749 1227 Δαρδά-

298 1231 426 1263 νειον,
456 1216 761 1265 promontorium
787 1221 869 1252 erat
898 1229 1015 1265 prope
1034 1217 1165 1253 urbem
1196 1215 1431 1255 Dardanum.
1475 1211 1749 1268 Δαρδάνειοι,

298 1270 407 1325 ἂκρα
428 1271 601 1322 πλησίον
620 1267 795 1323 Δαρδαι
799 1287 846 1310 ου
867 1272 968 1322 apud
988 1271 1352 1311 Strabon.L.X111.
1374 1287 1409 1323 p·
1429 1274 1547 1319 879.,
1571 1278 1609 1308 et
1627 1271 1748 1324 Λαρ-

299 1325 453 1374 δανὶς
438 1325 544 1379 α’κοα
578 1340 612 1376 p
636 1329 739 1368 889.
767 1328 901 1365 VVEss.

415 1362 516 1423 576.
559 1385 630 1423 56.
676 1381 833 1422 Auram
864 1382 1173 1437 ἒξγρτυμένων]
1219 1384 1366 1433 Optimi
1395 1383 1468 1421 hoc
1497 1385 1636 1421 coloris
1664 1395 1748 1420 esse

300 1440 506 1478 ostendent
526 1446 606 1476 not.
628 1440 670 1476 in
694 1440 735 1476 L.
757 1439 823 1476 ΙΙΙ.
848 1441 923 1480 36.
954 1441 1088 1477 wass.

415 1497 518 1535 576.
551 1496 622 1534 57.
659 1493 766 1546 ’'Asp
793 1492 884 1541 ἔνος
904 1496 1274 1548 παοαγγέλματος]
1309 1496 1443 1533 Simile
1465 1491 1536 1548 ἀφ’
1561 1491 1651 1541 ἕνος
1668 1510 1748 1533 πα-

299 1553 421 1606 ρακε)
426 1565 630 1602 εισματος
650 1551 691 1588 Ι..
712 1551 802 1590 XV.
826 1553 911 1600 32.,
943 1559 981 1588 et
1004 1552 1142 1589 iuliani
1163 1552 1351 1604 Misopog.
1375 1565 1409 1601 p.
1429 1554 1533 1592 361.
1560 1566 1657 1598 τους
1676 1547 1749 1590 τά-

300 1623 407 1662 φους
435 1606 478 1646 δὲ
512 1609 595 1646 τῶι
628 1604 766 1647 ἀθέων
798 1605 1030 1659 ἀνέτρεψαν
1059 1605 1216 1655 πάντας
1244 1605 1324 1648 ’ἱπό
1359 1611 1433 1648 τοῦ
1466 1604 1749 1676 συνθημαϊος.

298 1664 423 1701 Aliter
441 1664 624 1700 Aelianus
656 1664 701 1699 de
722 1663 885 1702 Animal.
906 1664 1053 1701 Histor.
1075 1665 1117 1702 Ι..
1138 1665 1183 1702 V.
1207 1667 1278 1705 ll.
1314 1662 1357 1704 αἶ
1383 1663 1566 1715 μέλιτται
1592 1662 1636 1702 δὲ
1665 1658 1746 1702 ὖπό

298 1716 538 1771 συνθηματι
569 1718 623 1766 εἷς
653 1716 782 1758 ύπνον
813 1718 1043 1770 τρέπονται
1096 1720 1147 1757 Et
1175 1721 1321 1760 Pallad.
1350 1720 1430 1760 Vit.
1466 1720 1519 1758 lo.
1551 1719 1750 1771 Chrysost.

296 1791 333 1828 p.
366 1777 440 1816 40.
471 1775 520 1812 D.
558 1771 613 1821 ὡς
643 1790 741 1822 τούς
768 1774 945 1823 πολλοὺς
983 1775 1150 1827 νομίσαι
1179 1774 1259 1817 ἀπὸ
1292 1773 1562 1828 συνθήματος
1599 1772 1752 1822 αὐτοὺς

299 1829 622 1885 παραγενέσθαι.
663 1832 711 1869 ad
734 1845 845 1883 quem
871 1833 1027 1871 modum
1044 1834 1145 1871 forte
1175 1833 1315 1872 Iuliani
1335 1834 1453 1873 verba
1475 1832 1752 1870 conformanda

303 1896 406 1927 sunt.
431 1888 569 1926 WEss.

419 1945 522 1984 576.
550 1945 622 1984 79.
649 1941 773 1984 Κατὰ
793 1941 868 1992 τὰς
888 1941 1163 1998 προαγωγὰς]
1194 1943 1296 1996 Lege
1316 1939 1599 1998 προσαγωγάς.
1615 1942 1750 1980 ΒΗοῐ).

300 2001 428 2040 Probo
457 2001 667 2038 doctissimi
686 2002 764 2039 viri
781 2004 1049 2039 coniecturam.
1079 2001 1330 2054 Προαγωγαὶ
1351 2002 1459 2038 aliud
1478 2001 1664 2047 indicant,
1685 2000 1751 2036 de-

302 2071 375 2107 que
398 2060 661 2108 possessione,
683 2060 970 2095 amanuensium
993 2064 1120 2095 tamen
1140 2059 1262 2108 culpa,
1289 2071 1376 2096 cum
1391 2059 1512 2095 altero
1532 2069 1643 2105 saepe
1667 2058 1749 2094 cer-

304 2121 400 2151 tant.
430 2113 528 2149 Vide
548 2113 595 2150 ad
617 2113 658 2150 L.
679 2113 826 2151 XVlll.
843 2115 917 2155 48.
946 2113 1081 2150 WVESS.

418 2169 524 2209 576.
549 2171 622 2209 87.
651 2166 776 2208 Ister&
799 2172 900 2208 νεῶν
921 2167 1064 2221 εἴκοσι]
1094 2169 1174 2207 Imo
1187 2179 1310 2216 xvm,
1338 2172 1371 2207 si
1390 2168 1609 2217 Xenophon
1628 2170 1751 2216 princ.

307 2224 351 2263 L.
374 2225 403 2262 I.
433 2223 524 2261 Rer.
546 2225 725 2262 Graecar.
750 2233 788 2262 et
808 2226 909 2263 Plut.
937 2226 1059 2263 Alcib.
1082 2238 1117 2275 p.
1142 2228 1248 2268 206.
1271 2225 1311 2262 C.
1335 2239 1412 2262 non
1431 2227 1583 2262 fallunt.
1613 2225 1748 2264 Wnss.

423 2281 526 2320 577.
565 2282 638 2320 94-
687 2277 923 2333 Ἔιιίσημον
963 2282 1198 2335 φοινικοῦν]
1258 2282 1448 2319 'lunicam
1486 2282 1648 2318 fortasse
1684 2287 1751 2317 aut

305 2338 516 2383 vexillum,
545 2350 588 2373 eo
614 2338 740 2374 colore
759 2338 926 2389 fulgens.
973 2339 1190 2388 Polyaenus
1210 2337 1416 2390 φοινικίδα
1448 2338 1635 2387 adpellat,
1663 2350 1750 2374 curn

309 2393 355 2429 de
377 2391 546 2440 Conone,
567 2407 652 2430 cum
673 2392 918 2431 Callicratida
939 2401 1176 2461 pugnaturo,
1205 2394 1325 2448 ἕπῇοε
1345 2392 1419 2445 τὴν
1451 2392 1668 2447 φοινικίδα·
1698 2407 1750 2445 ην
1784 2414 1794 2420 -

308 2447 353 2487 δὲ
386 2446 467 2500 ἄρα
495 2445 632 2500 μάχης
654 2444 853 2501 συνθημα
886 2456 973 2497 τοῖς
1001 2446 1268 2502 κῑβερνηταις
1303 2451 1348 2486 de
1367 2450 1535 2500 Stratag.
1560 2450 1588 2488 l.
1611 2451 1684 2489 48.
1704 2451 1748 2488 2

309 2507 375 2553 qui
396 2505 547 2555 quidem
569 2507 674 2541 locus
694 2504 815 2555 Lipsii
838 2507 1075 2557 diligentiam
1098 2519 1176 2543 non
1202 2507 1325 2558 fugit,
1351 2509 1411 2544 uti
1430 2506 1491 2543 hic
1499 2479 1672 2553 DNostri,
1704 2505 1750 2542 de

310 2560 424 2598 Milit.
447 2560 555 2598 Rom.
579 2561 641 2598 lv.
670 2563 736 2601 12.
769 2562 833 2598 ubi
854 2536 974 2611 pluera.
1005 2562 1140 2599 WVESS.

425 2619 528 2657 577.
554 2618 626 2658 98-
670 2616 753 2655 Καὶ
785 2616 881 2656 δέκα
901 2617 975 2669 μὲν
1006 2620 1107 2657 τεῶν
1137 2615 1227 2657 εὗθ.
1253 2616 1516 2670 ἐκυρίευσαν]
1556 2615 1749 2667 Triginta,

311 2674 378 2710 sed
398 2684 555 2720 vacnaS,
576 2673 740 2709 hostium
760 2686 878 2711 naves
903 2675 1149 2722 intercepisse
1170 2674 1435 2720 Athenienses,
1465 2680 1597 2710 auctor
1615 2672 1749 2709 Xeno-

310 2729 412 2780 phon
441 2737 499 2767 est
522 2729 564 2766 L.
586 2729 615 2767 l.
645 2728 796 2767 Hellen.
817 2731 980 2781 princip.
1011 2737 1049 2768 et
1076 2731 1176 2768 Plut.
1197 2729 1319 2768 Alcib.
1352 2743 1388 2781 p.
1409 2732 1514 2770 206.
1534 2727 1582 2765 D.
1615 2728 1747 2766 KVESS.
