1828 3253
227 50 316 93 584
596 88 599 91 ,
689 43 1213 90 ANNOTATIONES

223 168 404 208 notatur.
433 158 473 197 id
495 171 606 198 secus
625 157 753 199 habet.
778 159 1050 200 consideravit
1069 162 1135 199 ille
1159 159 1383 216 Τρινακίην
1414 162 1497 202 sive
1524 163 1670 203 Trina-

227 222 331 256 ciam
355 217 466 255 Sion.
491 217 620 264 Autiq.
641 216 687 257 L.
713 217 761 255 ll.
789 232 824 268 p.
848 219 981 266 388..
1004 218 1070 255 sed
1091 220 1241 266 dubius,
1269 226 1399 257 utrum
1418 220 1465 257 ob
1486 219 1606 258 Plinii
1624 221 1668 261 L.

226 275 293 313 111.
312 278 351 314 S.
379 284 665 312 TIRACOENSES
687 273 887 326 Τιρακίαν
908 275 1064 322 scribat,
1081 288 1132 312 an
1151 288 1199 312 ex
1219 274 1415 323 Stephano
1439 276 1673 330 Τυρακίνας

229 331 378 368 auxilio
399 337 586 376 arcessat,
619 332 662 367 in
681 332 787 368 cuius
813 331 1000 368 modestia
1020 333 1233 381 acquiesco.
1275 333 1396 370 Plinii
1415 331 1507 369 Mss.
1532 332 1675 371 Trira-

233 390 384 426 cieuses
407 388 593 432 scribunt,
623 393 660 423 et
679 389 849 436 proxime
870 401 892 424 a
917 386 1119 425 Trinaciis
1136 389 1296 435 absunt,
1327 396 1370 425 ut
1389 389 1484 425 bene
1507 388 1676 427 Hardui-

233 456 332 491 nus,
362 445 423 479 eui.
443 443 540 480 adde
560 441 605 482 L.
629 442 805 480 Holsten.
829 444 870 480 in
892 442 1080 493 Stephani
1106 445 1512 497 Tt9azsza1.VVEss.

347 500 454 538 497.
478 499 553 539 25.
585 500 712 538 Τῖτον
731 495 931 549 Κόϊντον]
962 499 1076 536 Falso
1097 513 1165 549 pro
1178 500 1381 540 Κοιντιον.
1402 500 1534 540 Latini
1554 501 1680 550 Quin-

238 558 358 594 ctium
380 555 524 592 dicunt.
553 553 606 619 (V
610 555 670 592 ide
693 556 847 593 Livium
865 555 930 593 ΠΙ.
955 554 1047 608 66.)
1076 555 1211 594 RHOD.

351 612 460 651 497.
487 613 560 651 33.
581 608 691 650 Aua
716 610 761 650 δὲ
780 607 941 658 τούτοις
963 610 1274 664 πραττομένοις]
1304 611 1466 651 Videtur
1492 613 1554 651 hic
1574 615 1682 663 paul-

238 668 279 704 lo
301 669 413 705 citius
433 668 651 705 inchoatum
673 668 764 705 belli
784 666 1022 706 Corinthiaci
1043 669 1283 717 principium.
1332 668 1578 720 Thucydides
1599 673 1684 720 qui-

241 723 328 761 dem
360 732 460 760 certe
493 726 595 760 inter
617 737 678 760 res
707 726 749 761 in
784 722 898 761 Samo
928 737 952 761 a
979 725 1127 762 Pericle
1153 732 1280 775 gestas
1312 732 1350 762 et
1383 724 1685 776 Corcyraeorum

239 788 367 818 motus
389 782 473 829 plus
492 793 569 817 uno
590 793 692 817 anno
712 782 937 831 interponit.
984 778 1046 821 Οὐ
1078 782 1244 828 πολλοῖς
1272 778 1400 822 ἔτεσιν
1429 778 1601 835 ὕστερον
1631 783 1687 820 ait

242 835 650 876 1..1.117.Wssss,

358 894 465 932 497.
486 894 559 932 37.
596 890 800 933 ”Αποικοι
825 889 1095 946 Κερκυραίων
1125 891 1194 932 καὶ
1225 866 1493 946 Κορινθίων]
1542 891 1688 943 Corcy-

241 960 420 985 raeorum
448 956 557 985 erant
584 951 732 995 coloni,
772 961 934 998 quorum
965 950 1045 986 dux
1071 950 1199 986 fuerat
1230 949 1411 996 Phalius,
1444 949 1690 986 Eratoclidae

243 1003 302 1052 F..
324 1005 435 1042 domo
454 1004 689 1053 Corinthius,
711 1004 938 1056 Thucydide
961 1013 1057 1042 teste
1077 1005 1205 1056 1.24.‚
1226 1009 1288 1044 cui
1300 1005 1529 1054 Strabonem
1548 1004 1689 1045 LVII.

246 1073 282 1111 p.
305 1062 412 1102 486.
448 1070 659 1111 opportune
676 1055 916 1101 adiunxeris,
946 1062 1087 1099 TVESS.

361 1119 468 1157 497.
500 1119 575 1157 40.
622 1117 708 1157 Καὶ
738 1114 1053 1171 παραλαβόντες
1085 1115 1284 1157 ἔπλευσαν
1313 1132 1411 1165 τους
1438 1114 1692 1171 Ἰλλυριους]

249 1171 460 1211 Τι’ἃίεοῐίοῐ
450 1188 536 1211 lem
557 1173 655 1211 hanc
675 1175 951 1212 vocabulorum
981 1175 1150 1212 librariis
1180 1181 1374 1223 acceptam
1399 1175 1537 1211 refero.
1576 1173 1693 1211 Haud

248 1232 411 1267 multum
430 1231 630 1267 dissimilis
651 1237 710 1267 est
730 1233 771 1267 in
796 1230 837 1267 S.
858 1230 982 1268 Lucae
1002 1231 1062 1268 Ev
1053 1244 1154 1281 ang.
1177 1229 1307 1267 XXII.
1333 1232 1407 1270 31
1437 1227 1527 1269 ἷὸοὺ
1557 1224 1577 1269 ὅ
1608 1229 1694 1268 Σα-

248 1289 379 1332 τανῖις
399 1285 466 1339 ἒξη
470 1283 517 1338 w}
524 1300 625 1325 σατο
654 1282 786 1337 ιμᾶς,
814 1289 889 1326 τοῦ
911 1301 1088 1326 σινιασαι
1111 1301 1166 1332 ως
1187 1284 1259 1326 τὸν
1282 1291 1408 1325 σῖτον.
1437 1299 1512 1335 quo
1533 1288 1618 1323 loco
1637 1293 1696 1323 ta-

250 1355 341 1378 men
363 1318 529 1379 Basilius
558 1342 610 1379 M.
640 1342 784 1380 Homil.
814 1343 860 1380 de
879 1342 1025 1380 Humil.
1058 1342 1108 1382 T.
1130 1342 1177 1379 Π.
1207 1355 1242 1392 p.
1265 1344 1369 1383 160.
1387 1341 1433 1380 A.
1458 1337 1698 1395 ἐξῃτήσατο,

249 1401 326 1437 τοῦ
348 1395 525 1438 σιιιάσαι
549 1394 657 1449 ὑμᾶς
681 1414 736 1445 ως
755 1395 829 1438 τὸν
852 1403 977 1438 σῖτον.
999 1399 1099 1447 quod
1119 1400 1294 1448 equidem
1305 1399 1547 1448 praeferrem.
1562 1397 1696 1436 WESS.

251 1451 342 1492 ,Non
366 1457 512 1503 aptiora
536 1462 731 1504 comparat
752 1454 987 1493 Dorvi11.ad
1007 1454 1239 1492 charit-411,
1265 1457 1308 1495 7

365 1512 472 1550 497.
505 1513 574 1551 51.
608 1508 687 1563 Μη
720 1509 889 1562 πὲιιπειν
919 1508 973 1550 τὰ
1002 1508 1297 1561 κατειθισμένα
1321 1508 1445 1565 ἱερεῖα
1463 1512 1515 1565 τῇ
1538 1524 1699 1582 μητρο-

251 1562 399 1619 πόλει]
431 1566 509 1604 Div
513 1569 655 1604 ersiore
685 1567 799 1605 modo
829 1567 1078 1618 Thucydides
1107 1567 1136 1605 Ι.
1168 1569 1242 1608 25.
1284 1563 1372 1619 ἅμα
1402 1566 1445 1606 ὁὲ
1484 1567 1553 1606 καὶ
1589 1567 1700 1620 μίσει

253 1625 339 1661 τῶν
362 1622 656 1691 Κερκῑραίιον,
694 1620 757 1663 ὅτι
788 1620 926 1663 αὐτῶν
957 1621 1222 1690 παρημέλουν
1252 1621 1366 1671 ὄντες
1393 1621 1566 1663 ἄποικοι.
1606 1621 1700 1663 οὔτε

252 1676 332 1740 ῃὰρ
367 1677 408 1718 ἐν
440 1675 689 1731 πανιῃῦρεσι
714 1684 806 1726 ταῖς
835 1684 989 1726 κοιναῖς
1018 1676 1200 1726 διδόντες
1231 1679 1330 1734 γέρα
1360 1695 1413 1719 τα
1441 1676 1702 1731 νομιζόιιενα,

255 1750 350 1774 ovs-s
381 1735 597 1791 Κοριιθίιο
628 1733 746 1788 ἆνὸρὶ
778 1731 1159 1789 προκαταρχόιιειοι
1186 1740 1270 1776 τῶν
1306 1735 1447 1789 ἱερῶν,
1488 1733 1625 1789 ὥσπερ
1658 1732 1702 1774 αἶ

253 1788 281 1828 ἒ
274 1789 306 1828 7
312 1793 332 1829 7
338 1807 376 1829 αι
399 1808 436 1829 α,
430 1777 594 1830 ιοικίαι.
627 1794 695 1829 ubi
717 1791 846 1829 Schol.
879 1790 932 1832 τὰ
959 1791 1058 1846 γέρα
1078 1794 1355 1842 interpretatur
1372 1790 1448 1839 τὰς
1467 1790 1700 1845 προεδρίας,

255 1849 415 1896 insuper
445 1848 589 1885 addens
608 1851 766 1885 colonos
789 1862 837 1885 ex
858 1852 1002 1886 maiore
1022 1851 1159 1899 patria,
1184 1862 1251 1886 seu
1268 1850 1482 1899 metropoli,
1505 1861 1701 1885 sacrorum

254 1905 492 1952 praefectum
510 1905 725 1942 adsciscere
743 1906 861 1943 fuisse
872 1907 1017 1943 solitos.
1046 1905 1098 1942 Et
1117 1912 1244 1942 tamen
1258 1919 1391 1943 verum
1405 1911 1475 1952 est,
1496 1904 1596 1954 quod
1617 1903 1701 1940 heic

254 1958 474 2008 Diodorus,
512 1974 559 1997 ex
588 1963 740 1998 colonia
766 1964 809 1998 in
835 1964 1032 1998 matricem
1062 1974 1171 1998 sacra
1190 1963 1366 1998 sollemni
1385 1963 1463 1998 ritu
1483 1961 1602 1997 fuisse
1621 1966 1701 1997 tra-

256 2018 308 2052 ]ni
316 2029 387 2054 ssa.
434 2018 618 2067 Pol)bius
639 2017 818 2071 Excerpt.
839 2017 972 2068 Legat.
1003 2032 1034 2055 c.
1061 2018 1163 2057 114.
1192 2016 1568 2068 Carthaginiensium
1597 2018 1700 2055 ναῦν
1730 2026 1734 2028 ’

255 2070 361 2125 ἱερα)
366 2087 420 2124 (ο)
426 2088 479 2111 ον
502 2073 628 2117 habet,
655 2071 715 2125 ἐφ’
740 2090 766 2127 ῃ
791 2088 845 2120 εις
865 2089 940 2126 τνν
965 2069 1103 2125 Τυρον
1125 2072 1398 2124 ἕκηέμποτισιι
1420 2070 1457 2112 οἶ
1478 2068 1703 2125 Καρχνὸό-

256 2143 333 2166 aloa
354 2126 453 2174 τὰς
446 2129 644 2181 7at9t'ozg
665 2127 855 2181 απαρχὰς
874 2134 960 2176 τοῖς
982 2132 1109 2176 θεοῖς.
1157 2129 1216 2166 De
1239 2130 1376 2167 iisdem
1398 2128 1551 2166 Curtius
1571 2129 1614 2166 L.
1635 2128 1700 2165 [V.

258 2186 302 2231 2
338 2185 726 2235 Ctzlfftleaginiensium
752 2188 879 2236 legati
907 2187 962 2224 ad
979 2186 1253 2224 celebrandum
1284 2200 1443 2223 sacrum
1466 2197 1703 2222 cmnwersa-

259 2243 363 2278 rium
383 2254 488 2277 more
498 2244 642 2292 patrio
666 2250 758 2280 tunc
779 2249 991 2280 venerant:
1024 2245 1166 2294 quippe
1181 2243 1465 2292 Carthaginem
1480 2241 1596 2292 Tyrii
1610 2254 1703 2279 con·
1719 2271 1722 2274 .

260 2298 469 2343 clidemus,
501 2306 881 2351 semper-parentum
904 2301 988 2338 loco
1011 2300 1119 2337 culti.
1143 2300 1226 2343 Quo
1247 2306 1409 2347 utroque
1431 2300 1515 2335 loco
1535 2298 1583 2334 ad
1601 2298 1702 2335 hanc

258 2365 341 2390 rem
371 2355 638 2390 illustrandam
669 2368 762 2392 usus
790 2358 906 2393 etiam
935 2362 993 2392 est
1026 2354 1076 2392 H.
1098 2356 1270 2392 Valesius
1291 2356 1337 2392 ad
1356 2355 1538 2403 Excerpt.
1558 2354 1701 2390 Peires.

259 2420 296 2457 p.
313 2410 447 2449 1394.
470 2410 527 2446 ed.
551 2409 686 2459 Gran„
709 2412 880 2460 pluribus
900 2414 997 2458 iura,
1027 2423 1122 2459 quae
1143 2413 1358 2461 originibus
1379 2424 1401 2448 a
1421 2412 1567 2448 colonis
1586 2410 1701 2447 debe-

258 2466 419 2512 bantur‚
453 2478 672 2514 exponens,
713 2470 857 2515 pariter
886 2475 998 2516 atque
1027 2467 1149 2504 lllust.
1185 2467 1439 2518 Spanhemius
1471 2467 1518 2504 de
1546 2465 1631 2504 Usu
1662 2472 1701 2504 et

258 2520 406 2559 Praest.
429 2534 530 2558 num.
551 2521 712 2559 Dissert.
736 2522 808 2560 IX.
828 2537 851 2573 p
888 2525 993 2565 580.
1021 2523 1155 2560 TVESS.

372 2579 481 2618 498.
518 2578 589 2617 59.
622 2576 710 2617 Ἐπὶ
740 2577 784 2618 δὲ
804 2576 902 2626 τοὺς
922 2577 1132 2633 φρουροὺς
1150 2577 1432 2632 Κορινθίους]
1460 2577 1547 2616 Hoc
1567 2578 1699 2628 probo,

256 2645 328 2670 nec
351 2636 512 2671 multum
530 2647 623 2671 curo
643 2648 778 2673 vocem
795 2633 999 2688 πρέσβεις,
1020 2647 1132 2683 quam
1151 2642 1312 2686 utroque
1334 2637 1377 2672 in
1396 2647 1568 2671 sermone
1589 2646 1698 2683 saepe

257 2691 549 2742 intelligendam
570 2692 762 2729 omittunt.
802 2692 899 2730 Vide
920 2692 973 2730 lo.
996 2691 1045 2732 G.
1071 2691 1280 2731 Graevium
1301 2694 1343 2730 in
1363 2691 1497 2729 lustin.
1519 2690 1564 2728 L.
1586 2690 1629 2726 V.
1656 2690 1695 2728 3.
