1828 3253
308 42 400 82 668
769 37 1283 82 ANNOTATIONES

305 153 411 191 sibus
430 153 614 190 sollemne
634 152 697 200 sit,
717 159 761 191 ut
780 152 824 193 L.
845 152 932 191 XV.
948 153 1022 194 85.
1052 152 1131 191 Sed
1146 154 1274 192 obstat
1293 156 1479 194 orationis
1499 158 1630 205 series,
1649 170 1745 207 quae

305 211 506 259 vulgatum
527 208 713 255 defendit,
741 222 812 246 nec
830 211 951 246 ullum
973 211 1084 246 alteri
1106 211 1230 247 locum
1248 212 1444 260 relinquit.
1473 212 1606 250 wass,

423 277 527 316 586.
548 277 622 317 38.
652 276 943 326 Κακοπαθεΐν]
974 275 1127 313 Mallem
1148 278 1368 316 ‹lisiunctim
1391 276 1498 317 κακὰ
1518 282 1683 327 παθεῖν,
1703 287 1747 318 ut

304 333 410 370 alibi.
449 331 607 372 STEPH.
646 332 736 371 Non
758 333 1054 378 intercederem,
1087 336 1120 370 si
1139 337 1301 382 scriptae
1323 335 1484 372 schedae
1504 336 1748 383 addicerent3

307 401 396 425 nam
434 388 680 436 παθαίνειν,
727 391 784 426 sic
817 391 919 425 enim
951 391 1120 426 voluisse
1156 388 1250 441 Reg.
1279 394 1321 431 2.
1359 398 1397 428 et
1425 390 1526 429 Clar.
1566 393 1746 438 arbitror,

306 444 414 480 aliud
441 451 520 490 est,
550 458 620 480 nec
643 445 851 493 quidquam
879 445 997 482 iuvat.
1041 445 1166 495 Supra
1189 447 1341 495 quidem
1361 461 1393 484 c.
1421 449 1491 487 51.
1522 447 1588 486 καὶ
1613 445 1747 486 πολλὰ

307 496 534 552 ὁοάσαιτες
564 516 631 539 και
663 497 872 547 nadovteg
899 497 1165 551 ἐξεώσθησαν
1188 502 1359 549 dixerat,
1392 504 1458 541 sed
1482 504 1522 540 id
1541 506 1670 552 paullo
1690 504 1748 540 di-

306 569 475 621 versutu-
511 555 690 593 Similius
712 564 769 593 est
789 556 1016 606 AppianiL.
1040 556 1087 594 11.
1110 557 1251 595 Bellor.
1271 557 1385 596 Civil.
1405 573 1440 609 p.
1465 561 1571 600 759.
1605 562 1748 599 τοιαῦ-

303 626 357 652 τα
379 607 458 651 δὲ
441 627 556 651 enare
552 610 643 664 'pan
666 609 1035 652 κακοπαθούντων.
1052 613 1161 650 Adde
1181 615 1348 652 eiusdem
1366 628 1403 665 p.
1426 617 1531 657 768.
1552 623 1589 653 et
1611 615 1748 653 Nostri

308 668 352 705 L.
377 667 465 705 XV.
489 670 562 708 69.
596 669 645 705 W
651 680 734 706 Ess.

420 738 525 776 586.
555 737 630 775 43.
673 733 763 782 Τὰς
788 733 867 787 μὲν
893 731 1017 783 ὁδοὺς
1045 735 1319 788 (Ῡιοικοὸομεΐν
1350 737 1633 791 ἐνεχείρησαν]
1669 738 1749 775 Ad-

304 793 462 841 seripsit
484 791 605 828 Melae
630 805 698 828 suo
724 791 773 828 ls.
803 792 963 830 Vossius
993 792 1033 829 L.
1056 792 1103 828 II.
1130 795 1169 832 7.
1192 796 1264 833 55.
1294 794 1564 844 διοικοὸομεΐν
1576 797 1747 846 proprie

306 861 389 886 esse
409 849 730 896 aedificationem
752 861 946 900 separare
972 856 1013 886 et
1033 850 1224 897 dividere,
1250 852 1452 901 locumque
1475 853 1747 888 intermedium

304 918 472 942 vaenum
494 906 745 955 relinquere:
775 906 875 953 quod
902 919 1035 943 verum
1055 906 1220 942 fortasse
1238 908 1330 943 alibi
1353 914 1424 953 est,
1456 919 1535 942 non
1557 906 1630 942 hoc
1649 908 1747 954 loco,

303 974 381 1010 quo
410 962 514 998 vicos
535 962 749 998 obstructos
778 963 897 998 fuisse
918 963 1068 1007 innuit,
1100 964 1213 999 sicuti
1236 970 1271 999 et
1296 962 1337 999 L.
1362 962 1467 999 XVI.
1495 964 1567 1002 77.
1595 962 1747 1001 διοικο-

303 1017 443 1067 dunen»
461 1014 561 1063 τοὺς
581 1013 825 1063 στενωπούς.
850 1018 982 1066 Neque
1004 1018 1123 1065 obest,
1155 1018 1256 1066 quod
1277 1019 1317 1055 L.
1337 1019 1443 1058 XlV.
1469 1021 1508 1058 7.
1530 1019 1575 1055 (le
1596 1017 1749 1068 Diony-

302 1075 361 1110 sio
390 1073 506 1120 dicit,
537 1070 695 1125 ταύτην
723 1069 1030 1127 (Ιιῳκοδόμησεν
1061 1071 1142 1113 ἀπὸ
1174 1077 1247 1125 τῆς
1283 1072 1410 1126 ἄλλης
1441 1070 1598 1120 πόλεως
1627 1073 1748 1124 τείχει

300 1130 526 1168 πολυτελεῖ.
561 1129 733 1178 Namque
753 1130 791 1167 id
812 1130 1072 1181 significatur,
1105 1129 1296 1177 Insulam,
1326 1144 1413 1180 pars
1432 1137 1514 1167 erat
1534 1130 1751 1180 Syracusa-

300 1198 399 1232 rum,
428 1199 537 1222 muro
557 1186 776 1223 firmissimo
797 1188 843 1223 ab
863 1187 955 1223 urbe
973 1188 1120 1234 reli-qua
1137 1188 1256 1224 fuisse
1277 1189 1501 1234 seiunctam,
1528 1187 1748 1236 aditumque

305 1242 403 1280 adeo
422 1244 464 1279 in
484 1255 565 1278 eam
586 1243 708 1278 fuisse
729 1243 938 1291 obseptum.
976 1243 1109 1279 Wssss.

418 1310 521 1349 586.
548 1309 623 1348 45.
668 1307 734 1348 Τὰ
764 1305 905 1361 πλήθη
936 1311 1019 1348 τῶν
1050 1312 1254 1361 γυναικῶν
1288 1308 1356 1348 καὶ
1386 1309 1545 1348 παίδων
1576 1306 1747 1362 ἔφευγον

305 1364 407 1414 eta]
439 1364 567 1413 Saepe
594 1367 634 1402 in
666 1367 870 1415 repentino
898 1367 1068 1415 periculo
1100 1366 1241 1402 inbelle
1270 1366 1341 1402 hoc
1372 1379 1496 1416 genus
1525 1367 1604 1402 illis
1630 1367 1747 1402 armis

302 1423 502 1471 pugnavit.
541 1420 749 1458 Sallustius
780 1421 950 1471 1ug11rth.
982 1436 1013 1458 c.
1039 1423 1112 1461 67.
1159 1421 1210 1460 ‹ld
1239 1422 1311 1458 Ιιοο
1339 1423 1527 1458 mulieres
1549 1423 1748 1472 puerique

292 1491 373 1528 pro
396 1479 512 1514 tectis
531 1479 805 1525 aedzficiorzcm
830 1491 933 1515 saxa
958 1485 998 1514 et
1015 1479 1115 1524 alia,
1143 1492 1245 1528 quae
1266 1479 1375 1516 locus
1387 1477 1632 1530 praebebat,
1659 1477 1765 1515 σᾶμ’

301 1536 417 1571 tectim
438 1535 617 1580 mittere,
647 1547 732 1570 cum
756 1541 834 1570 not.
857 1533 995 1573 Cottii.
1029 1534 1166 1571 Wssss.

302 1656 360 1694 lu
397 1602 518 1686 0586.
547 1601 625 1641 48-
660 1599 712 1641 Οἳ
731 1597 1011 1656 Ιίαρχηδόνιθι
1033 1603 1171 1648 κακῶς
1195 1597 1491 1653 ἀπήλλαττον]
1517 1601 1615 1641 Dixi
1636 1602 1685 1640 ad
1703 1602 1747 1639 Ι..

363 1685 372 1694 ο
395 1656 634 1753 ’5186Ινξί3ῗ“
664 1713 749 1752 Καὶ
779 1712 886 1760 τινὲς
912 1713 988 1765 μὲν
1010 1719 1154 1766 χεῖρας
1181 1710 1348 1765 ἀθρόας
1379 1713 1617 1767 περιέφερον
1649 1712 1746 1767 etc.]

300 1767 477 1806 Similem
498 1769 699 1807 Gallorum
720 1784 863 1807 morem
893 1771 1098 1821 descripsit
1125 1769 1170 1807 L.
1189 1770 1233 1808 V.
1254 1771 1329 1810 29.
1371 1769 1482 1808 Conf.
1501 1770 1748 1809 Gebhardum

302 1826 352 1863 ad
374 1826 516 1874 Nepot.
535 1826 662 1863 Aleib.
686 1839 721 1863 c.
749 1828 822 1867 10.
848 1827 989 1864 Wssss„

416 1895 523 1934 586.
544 1895 616 1933 77.
651 1891 739 1932 Ἐπὶ
770 1897 852 1932 τῶν
881 1895 1036 1946 γαισῶν
1065 1892 1236 1932 καὶτῶν
1258 1891 1462 1944 σαυνίων]
1499 1893 1558 1930 De
1577 1896 1744 1940 samiis,

298 1950 375 1986 telo
397 1950 617 1997 barbarico,
651 1950 739 1987 vide
760 1958 840 1987 not.
859 1952 901 1987 in
920 1950 964 1987 L.
984 1949 1010 1987 I.
1034 1952 1105 1989 86.
1142 1950 1314 1987 Gaesum
1328 1977 1339 1996 ,
1372 1951 1441 1986 alii
1468 1952 1585 1986 telum
1617 1950 1744 1987 Galli-

301 2018 411 2053 cum,
438 2007 507 2043 alii
527 2005 778 2055 Hispanicum
802 2020 884 2043 esse
915 2008 1073 2050 volunt,
1112 2006 1253 2054 quibus
1277 2007 1351 2042 etsi
1380 2007 1420 2041 in
1440 2008 1641 2055 praecipuo
1671 2019 1745 2052 usu

298 2062 430 2107 fuerit,
457 2061 555 2099 nihil
578 2063 746 2111 inpedit,
780 2065 813 2099 si
833 2069 871 2099 et
891 2062 1031 2099 Poenis
1049 2062 1253 2098 tribuatur.
1283 2061 1423 2098 Pollux
1441 2069 1541 2098 certe
1562 2062 1744 2099 Afrorum

298 2118 420 2154 fuisse
440 2118 586 2154 indicat
606 2117 647 2154 L.
671 2118 755 2157 Vll.
785 2121 885 2159 157.
915 2114 1132 2170 Aopiss‘g‘ovg
1156 2114 1256 2169 δόρυ
1276 2113 1532 2168 ὁλοσίδηρον.
1561 2119 1744 2156 καλεῖται

301 2172 345 2212 δὲ
368 2171 533 2225 γαισός,
566 2173 631 2212 καὶ
655 2172 737 2212 ἔστι
761 2172 980 2224 Λιβυκὸν,
1009 2186 1233 2222 quamquam
1254 2176 1381 2221 paullo
1403 2176 1634 2224 generalius,
1665 2172 1744 2210 Re-

299 2243 392 2267 vera
413 2232 515 2266 enim
535 2229 658 2266 Gallis
680 2238 793 2278 atque
814 2231 998 2280 Hispanis
1021 2234 1143 2280 magis
1163 2232 1358 2277 convenit,
1385 2242 1495 2278 quam
1508 2231 1633 2268 Afris:
1656 2243 1744 2278 pos-

301 2292 390 2322 sunt
414 2288 528 2322 etiam
550 2285 644 2322 haec
663 2290 787 2324 nostri
802 2289 970 2324 auctoris
989 2287 1035 2323 ad
1049 2286 1255 2336 Hispanos,
1276 2288 1340 2334 qui
1361 2288 1486 2335 plures
1510 2286 1740 2323 Hannibalis

300 2343 460 2390 imperio
494 2342 695 2388 suberant,
726 2342 826 2380 haud
846 2343 1073 2380 inconmode
1092 2343 1241 2379 referri.
1290 2342 1384 2378 Vide
1406 2350 1533 2379 tamen
1563 2341 1620 2379 Cl.
1640 2341 1740 2379 Dra-

299 2395 577 2434 kenborchium
599 2399 641 2434 in
663 2397 753 2435 Silii
777 2399 820 2438 L.
842 2399 888 2436 ΙΙ.
913 2399 1020 2438 444.
1055 2398 1193 2435 Forma
1217 2400 1286 2435 teli
1307 2406 1344 2435 et
1362 2398 1485 2449 figura
1507 2412 1584 2435 non
1606 2399 1739 2436 admo-

300 2453 388 2490 dum
401 2452 670 2491 Grammaticis
689 2455 764 2491 fuit
785 2457 992 2505 explorata.
1020 2454 1258 2492 Scholiastes
1277 2455 1322 2491 ad
1338 2454 1470 2492 losuae
1490 2454 1734 2501 c.V1[1.18.‚

298 2511 480 2559 vulgatus
502 2523 523 2547 a
545 2509 645 2547 Clar.
663 2509 952 2549 Montfauconio
972 2514 1012 2548 in
1029 2506 1233 2559 Hexap1.5
1260 2510 1303 2549 ὸέ
1311 2507 1574 2577 λεξογραφος
1588 2511 1737 2562 Amys-

298 2563 451 2613 νιανός,
474 2561 664 2616 ἔμβόλίοπ
687 2563 787 2605 εἶναι
812 2562 858 2605 ὃ)
864 2567 1070 2618 οσίὸηροι,
1100 2564 1173 2605 ἄλλ
1179 2581 1214 2605 οι
1236 2564 1321 2605 δὲ
1300 2563 1501 2613 ακόνῑτιοι,
1524 2582 1561 2605 οι
1582 2565 1625 2605 δὲ
1638 2563 1736 2605 ‘Pm-

297 2626 413 2670 μαῖὀι
435 2617 578 2661 υσσόν.
619 2621 701 2658 Nec
726 2625 887 2660 multum
915 2624 961 2660 ab
982 2637 1026 2660 eo
1045 2623 1222 2659 dissentit
1241 2622 1459 2672 Hesychius
1480 2629 1517 2659 et
1536 2622 1736 2685 Etymolo-

298 2690 383 2728 gus.
425 2677 564 2715 Melius
585 2683 715 2715 tamen
736 2679 900 2725 Suidas,
933 2677 1016 2718 ἔστι
1039 2677 1083 2717 δὲ
1109 2675 1186 2717 (ὀπὶ
1190 2693 1236 2718 ον
1253 2674 1470 2731 μακρόθεν
1490 2680 1678 2724 κεντοῦν,
1710 2673 1736 2716 ,2
