1828 3253
397 159 462 201 IN
491 158 604 200 [ΑΒ.
641 158 689 201 V.
735 157 862 202 CAP.
905 162 978 207 80.
1009 162 1082 204 81.
1389 167 1498 212 481.

145 275 250 316 396.
274 274 347 316 17.
375 268 550 319 Ξάνθος
570 267 591 312 ὅ
608 267 795 325 Τριόπου
813 273 898 312 τῶν
910 269 1135 326 ἕξἌργους
1145 275 1376 329 Πελασγῶν
1389 277 1474 330 ete]

30 329 159 369 Habet
183 329 410 377 Xanthum,
438 330 542 366 urbis
563 330 604 365 in
626 327 745 378 Lycia
766 330 1004 380 cognominis
1028 331 1287 380 conditorem,
1310 333 1473 383 Stepha-

31 400 125 433 nus,
167 388 233 424 sed
258 387 368 425 domo
401 386 634 435 Aegyptium
665 393 730 421 aut
758 383 988 422 Cretensem.
1034 385 1216 438 Pelasgos
1247 392 1287 426 in
1310 389 1473 429 Lesbum

30 445 251 490 transiisse,
279 445 389 479 testis
411 440 551 478 Strabo
572 439 614 478 L.
638 439 749 477 Xlll.
776 452 813 489 p.
839 443 945 481 922.
969 441 1032 489 C.,
1063 444 1302 493 insulamque
1328 447 1471 485 Πελα-

30 498 147 549 σγίαν
167 500 391 548 adpellatam
411 496 588 535 Eustath.
610 499 651 533 in
669 495 827 536 Homer.
849 510 885 547 p.
908 497 989 538 74]
1003 525 1011 534 .
1036 505 1074 534 et
1094 498 1244 537 Plinius
1265 500 1307 537 L.
1329 501 1373 539 V.
1396 504 1468 543 31.

29 554 169 591 Wssss.

142 612 245 650 396·
264 610 350 650 23:
374 606 434 648 Τὸ
456 610 612 659 προτοῦ
633 605 891 660 καλουμένην
901 605 1074 661 Ἴσσαν]
1107 608 1225 648 Recte
1248 610 1342 663 Reg.
1364 615 1471 651 liber.

27 665 122 703 Erat
153 666 232 703 Issa
263 666 414 703 urbium
444 665 557 702 Lesbi
585 677 674 703 una.
701 663 884 713 Stephan.
908 662 1050 712 Ἴσσα,
1079 662 1198 712 πόλις
1232 666 1274 706 ἔν
1293 667 1469 720 Λέσβω,

25 723 227 772 κληθεῖσα
242 716 404 774 Ἱμέρα,
433 716 520 760 εἶτα
540 719 757 772 Πελασγία
781 718 1000 768 καὶἼσσα,
1030 719 1110 761 ἀπὸ
1141 721 1366 776 τῆςἼσσης
1396 713 1470 776 τιιζς

26 775 248 828 Μάκαρος.
293 778 474 827 qui‘cum
512 777 641 814 omnia
670 775 762 813 haec
794 779 1024 828 cognomina
1052 778 1139 815 urbi
1171 778 1274 816 issae
1303 782 1469 829 inponit,

25 838 156 871 notam
175 835 398 870 conmeruit.
444 833 595 870 insulae
626 839 758 879 erant,
785 845 863 870 non
894 835 1008 870 unius
1038 834 1154 871 urbis.
1176 834 1351 873 Eustath.
1385 838 1409 874 l.
1437 852 1468 875 c.

13 885 101 928 ’Έτι
123 886 256 928 ἰστέον
277 889 344 928 καὶ
368 886 430 928 ὅτι
440 885 599 941 Ἵμερτὴ
624 888 691 927 καὶ
709 888 925 941 Πελασγία
944 884 969 939 ἦ
992 887 1096 942 αὐτὴ
1114 889 1288 940 Λέσβος
1305 890 1466 945 ἐκλήθη

22 944 134 985 ποτέ.
162 945 228 984 καὶ
249 942 312 984 ὅτι
345 941 480 998 ὥσπερ
507 943 701 994 Λέσβος,
735 941 843 984 οὕτω
873 942 1070 984 καὶἼσσα
1099 941 1124 997 ἦ
1150 944 1253 999 αὐτὴ
1282 949 1408 1000 νῆσος
1427 949 1469 988 ἐκ

21 1004 120 1052 μιᾶς
140 1003 223 1040 τῶν
241 1000 330 1052 περὶ
352 998 481 1053 αὐτὴν
502 999 617 1039 πέντε
637 996 817 1048 πόλεων,
839 995 893 1047 ὥς
912 1000 979 1039 καὶ
999 998 1246 1055 Λυκόφρων
1267 1002 1468 1057 ἐμφαίνει.

23 1056 153 1094 Pallor
175 1060 325 1106 itaque,
350 1064 416 1094 aut
442 1058 596 1105 scripsit
615 1056 815 1109 κληθείσῃ
833 1051 1015 1110 Ἶμερτῇ,
1043 1053 1128 1096 εἶτα
1159 1060 1374 1112 Πελασγία
1399 1061 1468 1100 καὶ

12 1109 145 1167 Ἴσσῃ.
176 1112 370 1150 Debuerat
388 1113 540 1162 quidem
558 1119 683 1159 certe,
711 1120 754 1150 ut
776 1112 898 1149 Lesbo
921 1114 1052 1150 titulos
1072 1115 1319 1163 relinqueret,
1344 1103 1366 1154 a
1389 1118 1469 1155 Pli-

22 1170 92 1207 nio
114 1170 171 1206 illi
190 1182 267 1206 non
286 1176 458 1219 negatos.
487 1168 774 1218 Lycophronis,
802 1181 912 1217 quem
935 1168 1291 1208 Thessalonicensis
1315 1175 1467 1220 praesul

20 1227 215 1273 respexit,
246 1237 380 1263 versus
398 1225 606 1262 Alexandr.
638 1232 696 1261 est
715 1226 835 1272 220„
865 1227 927 1262 cui
955 1226 1172 1276 iungendus
1203 1226 1341 1265 Strabo
1371 1229 1413 1266 L.
1439 1229 1467 1268 1.

8 1294 60 1331 Ρ.
89 1281 190 1322 103.
209 1279 251 1317 Β.
280 1278 418 1320 wass.

137 1337 244 1376 397.
271 1337 347 1377 29.
389 1333 620 1389 Μακαρεὺς
639 1332 730 1382 υἱὸς
748 1334 824 1387 μὲν
844 1331 1054 1387 Κρινάκου
1076 1339 1149 1376 τοῦ
1168 1336 1304 1392 Διὸς]
1335 1340 1466 1378 Genus

21 1393 210 1431 Macarei
232 1394 314 1430 sive
344 1390 528 1431 blac-aris
559 1395 599 1430 in
632 1395 934 1429 controversiam
964 1393 1082 1430 venit.
1121 1393 1307 1443 Superius
1337 1410 1367 1432 c.
1391 1397 1466 1436 47.

21 1449 174 1497 Macar,
202 1461 251 1486 ex
276 1439 450 1487 Heliadis
471 1461 594 1495 unus,
621 1451 662 1485 in
684 1444 848 1485 Lesbum
870 1449 1071 1486 devenisse
1095 1449 1327 1499 perhibetur.
1365 1452 1466 1490 Dio-

22 1508 158 1556 nysius
180 1517 273 1544 vero
298 1504 386 1543 Ant.
413 1504 522 1543 Rom.
545 1505 586 1542 L.
609 1504 638 1541 Ι.
662 1517 698 1553 p.
727 1507 797 1545 15.
836 1505 1019 1556 Pelasgos
1052 1507 1091 1542 in
1115 1506 1276 1544 Lesbum
1300 1509 1465 1546 insulam

20 1562 222 1599 transiisse
243 1563 320 1609 ait,
341 1564 526 1605 inmixtos
547 1565 632 1606 τοῖς
648 1560 691 1600 ἐκ
713 1563 787 1613 τῆς
804 1555 1001 1606 Ἑλλάδος
1024 1560 1235 1600 στέλλουσι
1258 1561 1332 1613 τὴν
1353 1563 1466 1614 πρώ-

20 1632 97 1669 την
118 1614 308 1657 ἀποικίαν
331 1615 385 1664 εἷς
407 1615 558 1669 αὐτὴν,
590 1614 761 1684 &yon-og
793 1612 1000 1668 Μάκαρος
1029 1619 1103 1655 τοῦ
1123 1618 1340 1669 Κριασιόι·.
1371 1620 1466 1658 Cor-

19 1677 154 1724 rigunt
181 1675 258 1711 viri
277 1673 381 1711 docti
407 1676 481 1712 τοῦ
500 1674 724 1723 ‘Kome-ov,
751 1679 795 1710 ut
824 1671 949 1710 Criasi
970 1676 1030 1710 -sit
1059 1673 1185 1721 filius,
1216 1675 1311 1726 Argi
1335 1690 1467 1726 nepos,

21 1729 128 1767 lovis
145 1742 355 1779 pronepos,
384 1742 433 1766 ex
453 1729 685 1779 Apollodoro
700 1729 746 1766 ΙΙ.
773 1731 810 1770 l.
843 1727 926 1780 Ego
950 1742 1053 1776 vero,
1075 1742 1160 1767 cum
1184 1733 1336 1769 colonia
1356 1732 1467 1770 Deu-

21 1788 171 1824 calione
192 1787 244 1822 sit
263 1787 453 1834 posterior
472 1787 601 1823 multis
630 1787 767 1832 annis,
796 1785 831 1822 si
861 1784 1032 1823 Diodoro
1066 1786 1183 1832 fides,
1214 1788 1365 1826 mallem
1393 1793 1466 1828 τοῦ

19 1838 257 1893 Κρινάκου,
285 1845 507 1890 praesertim
537 1854 653 1890 quum
674 1841 777 1878 hunc
795 1848 941 1891 patrem
963 1841 1109 1879 Macari
1139 1855 1288 1892 quoque
1318 1844 1468 1882 dederit

19 1897 151 1935 Schol.
175 1897 332 1935 Homeri
362 1897 406 1937 ll.
429 1897 483 1944 Ω,
517 1899 633 1944 554„
663 1910 685 1934 a
714 1898 788 1934 los.
816 1897 1000 1935 Bal-nesio
1033 1900 1140 1935 nullo
1169 1901 1254 1937 iure
1285 1908 1466 1940 mutatus.

18 1953 152 1993 Putem
174 1966 323 2003 quoque
344 1950 553 2006 Κρινάκου
580 1965 719 1990 nomen
739 1953 976 1992 reddendum
1008 1966 1089 1991 esse
1112 1954 1296 1992 Straboni
1319 1956 1360 1993 L.
1384 1955 1466 1996 VH.

19 2023 55 2060 p.
85 2011 193 2050 495.
228 2010 272 2047 A.
319 2009 377 2047 De
416 2009 567 2047 Macare
598 2012 709 2060 plura
738 2009 912 2047 Clemens
953 2011 1240 2048 Alexandrinus
1275 2012 1467 2061 Protrcpt.

20 2077 57 2115 p.
77 2069 151 2107 27.
179 2064 314 2103 111288.
356 2078 361 2084 ⁴

134 2124 238 2162 397.
270 2122 343 2162 31.
376 2119 443 2162 Ἔν
459 2119 610 2178 Ὠλένῳ
633 2122 708 2175 τῆς
727 2117 820 2162 τότε
841 2120 917 2173 μὲν
933 2117 1095 2174 Ἰάδος]
1124 2122 1355 2161 Pausaniam
1379 2124 1466 2162 vide

19 2176 65 2215 L.
86 2178 171 2216 Vll.
194 2181 264 2219 18.
297 2179 430 2216 Wnss.

134 2235 238 2275 397.
262 2236 333 2275 39.
363 2234 538 2285 Λέσβος
558 2230 578 2274 ὅ
598 2231 837 2285 Λαπίθου]
866 2234 1053 2285 Mar-ginis
1075 2236 1224 2271 notatio
1247 2229 1266 2273 ὅ
1289 2232 1466 2284 Αἰόλου,

18 2292 93 2329 τοῦ
115 2290 326 2330 Λαπίθου
348 2291 472 2328 habet.
501 2291 556 2328 Ut
574 2297 702 2328 autem
722 2291 890 2328 discerni
912 2293 1046 2339 possit,
1070 2298 1155 2327 utra
1179 2292 1295 2329 lectio
1315 2294 1463 2344 γνησία

19 2348 92 2392 sit,
121 2352 238 2384 totam
261 2347 505 2385 Aeolidarum
525 2350 661 2384 seriem
684 2359 731 2383 ex
751 2350 886 2384 ultima
906 2348 1056 2398 origine
1076 2350 1292 2395 repetitam,
1318 2356 1361 2385 ut
1383 2352 1468 2397 qui-

20 2402 107 2439 dem
124 2415 146 2440 a
165 2401 336 2441 Diodoro
354 2405 453 2442 libro
476 2406 665 2454 superiori
686 2416 718 2440 c.
740 2405 813 2444 69.
842 2411 880 2441 et
907 2402 978 2442 hoc
1001 2406 1194 2455 praesenti
1214 2405 1300 2442 loco
1328 2418 1467 2443 recen-

20 2466 151 2508 setur,
180 2460 223 2497 in
252 2459 382 2498 tabula
401 2473 668 2510 proponemus.

76 2876 174 2917 Vol..
199 2875 229 2915 1.
1192 2876 1241 2915 31
