1828 3253
244 144 306 185 60
707 141 1222 185 ANNOTATIONES

242 271 337 307 τος,
366 252 453 299 οἷον
482 253 630 312 ἐλέφας
655 256 723 299 καὶ
742 254 763 300 ὃ
782 263 937 315 χοῖρος.
966 259 1137 301 Diodoro
1156 267 1306 313 praeter
1332 259 1568 303 Hero-dotum
1587 278 1680 304 eon-

243 321 362 356 sentit
379 316 539 354 Aristot.
559 314 608 353 Π.
627 314 678 354 H.
698 315 742 354 A.
767 319 837 357 10.
874 317 1008 356 IVESS.

353 374 430 413 41.
451 373 494 412 4.
523 367 680 426 ssepa]
722 372 829 422 Hoc,
858 381 902 412 ut
929 371 1155 429 ἐμφατικόν
1188 382 1301 425 atque
1329 377 1505 426 eleganS,
1535 379 1679 415 retine-

238 444 338 529 ipus.
388 429 497 474 Quod
517 432 707 482 glossator
727 443 796 481 per
820 426 979 483 μεγάλα
1018 433 1062 470 in
1101 435 1273 483 margine
1312 435 1502 482 explicare
1543 435 1678 472 voluit.

279 498 377 526 flul).

352 545 429 585 41.
454 546 493 584 8.
513 538 650 589 ‘Yea'ag
671 539 852 596 σάρκας]
880 542 1112 581 Distinctius
1132 543 1316 582 Herodot.
1339 544 1387 582 II.
1409 546 1482 585 70.
1516 544 1650 582 VVESS.

349 602 426 641 41.
449 602 519 640 ll.
545 601 728 652 Πλῆθος
749 597 792 638 δ”
813 597 954 639 αὐτῶν
975 596 1194 653 ἀμύθητόν
1217 601 1318 651 ἐστι]
1346 601 1458 638 Philo
1478 601 1558 639 Iud.
1579 597 1674 654 παρ’

238 653 301 706 ,οἷς
317 656 394 708 μὲν
411 653 490 710 γὰρ
512 660 701 707 τιμᾶται,
729 652 929 708 πληθύινει
948 653 1143 706 μάλιστα.
1177 654 1290 709 παρὰ
1312 656 1356 696 δὲ
1375 663 1461 704 τοῖς
1479 659 1677 708 λυμαινο-

235 713 374 768 μένοις
397 711 490 753 οὐδ’
514 710 846 766 ὄναρᾳταιίἐται,
873 715 915 750 in
934 712 1074 752 Euseb.
1096 713 1198 750 Vm.
1218 714 1261 752 P.
1280 713 1326 750 E.
1352 715 1423 754 14.
1446 728 1482 763 p.
1506 715 1610 755 398.
1632 712 1674 753 C,

237 773 366 817 Quare
394 772 522 821 plures
550 776 660 807 erant
687 770 786 820 apud
817 769 1011 816 Ombitas,
1037 772 1203 807 rariores
1228 772 1270 807 in
1289 770 1430 807 finibus
1451 769 1677 820 Tentyrita-

235 842 344 877 rum,
372 832 509 876 quippe
529 826 731 864 crocodilis
750 827 990 873 infestorum,
1015 826 1162 863 Aelian.
1181 824 1233 863 X.
1253 825 1303 863 H.
1323 825 1368 863 A.
1391 828 1489 874 2l.;
1518 827 1619 863 unde
1640 833 1678 863 et

236 885 457 923 immortale
479 884 607 921 odium
628 890 669 920 et
683 896 880 934 uunquam
897 882 1075 920 sanabile
1095 884 1235 920 vulnus
1253 885 1356 920 inter
1383 882 1452 920 hos
1477 883 1676 930 finitimos,

237 943 283 980 de
303 955 377 992 quo
396 942 592 991 eleganter
613 939 783 977 Iuvenal.
805 938 921 976 Satir.
939 938 1030 976 XV.
1052 940 1124 978 33.
1153 939 1287 976 IVESS.

346 999 422 1039 41.
455 997 524 1038 19.
551 992 855 1046 Παραπλήσιος
877 992 932 1034 ὢν
950 998 1083 1049 μικρῷ
1105 994 1220 1044 κυνὶ]
1251 995 1409 1032 Animal
1422 1008 1595 1046 parvum
1619 1001 1679 1032 est

234 1057 423 1094 mustelae
443 1054 714 1102 magnitudine
744 1059 862 1102 atque
882 1052 1048 1101 figura,
1079 1053 1149 1089 secl
1176 1052 1288 1101 longe
1311 1052 1487 1088 breviori
1509 1064 1677 1102 corpore

235 1126 352 1166 quam
382 1111 548 1148 mustela
577 1111 743 1156 visitur,
774 1115 814 1145 et
839 1109 928 1145 alvo
959 1109 1164 1159 ampliori,
1198 1115 1321 1159 caput
1338 1121 1510 1159 parvum
1545 1107 1676 1155 habet,

234 1176 409 1208 rostrum
431 1169 608 1216 nigrum,
636 1171 817 1211 acutum,
848 1178 916 1201 ore
937 1178 1092 1216 parvo,
1120 1165 1299 1202 dentibus
1320 1166 1484 1202 mul-iuis
1504 1170 1675 1211 constat,

235 1227 360 1264 oculis
378 1225 546 1277 parvis,
582 1223 787 1260 admodum
827 1221 1050 1268 vivacibus,
1093 1222 1226 1258 itidem
1263 1223 1408 1257 visitur
1447 1221 1672 1257 brevissimo

232 1283 358 1330 pollo,
395 1287 534 1319 ventre
563 1291 722 1324 crasso,
744 1278 914 1330 pedibus
939 1278 1109 1330 parvis,
1155 1277 1421 1328 unguibusque
1460 1279 1673 1323 uncinulss,

235 1341 404 1378 cauda-m.
453 1349 547 1375 vero
597 1335 716 1373 habet
761 1336 943 1384 longam,
980 1336 1176 1385 serpentis
1212 1335 1322 1372 modo
1361 1336 1400 1370 in
1440 1336 1673 1370 tenuitatem

233 1397 458 1442 abeuntem,
488 1394 618 1430 colore
646 1393 800 1429 cinereo
817 1391 1083 1438 fulvescente.
1131 1388 1197 1427 Sic
1228 1391 1360 1439 Prosp.
1391 1389 1519 1439 Alpin.
1541 1390 1603 1427 lv.
1625 1388 1670 1426 R.

233 1454 396 1504 Aegypt.
429 1452 470 1491 9.
499 1451 607 1486 cuius
644 1455 822 1486 accurata
849 1449 1025 1485 animalis
1052 1446 1258 1496 descriptio
1289 1448 1401 1497 longe
1426 1453 1579 1496 superat
1599 1446 1670 1483 Ni-

232 1510 438 1548 candream
457 1505 633 1543 Theriac.
657 1505 760 1546 195.
779 1517 900 1556 neque
926 1517 1060 1540 verum
1089 1509 1168 1550 est,
1196 1502 1297 1552 quod
1324 1510 1435 1552 poeta
1465 1510 1503 1540 et
1531 1502 1670 1540 Strabo

231 1565 358 1606 XVII.
386 1578 421 1614 p.
453 1564 589 1604 1166.
620 1569 658 1598 et
689 1561 837 1598 Aelian.
867 1559 931 1596 VI.
959 1559 1010 1598 H.
1046 1559 1091 1597 A.
1126 1560 1198 1600 38,
1228 1560 1273 1596 de
1294 1560 1468 1607 aspidum
1487 1562 1593 1606 ovis,
1621 1560 1669 1596 ab

227 1622 481 1662 ichneumone
509 1620 639 1670 frangi
669 1619 813 1664 solitis,
837 1623 1066 1654 memorant:
1096 1618 1312 1665 viviparum
1334 1618 1434 1653 enim
1454 1617 1494 1653 id
1514 1629 1670 1666 serpen-

229 1683 280 1718 tis
298 1692 420 1730 genus
441 1683 513 1715 est.
558 1673 668 1712 Conf.
690 1675 794 1711 infra
814 1687 846 1710 c.
870 1674 941 1714 87.
980 1672 1115 1709 W'Ess.

340 1736 415 1775 42.
437 1735 512 1773 26.
550 1731 636 1771 Καὶ
665 1729 855 1781 δίχηλος]
894 1729 1053 1766 Aristot.
1084 1728 1130 1765 II.
1159 1727 1208 1765 H.
1238 1728 1283 1765 A.
1314 1730 1355 1768 7.
1385 1724 1554 1780 ὁῖχῃλόν
1583 1726 1668 1767 ἐστι

230 1789 366 1842 ὥσπερ
386 1791 500 1840 stoi-g.
526 1795 563 1825 et
584 1794 672 1824 ante
693 1800 778 1823 eum
796 1786 980 1824 Herodot.
994 1785 1042 1822 II.
1056 1787 1149 1832 71.;
1169 1798 1330 1836 quorum
1350 1787 1568 1834 opinionem
1586 1784 1668 1822 Pli-

228 1851 317 1886 nius
336 1844 509 1884 V111.,H.
528 1843 577 1881 N.
598 1845 673 1885 26.
698 1850 735 1880 et
763 1842 932 1879 Achilles
964 1841 1051 1879 Tat.
1071 1841 1135 1878 IV.
1155 1836 1190 1891 p.
1210 1843 1318 1882 223.
1343 1842 1558 1878 adfirmant.
1589 1839 1667 1878 Ta-

227 1918 315 1944 men
335 1904 471 1952 Prosp.
490 1901 654 1949 Alpinus
675 1912 805 1936 omnes
825 1912 889 1936 eos
908 1900 999 1935 falsi
1017 1901 1164 1949 arguit,
1187 1905 1224 1935 et
1245 1898 1389 1935 divisos
1410 1897 1561 1946 quidem
1584 1900 1665 1934 eius

227 1963 366 2012 pedes,
402 1959 469 1996 sed
496 1957 636 1994 bifidos
665 1963 782 2008 negat
809 1955 871 1992 IV.
901 1954 947 1992 R.
976 1955 1141 2006 Aegypt.
1176 1968 1208 1993 c.
1247 1956 1317 1994 12.
1359 1952 1502 1990 Contra
1521 1967 1607 1990 eum
1627 1960 1667 1990 et

227 2019 441 2057 sententiae
468 2020 665 2052 consortes
684 2015 847 2050 veniunt
865 2011 1004 2049 Ezech.
1028 2011 1231 2061 Spanhem.
1251 2009 1413 2048 Dissert.
1433 2009 1497 2046 IV.
1516 2010 1560 2046 de
1582 2009 1665 2046 Usu

227 2082 268 2113 et
285 2074 347 2111 Pr.
368 2072 518 2109 Numis.
538 2084 574 2120 p.
601 2072 703 2110 172.
725 2076 763 2106 et
788 2068 1010 2106 Harduinus
1031 2069 1072 2104 in
1101 2067 1201 2104 Vffl.
1224 2070 1297 2108 28.
1327 2068 1466 2113 Plinii,
1495 2067 1543 2103 ob
1571 2065 1664 2103 Phi-

225 2133 322 2180 lippi
350 2130 441 2178 Imp.
471 2137 688 2174 nummum3
728 2126 794 2163 sed
823 2128 875 2173 is,
905 2127 982 2162 nisi
1010 2126 1112 2162 oculi
1134 2125 1297 2171 fallunt,
1335 2122 1473 2161 bifidos
1501 2129 1540 2160 et
1573 2123 1665 2161 bovi

226 2189 370 2226 similes
391 2185 503 2235 pedes
525 2183 626 2220 haud
646 2183 827 2220 ostendit.
866 2182 1001 2219 YVESS.

337 2244 412 2282 42.
432 2243 506 2281 28.
533 2238 693 2292 Κέρκον
714 2239 781 2278 καὶ
802 2236 970 2292 φωνὴν]
999 2236 1064 2274 Sic
1095 2243 1133 2274 et
1154 2235 1340 2274 Herodot.
1355 2234 1401 2272 II.
1425 2237 1496 2275 71.
1525 2234 1664 2273 Verius

222 2300 398 2345 Plinius,
426 2304 577 2334 secutus
598 2296 864 2342 Aristotelem,
891 2308 974 2332 esse
993 2301 1124 2331 rostro
1152 2295 1316 2339 resinw,
1344 2294 1474 2330 cauda
1505 2299 1546 2329 et
1569 2294 1664 2330 den-

224 2357 328 2394 tibus
356 2367 544 2407 aprorum
570 2355 754 2399 aduncis,
783 2352 921 2401 prodit.
961 2350 1150 2388 Herodoti
1170 2357 1208 2386 et
1226 2349 1389 2386 Diodori
1405 2362 1572 2386 errorem
1592 2362 1663 2385 no-

225 2416 324 2451 tavit
343 2410 383 2448 S.
405 2409 618 2447 Bochartus
638 2409 684 2445 V.
705 2409 922 2446 Hierozoic.
948 2409 1017 2448 14.
1037 2421 1071 2456 p.
1094 2407 1197 2446 757.
1229 2405 1364 2443 IVESS.

336 2469 411 2508 42.
432 2468 505 2506 32.
531 2461 847 2515 Γυμναζόμενον
867 2462 972 2503 κατὰ
991 2460 1172 2513 βάθους]
1206 2461 1264 2500 Ill.
1277 2460 1468 2512 Scaligeri
1485 2467 1522 2497 et
1533 2461 1662 2498 vossii

223 2520 492 2574 εὐναζόμενον
529 2523 732 2572 quiescens
777 2522 926 2558 codices
962 2521 1108 2558 vetusti
1144 2524 1328 2567 spernunt
1365 2524 1404 2553 et
1433 2520 1515 2564 ipsa
1549 2520 1661 2554 ratio.

223 2581 444 2619 Suffocatur
472 2579 540 2615 sub
572 2578 685 2614 undis
717 2576 1039 2626 Hippopotamus,
1068 2577 1146 2612 nisi
1176 2588 1243 2624 per
1263 2574 1468 2614 intervalla
1484 2576 1660 2621 respiret,

221 2640 280 2676 uti
299 2634 551 2685 Philosophus
571 2634 704 2670 scribit
718 2632 820 2670 VIII.
840 2632 889 2670 H.
901 2633 946 2670 A.
964 2635 1030 2679 2.;
1061 2643 1135 2680 quo
1159 2644 1250 2681 ergo
1268 2629 1379 2668 modo
1399 2632 1542 2678 poterit
1559 2630 1658 2667 diem

222 2697 266 2732 in
284 2696 360 2731 imo
379 2692 491 2730 fluvii
509 2690 630 2727 fundo
649 2690 842 2726 dormiens
860 2686 1107 2726 consumere?
1163 2686 1223 2723 Ad
1242 2686 1335 2723 haec
1361 2688 1465 2723 inter
1493 2686 1657 2724 arundi-

222 2763 292 2788 nes
313 2750 440 2788 celsas
459 2754 500 2784 et
516 2748 638 2784 nimia
660 2747 854 2784 densitate
871 2746 1096 2796 squalentes
1110 2744 1235 2780 bellua
1255 2742 1353 2780 llaec
1373 2742 1516 2780 cubilia
1538 2743 1658 2790 ponit,

217 2805 540 2858 progrediturque
549 2815 597 2841 ex
613 2804 692 2841 illis
711 2802 759 2840 ad
778 2808 927 2856 segetes
947 2799 1218 2852 depascenda&
1236 2798 1422 2841 Ammiau.
1441 2797 1571 2835 XXII.
1586 2798 1654 2839 15.

1808 984 1813 1018 ἱ

1820 1397 1825 1406 ,Α
1816 1363 1824 1385 -2-
1819 1348 1822 1350 .
1814 1183 1828 1341 *mvn-*-
