1828 3253
382 191 444 230 ΙΝ
485 189 597 230 LlB.
628 189 756 232 xlv,
788 188 914 231 CAP.
951 191 1126 233 17.18.
1203 200 1208 207 ¹
1420 189 1506 230 731

173 306 278 350 653.
301 305 372 347 55
397 299 882 362 Ἐὸεὸώκεισαν]Δεόώκ.
903 301 968 342 Co.
988 302 1088 342 Clar.
1110 315 1188 341 non
1207 303 1363 341 omnino
1380 314 1511 352 pruine

60 362 283 416 Negligitur
302 361 401 399 haud
424 375 513 398 raro
533 363 635 398 enim
655 368 912 412 augmentum.
950 360 981 398 V
986 360 1036 398 id.
1057 360 1105 397 ad
1129 359 1240 400 L.11.
1266 364 1304 401 8.
1335 359 1468 397 Wrss.

177 421 282 461 653.
311 419 384 459 63.
418 413 553 469 Ὁρῶν
576 415 617 469 ἕρ
622 414 732 468 γώὸι]
757 414 831 467 τὴν
860 414 1013 456 ἅλωσιν
1036 409 1195 469 ουσαν]
1227 415 1368 453 lterum
1386 429 1409 452 a
1426 415 1511 452 Xe-

61 476 256 524 nophonte
286 475 496 523 discrepat:
524 475 590 522 qui
619 486 704 510 cum
732 473 845 524 Agim
875 473 1054 510 suburbia
1081 479 1118 509 et
1145 475 1349 540 gymnasia
1380 472 1511 539 oppidi

61 540 234 571 vastasse
255 531 439 577 dixisset,
468 526 543 580 τὴν
565 527 610 568 δὲ
630 525 941 578 n‹5)i11,inquit,
969 526 1195 579 ατείχιστος
1222 526 1299 580 9120
1323 521 1373 580 ἦν
1423 523 1511 566 ἑνό-

61 603 189 640 μισαν
211 584 337 626 αὐτὸν
355 583 414 636 μὴ
432 581 536 636 βού)
541 587 662 624 εσθαι
681 584 877 635 μᾶλλον
861 582 885 637 2}
902 582 961 636 μὴ
985 580 1195 623 ὸυνασθαι
1218 581 1258 623 ἑ)
1263 590 1334 631 εῖν,
1363 584 1509 631 urbem,

62 646 165 682 male
187 646 287 682 enim
306 644 456 681 munita
479 648 582 689 erat,
611 642 821 679 censebant
838 655 923 679 eum
942 643 1071 691 magis
1089 654 1164 678 non
1184 642 1367 688 voluisse,
1391 654 1509 691 quam

62 715 138 738 non
161 702 339 752 potuisse
370 711 528 750 capere.
574 697 640 735 Sic
658 699 842 735 vertenda
873 712 916 735 ea
935 705 1074 747 putem.
1121 694 1383 748 Ἀτείχιστος
1410 698 1508 733 male

62 759 182 796 muris
208 757 373 793 cinctam
404 755 566 792 indicat:
596 767 684 791 nam
714 756 834 797 muris
862 754 1080 792 destitutam
1109 752 1211 791 haud
1240 755 1382 800 fuisse,
1412 765 1508 801 quae

63 813 344 852 subnectuntur
363 811 505 848 ibidem
533 810 762 857 ostendunt,
790 817 828 847 et
847 812 887 848 in
907 811 1119 849 Pausaniae
1139 810 1181 847 L.
1202 809 1268 847 Ill.
1294 813 1334 850 8.
1375 809 1509 857 Neque

62 869 136 907 hoc
153 881 310 914 verum,
337 870 371 904 si
391 865 689 915 Xenophontem
719 866 851 913 audis,
877 880 1006 918 regem
1034 868 1269 903 concessisse
1287 865 1439 915 Dynien
1469 868 1511 903 in

61 925 243 964 hiberna:
271 923 433 972 Epitalii
466 926 568 960 enim
595 935 712 971 prope
734 922 921 971 Alpheum
953 923 1093 961 flumen
1123 923 1417 972 praesidiarios,
1444 924 1511 970 qui

61 981 169 1020 Eleis
189 981 324 1018 infesti
338 981 488 1026 forent,
513 980 694 1028 reliquit,
723 979 876 1016 domum
898 982 978 1029 ipse
996 978 1259 1017 reversus.1d
1279 980 1387 1025 bene,
1408 978 1511 1026 quod

63 1038 245 1078 Eleorum
263 1050 397 1088 agrum
411 1032 556 1088 χώραν
581 1032 691 1087 ιεράν
712 1043 919 1085 nuncupat
960 1036 1064 1073 Olim
1084 1038 1188 1072 enim
1208 1048 1397 1103 consensu
1417 1047 1513 1083 quo-

65 1096 153 1132 dam
181 1096 301 1130 totius
332 1105 450 1142 paene
485 1091 669 1129 Graeciae
691 1099 946 1138 convenerat,
979 1089 1054 1143 τὴν
1070 1089 1145 1130 Ἠ)
1150 1090 1235 1130 {lav
1270 1089 1382 1141 ἱερὰν
1411 1094 1513 1130 ειναι

65 1152 140 1192 τοῦ
161 1147 288 1196 Διὸς,
316 1146 390 1188 τὸν
421 1145 463 1187 δ’
496 1143 663 1187 ἐπιόντα
686 1147 749 1188 ἐπὶ
779 1145 855 1200 τὴν
881 1145 1026 1200 χώραν
1050 1144 1207 1198 ταύτην
1236 1146 1330 1198 μεθ’
1359 1145 1434 1186 0717
1428 1162 1511 1196 tm,

67 1223 110 1247 m
114 1221 189 1259 1172]
213 1221 269 1245 m
274 1220 327 1243 αι
354 1200 411 1251 ὧς
431 1201 465 1242 δ’
492 1201 627 1250 αἱτως
655 1202 776 1256 ἐναγῆ
799 1201 872 1244 τὸν
894 1202 951 1256 μὴ
973 1200 1236 1255 ἐπαμίνοιτα
1261 1200 1366 1242 κατὰ.
1387 1199 1515 1242 dbia-

65 1279 136 1315 μιν
147 1290 159 1310 ,
189 1261 329 1299 Strabo
348 1259 572 1310 L.V111.p.
601 1261 704 1301 .)48.
739 1262 860 1305 Quam
879 1263 1206 1297 consecrationem
1227 1273 1312 1296 cum
1334 1258 1516 1309 Spartani

65 1327 188 1358 ratam
208 1317 454 1363 habuissent,
481 1322 591 1353 tanto
613 1316 706 1353 haec
727 1318 890 1365 irruptio
911 1317 1036 1354 videri
1056 1317 1216 1353 debebat
1233 1318 1413 1362 atrocior,
1439 1317 1517 1352 nisi

67 1378 101 1414 si
120 1375 206 1412 Elei
225 1374 326 1412 bello
341 1374 581 1411 occasionem
600 1373 882 1423 praebuissent.
906 1371 1016 1412 Conf.
1029 1372 1209 1422 Excerpt.
1222 1372 1253 1410 V
1256 1373 1346 1409 ales.
1361 1385 1395 1423 p.
1409 1372 1517 1412 225.

66 1431 202 1470 Wuss.

181 1486 287 1526 653.
321 1487 394 1526 77.
432 1481 501 1524 Ἕκ
530 1480 748 1539 θαλάττης
777 1483 833 1533 εἷς
859 1480 1080 1525 θάλατταν
1109 1480 1522 1536 ἀπο-τετειχισμένην]

67 1543 165 1582 Vide
183 1541 229 1582 L.
251 1540 362 1581 Xlll.
387 1543 428 1582 7.
463 1541 599 1578 Wssss.

182 1599 291 1641 653.
325 1599 398 1639 83.
435 1594 557 1649 Πρὸς
574 1592 917 1646 τοΐςςΕξαπῦλοις
936 1597 1035 1648 etc.]
1063 1592 1293 1644 (Εξὰπυλα,
1325 1595 1523 1647 Hexapy-

69 1655 172 1703 lum,
199 1657 321 1692 maior
341 1660 379 1692 et
405 1656 588 1691 munitior
606 1655 711 1691 urbis
739 1662 821 1692 erat
839 1662 971 1705 porta,
1001 1668 1097 1704 quae
1119 1657 1159 1691 in
1180 1652 1355 1703 Tycham
1376 1652 1523 1689 aditum

69 1712 196 1750 dabat.
225 1709 284 1748 De
303 1724 348 1748 ea
367 1709 436 1746 Ph.
457 1708 609 1747 Cluver.
629 1710 738 1750 Sicil.
760 1711 890 1761 Antiq.
911 1710 954 1748 L.
976 1710 1004 1748 Ι.
1027 1724 1063 1762 p.
1089 1711 1192 1750 149.
1221 1709 1354 1746 Wnss.

186 1768 293 1808 653.
327 1768 401 1808 89.
435 1763 649 1813 Εὐθέτους
669 1764 825 1819 ἄνδρας
844 1764 1114 1819 ἐλευθέρους]
1147 1765 1331 1802 Defectus
1351 1765 1523 1813 copulae,

72 1830 111 1862 et
129 1824 230 1872 qnod
248 1831 478 1874 postremam
498 1836 629 1861 vocem
649 1825 829 1861 omittant
842 1821 1049 1874 Clar.Reg.
1064 1825 1120 1869 2.,
1131 1822 1290 1859 eandem
1310 1829 1523 1870 suspectam

70 1881 234 1919 faciunt.
284 1879 475 1918 Numerus
508 1879 556 1916 ad
586 1892 680 1929 opus
708 1882 957 1927 selectorum,
990 1880 1064 1916 etsi
1096 1891 1215 1927 paene
1249 1878 1412 1923 nimius,
1442 1888 1524 1913 non

72 1938 172 1975 male
192 1939 407 1973 conveniet.
435 1934 481 1972 Si
505 1936 607 1977 enim
629 1935 820 1985 plethrum
839 1943 947 1973 sexta
966 1938 1017 1972 sit
1036 1935 1151 1972 stadii
1171 1947 1280 1984 pars,
1311 1940 1353 1970 ut
1372 1934 1524 1979 volunt,

74 2000 112 2030 et
132 1996 172 2030 in
194 1991 383 2041 plethrum
405 1991 560 2028 ducenti
579 1992 660 2028 sint
681 1992 867 2042 adhibiti,
892 2004 1024 2030 omnes
1044 1991 1262 2040 aequabunt
1280 2000 1414 2028 xxxvl
1437 1990 1524 2024 mil-

73 2050 140 2087 lia.
173 2049 281 2086 Adde
302 2061 389 2095 eoS,
415 2051 480 2098 qui
502 2047 670 2096 lapides,
694 2050 858 2095 calcem,
889 2054 1113 2095 ceteraque,
1148 2047 1384 2084 struentibus
1406 2047 1525 2082 mini-

76 2106 272 2151 strabant,
300 2111 343 2142 ut
362 2117 456 2153 opus
479 2111 579 2141 esset
599 2104 841 2153 expeditius,
868 2111 906 2141 et
934 2104 1137 2155 augebitur
1157 2102 1257 2139 haud
1290 2115 1434 2151 parum.
1483 2100 1527 2137 ld

75 2163 218 2209 miror,
246 2163 288 2198 in
310 2167 419 2198 tanta
444 2161 692 2198 multitudine
723 2162 797 2198 sibi
827 2163 993 2198 invicem
1016 2173 1094 2197 non
1123 2159 1436 2196 inconmodasse:
1467 2158 1530 2194 cui

77 2224 205 2255 tamen
223 2220 281 2254 rei
308 2217 518 2254 remedium
542 2215 726 2268 Dionysii
746 2224 784 2254 et
805 2218 1086 2267 praefectorum
1107 2215 1262 2254 videtur
1282 2216 1401 2252 fuisse
1420 2227 1530 2264 prae-

78 2275 212 2311 sentia.
246 2273 380 2313 SVEss.

193 2330 299 2370 654.
319 2331 362 2370 4.
390 2324 717 2383 Προσήὸρευσε]
746 2328 903 2367 Rectius
922 2324 1177 2383 προσήδρευε
1198 2329 1316 2380 leges,
1339 2333 1382 2365 ut
1401 2327 1530 2376 paullo

80 2391 166 2435 post
186 2385 301 2422 habes
321 2383 507 2426 ἀπεδέικν
500 2401 565 2425 ’.υε
593 2384 750 2425 STEPH

195 2443 300 2483 654.
327 2445 367 2482 6.
399 2442 484 2482 Καὶ
503 2446 589 2488 τοῖς
613 2443 929 2481 κακοπαθουσιν
944 2438 1004 2481 ἀει
1025 2436 1377 2493 προσλαμβανων]
1408 2439 1532 2477 Adia-

82 2504 184 2537 tans.
233 2497 291 2536 lta
313 2497 454 2536 Strabo
484 2498 528 2535 L.
556 2497 632 2538 XI.
662 2511 698 2548 p.
735 2499 839 2539 758.
873 2496 913 2535 C.
948 2499 1080 2565 προσ).
1085 2494 1318 2548 αμβανουσι
1352 2494 1392 2535 ὸ’
1428 2491 1527 2534 ἐσθ’

81 2551 149 2594 ὅτε
180 2553 247 2592 καὶ
277 2551 315 2593 οἳ
349 2551 421 2594 τὸν
442 2550 665 2605 Βόσπορον
679 2551 830 2621 Ανὲχονετ
816 2569 876 2602 Ι.ς,·,
903 2568 1120 2607 υᾳορμους
1147 2555 1433 2605 χορηγοῖιτες
1481 2550 1533 2587 Et

82 2624 118 2661 1)-
147 2612 250 2650 766.
270 2610 314 2646 Α.
342 2615 433 2657 ταῖς
462 2609 538 2660 μὲν
556 2625 632 2662 της
649 2612 724 2662 γῆς
752 2608 916 2663 ἀρεταῖς
934 2606 1302 2661 προσλαμβάνουσι
1325 2606 1383 2661 (οἱ
1406 2622 1532 2647 ποτα-

85 2664 191 2719 μοὶ,)
220 2663 295 2717 τὴν
318 2664 361 2704 de*
381 2662 600 2705 θάλατταν
624 2664 922 2717 &Hotoman-12¹.
949 2666 1085 2704 lVEss.

200 2719 578 2763 654.15.Ὥστε
608 2724 666 2762 τῶ
695 2722 820 2776 τοίχῳ
850 2724 925 2773 τῆς
945 2729 1015 2759 eto.
1028 2722 1043 2772 ]
1096 2720 1231 2759 Fuisse
1261 2734 1346 2758 cum
1377 2717 1535 2756 Rhodo-

88 2791 228 2816 manno
253 2780 389 2827 opinor
416 2780 474 2817 τῶ
495 2777 636 2828 τείχει,
667 2779 769 2828 quod
789 2792 810 2815 a
833 2780 992 2829 vulgato
1013 2777 1102 2815 sede
1124 2791 1192 2815 sua
1211 2790 1400 2816 eversum.
1430 2772 1539 2820 Ἕως

90 2837 174 2874 τῶν
205 2835 354 2884 τοιχῶν
383 2834 510 2872 editur
541 2837 582 2872 in
607 2835 772 2886 Polybio
801 2833 849 2872 11.
877 2836 952 2876 64.
983 2847 1052 2886 pro
1076 2836 1232 2885 τειχῶν.
1277 2832 1323 2870 In
1353 2832 1543 2870 Strabone
