1828 3253
280 210 376 250 254
748 204 1269 244 ANNOTATIONES

282 322 470 372 peratoris
497 319 546 357 ad
573 317 700 370 Belgii
739 322 865 357 nostri
897 318 1064 356 Ordines
1095 332 1180 356 cum
1208 320 1321 368 plena
1360 325 1547 368 potestate
1579 318 1730 371 Legati,

282 378 498 426 inpetravi,
533 376 725 426 descripta
747 376 899 424 Equitis
920 375 1104 422 Gerellii,
1130 373 1393 412 Bibliothecae
1413 377 1619 425 praefecti,
1648 390 1731 414 ma-

283 444 361 480 nu3
387 435 428 469 in
448 434 557 469 cuius
580 431 847 469 humanissimi
867 438 904 468 et
934 432 980 468 de
1000 434 1125 468 literis
1152 433 1293 480 optime
1315 432 1443 468 meriti
1462 439 1606 479 morte,
1633 445 1730 481 quae

284 502 371 526 cum
395 491 559 526 maxime
590 488 685 526 mihi
706 487 935 525 Vindobona
952 490 1218 535 renuntiatur,
1244 489 1421 524 meliores
1450 495 1552 525 artes
1572 496 1610 525 et
1640 490 1731 525 lite-

283 558 349 583 rae
369 544 472 582 haud
499 546 623 583 levem
646 548 830 582 iacturam
851 545 1037 581 fecerunt.
1077 543 1222 581 Eadem
1242 547 1344 581 enim
1367 543 1669 595 Agatharchides
1693 552 1732 582 et

285 600 450 649 Strab03
478 613 707 650 quamquam
725 600 810 648 hic,
844 600 997 638 dubiam
1017 602 1119 637 enim
1143 602 1248 637 illius
1268 601 1385 638 verba
1407 604 1637 638 sententiam
1657 600 1730 638 ha-

283 658 396 705 bent,
429 671 593 709 orygum
622 658 803 694 cornibus
835 657 963 695 Simos
986 664 1122 695 armat.
1167 657 1268 700 Quid
1297 659 1329 693 si
1350 670 1443 694 vero
1472 660 1626 706 utrique
1657 656 1730 694 hoc

283 727 475 752 armorum
504 727 644 765 genere
673 713 907 765 pugnarint?
936 715 1043 750 nulla
1075 720 1157 749 tum
1179 714 1350 761 profecto
1380 726 1513 750 caussa
1542 716 1617 750 erit
1635 712 1732 751 Dio-

283 770 419 808 dorum
440 773 581 808 erroris
601 770 861 821 coarguendi,
891 772 951 807 uti
969 770 1114 807 factum
1135 783 1157 806 a
1179 768 1220 805 S.
1243 768 1433 806 Bocharto
1457 769 1498 806 P.
1522 769 1549 806 Ι.
1570 769 1728 809 Hieroz.

283 826 351 866 ΙΙΙ.
374 828 451 866 27.
470 839 505 875 p.
527 828 633 867 969.
665 827 807 864 Lenius
829 833 930 862 certe
951 825 1064 862 Diod.
1095 826 1246 873 excepit
1275 825 1318 863 P.
1342 825 1526 874 Leopard.
1558 825 1601 864 L.
1627 825 1730 863 VIII.

283 882 484 921 Emendat.
513 897 543 920 c.
582 885 649 923 18.
681 885 762 920 eius
792 890 829 918 et
859 881 1062 919 Strabonis
1092 888 1130 918 et
1153 880 1450 932 Agatharchidis
1479 882 1597 920 verba
1628 884 1730 919 inter

285 953 368 977 sese
387 952 620 988 conponens.
648 937 706 975 De
728 938 902 989 Orygum
931 939 1111 975 cornibus
1132 939 1241 987 plura
1270 937 1318 976 Is.
1353 936 1514 975 Casaub.
1547 941 1589 975 in
1617 937 1730 975 Lam-

283 995 399 1046 pridii
418 994 614 1034 Commod.
637 1009 668 1031 c.
693 996 763 1035 13.
791 1002 828 1031 et
850 993 936 1046 [qui
963 994 1009 1030 de
1028 996 1126 1031 vitio
1154 994 1255 1042 apud
1275 992 1489 1031 Diodorum
1508 994 1729 1045 monuerat]

283 1051 333 1090 D.
353 1051 557 1089 Hoeschel.
579 1051 627 1088 ad
650 1051 891 1100 Horapollin.
913 1050 940 1088 Ι.
960 1051 1034 1090 49.
1071 1050 1210 1087 WVESS.

401 1109 505 1149 195-
538 1109 611 1147 37.
653 1105 796 1171 Ζέφυρ
802 1122 836 1146 οι
861 1123 928 1146 και
952 1106 1038 1175 λίβξ-
1044 1108 1088 1157 ς]
1129 1105 1401 1158 Agatharchid.
1425 1101 1505 1146 ὑπὸ
1528 1120 1604 1159 την
1621 1104 1731 1158 ἔαρι-

281 1179 358 1216 νην
387 1163 627 1216 mmm-olm,
673 1161 740 1203 ὅτε
772 1163 908 1214 λιβυες
939 1161 1032 1205 noto'
1068 1160 1208 1209 αὐτοις
1244 1161 1311 1201 καὶ
1345 1160 1509 1230 ζὲφυρρι
1551 1178 1732 1211 πνέουσι,

281 1222 563 1289 παμέιιεγεθῶν
605 1217 784 1271 ακρίὸων
813 1221 980 1272 π7ῆθος
1002 1206 1241 1271 ἀμύθητον
1268 1218 1310 1257 ἐκ
1343 1222 1419 1271 τῖς
1457 1234 1729 1273 (ινιστοοητου

280 1293 385 1328 μετα
415 1279 499 1317 τῶν
530 1273 692 1327 ἀνίμων
722 1291 849 1328 mma>
853 1275 986 1315 ἰ’νεται
1015 1278 1064 1328 γΓ·
1070 1290 1100 1322 ς.
1131 1288 1226 1325 quae
1256 1289 1329 1325 quo
1360 1276 1473 1312 modo
1505 1278 1584 1313 sint
1612 1276 1730 1312 refin-

281 1334 430 1385 genda,
473 1346 552 1370 non
586 1340 645 1370 est
670 1339 714 1370 ut
745 1333 890 1370 dicam:
937 1335 1097 1381 quisque
1127 1335 1337 1382 conpositis
1366 1331 1530 1370 Diodori
1558 1335 1730 1383 genuina

282 1390 573 1428 animadvertet.
604 1389 744 1426 Strabo
768 1389 874 1426 XVI.
905 1400 940 1437 p.
967 1391 1101 1430 1118.
1121 1389 1165 1425 A.
1207 1391 1321 1427 Ζιῦιῑι
1352 1385 1385 1426 δ’
1423 1385 1503 1428 ἀπὸ
1535 1386 1731 1440 ἀκρίδων,

281 1443 331 1492 ἃς
352 1462 390 1486 οι
410 1444 562 1499 ἒαοινοὶ
586 1444 697 1496 7ιβες
721 1444 788 1484 καὶ
813 1444 977 1498 ζέφυροι
1007 1443 1195 1491 πνὲοῑτες
1211 1459 1287 1496 ‘lacy
1291 1441 1339 1483 (27
1344 1460 1402 1491 οι,
1437 1446 1554 1483 avve)
1560 1442 1731 1484 αὑνουσι

281 1502 338 1549 εἷς
357 1516 454 1548 τους
474 1516 628 1548 'cffcozg
651 1516 836 1548 Tovrozg.
868 1505 976 1539 cuius
997 1516 1067 1553 ego
1087 1504 1226 1548 verba,
1256 1508 1320 1547 ut,
1347 1501 1447 1550 quod
1468 1508 1556 1538 ante
1575 1514 1730 1540 monere

280 1561 450 1605 memini,
477 1558 691 1606 adpareret,
717 1559 924 1608 adscripsi:
952 1559 1084 1596 videri
1103 1561 1283 1596 nimirum
1303 1557 1598 1605 Artemidorum,
1619 1570 1731 1607 quem

281 1617 324 1653 in
343 1615 402 1652 his
423 1616 607 1664 sequitur,
632 1627 680 1651 ex
700 1614 980 1666 Agatharchide
1001 1617 1179 1664 pleraque
1199 1615 1317 1653 verbo
1337 1621 1448 1651 tenus
1468 1615 1729 1664 descripsisse.

283 1672 461 1710 Locustis
486 1678 614 1709 autem
634 1671 704 1708 hos
723 1671 896 1708 homines
914 1679 951 1708 et
971 1674 1099 1720 plures
1121 1673 1213 1709 olim
1232 1672 1452 1718 victitasse,
1481 1678 1636 1718 omnes,
1663 1673 1731 1719 qui

280 1730 444 1778 aliquem
466 1735 640 1765 veterum
667 1731 897 1778 scriptorum
927 1741 1038 1765 usum
1063 1727 1226 1774 habent,
1251 1740 1331 1764 non
1359 1730 1560 1765 nesciunt:
1590 1730 1632 1765 in
1653 1727 1729 1764 Ae-

279 1784 428 1833 thiopia
448 1785 602 1833 quidem
630 1791 732 1821 certe
764 1791 803 1821 et
830 1784 973 1822 Arabia
1003 1785 1224 1822 incredibili
1252 1791 1343 1820 sunt
1371 1784 1629 1822 multitudine.
1673 1783 1730 1821 Ut

279 1854 437 1892 prorsus
471 1854 564 1879 vero
602 1842 726 1878 simile
761 1841 923 1888 evadat,
950 1855 1063 1889 aves,
1098 1854 1192 1890 quas
1224 1835 1355 1878 :wffiw
1387 1840 1515 1877 Moses
1547 1841 1728 1890 adpellat,

281 1899 492 1947 quibusque
522 1897 718 1935 Israelitae
746 1900 789 1935 in
817 1897 979 1935 Arabiae
999 1898 1162 1934 desertis
1189 1898 1464 1943 vescebantur,
1494 1909 1542 1933 ex
1572 1899 1729 1935 illarum

278 1955 399 1992 fuisse
419 1966 583 2004 genere:
613 1955 749 1991 melius
767 1957 899 2003 utique
920 1957 959 1991 in
982 1968 1045 1990 eas
1066 1961 1305 2005 congruunt,
1338 1965 1431 2001 quae
1453 1953 1610 1991 divinus
1632 1955 1728 1990 scri-

279 2018 365 2060 ptor
383 2010 508 2047 Exod.
527 2009 637 2047 XVI.
654 2012 724 2051 14.
753 2011 912 2049 Numer.
932 2010 1004 2048 XI.
1020 2012 1108 2057 31..
1129 2023 1239 2059 quam
1264 2010 1416 2059 quidem
1434 2011 1473 2046 in
1494 2012 1726 2050 coturnices.

277 2067 364 2105 Vid.
385 2067 464 2104 Iob.
487 2067 693 2104 Ludolfum
714 2065 923 2105 Comment.
952 2070 993 2104 in
1015 2066 1161 2103 Histor.
1191 2066 1368 2114 Aethiop.
1399 2080 1434 2116 p.
1460 2068 1562 2107 176.
1592 2066 1735 2104 WJ-:ssu‘

399 2120 501 2163 195.
526 2123 602 2164 46.
652 2121 718 2162 Τὰ
747 2121 851 2177 νέφη
880 2126 964 2162 τῶν
985 2120 1194 2175 ἀκρίδων]
1227 2122 1401 2171 Utroque
1418 2125 1459 2159 in
1482 2136 1656 2160 sermone
1680 2123 1726 2159 de

279 2178 453 2216 conferta
491 2181 726 2216 locustarum
754 2180 1003 2217 multitudine
1040 2179 1113 2216 hoc
1143 2181 1236 2216 satis
1267 2181 1422 2229 elegans
1461 2186 1499 2215 et
1531 2180 1726 2228 frequens.

278 2231 412 2272 Livius
441 2234 566 2272 XLII.
596 2238 638 2276 2.
690 2236 937 2288 Pomptinum
968 2250 1098 2284 omne,
1128 2237 1250 2273 ⁷velut
1274 2235 1435 2273 nabibus
1466 2236 1725 2282 locustarum,

278 2298 504 2342 coopertam
523 2305 617 2329 esse.
646 2292 795 2330 Aelian.
815 2292 879 2329 III.
903 2292 951 2329 H.
972 2293 1016 2329 A.
1046 2295 1117 2332 12.
1145 2295 1330 2342 μειοῦται
1357 2290 1401 2330 δὲ
1420 2289 1526 2330 κατὰ
1547 2289 1651 2331 πολὺ
1673 2289 1725 2331 τὰ

276 2348 361 2385 τῶν
391 2345 571 2400 (holdam
602 2363 719 2401 νέφη.
766 2349 1003 2400 Porphyrius
1033 2349 1061 2386 Ι.
1083 2349 1130 2388 A.
1163 2349 1207 2385 A.
1229 2350 1303 2388 25.
1341 2344 1452 2402 ἂὶλῳ
1485 2346 1529 2387 δὲ
1557 2363 1723 2403 στρατω

276 2406 463 2442 πεινῶντι
493 2402 600 2443 κατὰ
629 2402 704 2456 τὴν
728 2402 901 2457 Λιβύην
931 2404 1088 2444 ἐνέπεσε
1122 2403 1246 2458 νέφος
1279 2402 1472 2456 ακοιὸων.
1523 2404 1583 2441 Ad
1613 2417 1726 2453 quem

276 2459 430 2496 modum
456 2462 610 2513 ψαρῶν
641 2459 764 2515 ιε’φος
793 2459 840 2513 ηὲ
871 2462 1044 2501 κο7οιιῦν
1082 2460 1157 2498 Dio
1189 2459 1388 2511 Chry.sost
1419 2459 1525 2498 Orat.
1550 2461 1725 2499 XXXII.

276 2527 312 2564 p.
334 2517 438 2556 387.
471 2523 530 2564 et,
559 2528 670 2564 quem
689 2520 924 2565 aemulatur,
955 2522 1067 2567 poeta
1086 2517 1193 2555 Iliad.
1216 2517 1261 2556 P.
1286 2530 1386 2554 vers.
1411 2518 1516 2557 755.
1508 2545 1533 2564 .‚
1559 2513 1724 2571 βαρβά-

277 2585 361 2624 ρων
390 2570 515 2625 νέφος
548 2572 683 2610 Liban.
717 2573 765 2611 T.
783 2574 830 2611 ΙΙ.
864 2587 898 2623 p.
921 2575 1027 2615 238.
1059 2573 1101 2610 B.
1137 2581 1249 2622 atque
1279 2575 1347 2610 alii
1375 2574 1472 2620 alia,
1510 2574 1556 2610 de
1585 2575 1723 2622 quibus

276 2628 404 2666 Lamb.
434 2627 538 2714 BOS‘)
545 2628 717 2667 Exercit.
746 2633 787 2668 in
817 2630 935 2667 Hebr
966 2630 1126 2671 X11.1.
1166 2637 1204 2666 et
1235 2629 1310 2668 'lh.
1344 2628 1526 2667 Gataker.
1559 2630 1720 2667 Miscell.

274 2684 444 2722 Postum.
465 2698 498 2721 c.
511 2687 604 2735 2..p
626 2687 733 2726 416.
764 2686 869 2733 Mox,
888 2684 1172 2723 tametsiCodd.
1191 2687 1342 2735 aliqui
1332 2699 1372 2722 111
1397 2685 1549 2724 diversa
1569 2687 1722 2733 abeant,

275 2736 450 2793 rdcsovo‘c
482 2754 560 2779 non
582 2755 774 2792 sprevelo.
823 2742 961 2793 Synes.
983 2742 1031 2779 II.
1062 2743 1218 2781 Provid.
1252 2756 1288 2792 p.
1319 2744 1419 2782 121.
1442 2742 1499 2790 Α.,
1530 2745 1723 2779 sententia

274 2803 403 2834 tamen
427 2798 679 2848 discrepante,
697 2796 795 2847 τοὺς
811 2795 988 2854 ἐρυμνόν
1011 2814 1049 2839 τι
1069 2794 1387 2851 καταλαβόντας
1408 2795 1559 2853 ἴτυφον
1583 2796 1720 2854 ὥσπερ

277 2855 451 2906 σφῆκας.
493 2854 627 2893 Wnss.
