1828 3253
243 47 338 100 408
681 42 1232 87 -ANNo'rATmNEs

270 174 272 176 ·
358 160 466 202 334.
496 161 571 202 66.
603 156 893 216 Κατεχώρισεν
926 158 968 202 ἓν
991 165 1078 209 τοΐς
1107 157 1337 214 ποιήμασι]
1387 162 1486 201 Vide
1507 161 1551 202 L.
1573 161 1603 202 Ι.
1624 164 1699 204 31.

248 216 390 256 Wssss.

362 274 466 313 334.
491 274 564 313 72.
597 270 796 326 Μαστῆρ)
833 271 1021 313 ἐπελθεῖν
1050 274 1213 326 πᾶσαν]
1251 275 1426 312 Illustrat
1445 274 1701 327 Ιιοομαστῆ-

251 344 325 380 ρος
356 331 585 368 vocabulum
615 328 673 367 St.
702 328 907 380 Berglerus
930 333 970 366 in
1000 330 1222 379 Alciphron.
1253 332 1283 371 Ι.
1314 332 1437 381 Epist.
1464 334 1558 379 11.,
1594 339 1631 369 et
1650 331 1699 371 T.

252 386 473 425 Hemsterh.
495 386 542 422 ad
568 386 723 423 Lucian.
754 386 804 425 D.
829 386 876 422 D.
900 386 1048 424 XXVI.
1080 400 1115 435 p.
1137 389 1256 436 285.5
1283 400 1377 436 quos
1401 388 1502 426 vide.
1541 388 1676 425 XVEss.

289 447 293 451 '
368 443 474 482 334.
507 443 578 481 73.
621 442 807 489 Σικελίας
837 439 1007 495 πάγοις]
1048 443 1150 494 Lege
1181 444 1381 483 Σικελίαν.
1422 443 1560 482 RHOD.
1598 443 1706 482 Citra

255 498 413 535 dubium
434 512 528 536 vera
546 505 604 535 est
623 497 891 536 Rhodomanni
912 502 1155 537 coniectura:
1182 514 1252 537 nec
1274 501 1378 538 aliud
1400 503 1526 538 visum
1547 499 1706 551 Hugoni

253 555 330 592 fuit
352 555 513 602 Grotio⁷
545 555 599 591 ita
627 558 764 592 citanti
795 563 833 592 et
866 557 1150 606 elegantissime
1178 560 1347 597 vertenti
1377 561 1419 594 in
1439 557 1530 595 Not.
1558 557 1607 594 ad
1626 557 1708 594 Ex-

258 619 378 660 cerpt.
397 610 587 661 Tragoed.
609 625 647 661 p.
675 614 809 652 1003.
838 612 972 649 ἊῙΕ88.

374 668 481 707 334.
508 669 581 708 82.
625 663 903 722 Θεσμοφόρον
924 667 1295 721 ἐπονομασθῆναι]
1326 668 1440 707 Dixit
1459 668 1502 708 L.
1521 669 1551 709 Ι.
1577 670 1648 710 14.
1671 675 1710 707 et

257 724 353 763 infr.
379 738 412 762 e.
437 726 511 764 68.
543 723 678 761 Wnss.

374 781 481 820 334.
513 781 587 821 92.
607 774 707 818 Ἀπό
733 793 844 825 τινος
864 778 1042 820 Σικανοῦ
1063 781 1279 833 ποταμοῦ]
1308 781 1377 819 Ph.
1400 780 1554 819 Cluver.
1574 781 1604 821 I.
1632 781 1711 820 Sic.

259 836 394 884 Antiq.
418 849 450 873 c.
474 838 517 875 2.
537 849 572 883 p.
591 837 666 876 26.
697 842 734 872 et
762 834 802 873 S.
831 835 1010 875 Bochart.
1040 837 1069 875 I.
1096 837 1205 875 Phal.
1231 851 1262 875 c.
1286 838 1359 877 30.
1395 837 1488 876 haec
1518 840 1713 889 explicant

263 893 434 930 uberius.
465 892 601 931 WVESS.

377 949 483 988 335.
513 949 587 988 98.
628 944 717 986 Ἐπὶ
746 950 830 988 τῶν
863 945 1138 1002 ὀχυρωτάτων
1167 945 1310 1003 λόφων
1340 946 1415 996 τὰς
1447 945 1584 997 πόλεις
1613 949 1714 1001 πα]

262 1005 455 1053 Perpetua
475 1018 519 1042 ea
538 1005 777 1042 consuetudo
807 1006 882 1042 fuit
902 1006 991 1043 rudi
1014 1019 1121 1044 aevo.
1173 1005 1231 1042 De
1255 1006 1426 1043 Oenotro
1447 1005 1661 1057 Dionysius
1682 1006 1713 1046 I.

261 1061 353 1097 Ant.
373 1060 483 1097 Rom.
505 1074 554 1129 p.
569 1063 640 1100 10.
672 1058 792 1100 <fimas
814 1057 951 1108 πόλεις
973 1059 1123 1129 μικρὰς
1145 1062 1213 1102 καὶ
1235 1067 1414 1113 συνεχεῖς
1434 1061 1497 1101 ἐπὶ
1520 1068 1606 1109 τοῖς
1626 1060 1716 1114 ὄρε-

264 1131 353 1164 σιν,
383 1114 482 1156 ὅσοι
468 1132 508 1169 ορ
529 1110 580 1168 ἦν
603 1121 690 1163 τοῖς
713 1119 795 1156 παλ
801 1123 908 1164 αιοῖς
933 1115 1088 1171 τρόπος
1117 1118 1312 1164 οἷκισεως.
1362 1121 1539 1157 condidit
1571 1121 1716 1171 oppida

258 1187 344 1225 par
347 1187 396 1210 va
418 1181 458 1210 et
476 1176 665 1223 contigua
689 1176 728 1211 in
749 1175 954 1221 montibus.
975 1178 1044 1226 qui
1066 1176 1181 1213 urbes
1199 1177 1392 1213 condendi
1410 1176 1609 1213 veteribus
1636 1189 1719 1214 mos

267 1237 370 1267 erat.
400 1232 525 1274 Quare
545 1229 730 1267 Graeciae
748 1232 862 1268 urbes
884 1234 1188 1279 antiquissimae,
1220 1232 1374 1269 Thebae
1395 1231 1653 1282 Athenaeque,
1675 1235 1717 1269 in

267 1283 545 1323 excelsioribus
574 1287 737 1323 collibus
767 1290 926 1335 primam
949 1289 1076 1326 sedem
1097 1287 1284 1335 habuere3
1320 1297 1625 1354 censueruntque
1652 1302 1717 1325 ur-

265 1340 388 1379 bem
374 1339 477 1381 α’σῖυ
502 1344 643 1379 dictam
666 1342 917 1381 Grammatici
934 1341 1053 1397 παρὰ
1067 1342 1113 1384 τὸ
1133 1343 1362 1393 ι’στασθαι,
1396 1345 1525 1392 quod
1516 1359 1557 1381 in
1576 1346 1720 1381 monti-

265 1399 338 1436 bus
370 1406 434 1435 aut
463 1400 781 1437 eminentioribus
813 1402 971 1437 tumulis
1001 1403 1093 1437 olim
1122 1407 1270 1437 essent:
1308 1399 1372 1439 ἐπὶ
1401 1415 1607 1455 μετεωρου
1639 1415 1718 1455 γαρ

268 1459 420 1494 κεῖνται
442 1471 483 1492 αι
505 1451 642 1501 πόλι-ις
667 1455 797 1493 Schol.
818 1459 872 1493 ait
891 1459 933 1493 in
954 1457 1132 1506 ΑΡοΙΙοιι.
1155 1457 1184 1497 Ι.
1208 1458 1314 1497 696.
1352 1457 1487 1494 ἎῙΕ88.

384 1512 487 1550 335
546 1510 669 1550 -Ixm
691 1514 792 1551 πολ)
798 1515 846 1551 οὗ
871 1535 917 1541 ·-
943 1510 1096 1579 ῥύακος
1120 1511 1383 1563 ἕκχυθιίτος]
1414 1512 1578 1563 Scriptis
1600 1512 1720 1552 Codd.

267 1581 483 1618 repugnale
503 1569 624 1615 nolui,
637 1570 861 1616 praesertim
881 1583 967 1606 cum
990 1565 1092 1621 ῥύαξ
1110 1583 1188 1607 non
1208 1577 1374 1607 crateres
1395 1576 1543 1607 tantum
1561 1570 1720 1618 Aetnae,

271 1625 338 1660 sed
359 1631 398 1660 et
420 1626 523 1675 ignis
546 1638 566 1660 e
588 1629 730 1662 montis
750 1628 893 1663 vertice
914 1626 1146 1674 profluvium
1165 1633 1285 1663 notet.
1332 1626 1534 1677 Lycurgus
1560 1630 1601 1664 in
1623 1626 1722 1663 Leo-

272 1687 365 1717 crat.
388 1693 425 1729 p.
434 1654 559 1720 0.159
588 1679 636 1719 λι’
615 1695 743 1732 ιγεται
766 1682 839 1720 οὐν
868 1681 909 1721 ἐν
935 1682 1100 1721 Σικελία
1122 1681 1164 1721 ἐκ
1192 1697 1267 1740 της
1287 1681 1449 1735 ΑἶτνιῙς
1478 1698 1611 1749 ρυακα
1641 1698 1721 1721 πυ-

265 1734 347 1789 ρος
373 1735 580 1792 γενέσθαι.
607 1737 875 1803 Hermogenes
898 1739 946 1778 ΙΙ.
981 1724 1134 1777 lnveiit.
1164 1751 1198 1787 p.
1226 1741 1328 1780 107.
1363 1738 1549 1778 ἐνταῦθα
1572 1737 1722 1779 ἔλαθεν

271 1792 448 1844 πλησίον
471 1793 576 1832 οὐσα
598 1789 622 1845 ἢ
645 1793 795 1847 Αἴτνη.
824 1794 892 1834 καὶ
915 1791 970 1841 ὡς
991 1793 1122 1848 πυρὸς
1147 1792 1223 1846 ἔχει
1246 1792 1415 1849 ῥύακας.
1446 1795 1478 1832 Α
1499 1807 1573 1844 quo
1594 1798 1724 1834 vicina

273 1851 404 1886 onmia
424 1856 609 1886 exurente
630 1850 797 1898 fluento,
838 1853 1057 1900 proximum
1076 1854 1198 1888 monti
1221 1859 1407 1898 tractum,
1449 1852 1664 1902 squalidum
1684 1858 1724 1889 et

273 1907 419 1942 siccum
448 1906 674 1953 admodum,
713 1903 847 1960 ῥυακα
875 1905 1004 1961 πυρὸς
1034 1909 1277 1956 adpellabant
1303 1909 1403 1957 apud
1424 1909 1587 1958 Appian.
1614 1909 1656 1946 L.
1674 1908 1720 1946 V.

270 1960 368 1998 Bell.
389 1961 502 1999 Civil.
526 1976 562 2011 p.
589 1965 607 2002 1
622 1964 724 2003 165.
752 1963 852 2000 Dedi
873 1971 1069 2012 praeterea
1088 1977 1205 2001 manu
1228 1967 1395 2001 exaratis
1416 1966 1539 2011 libris,
1561 1972 1604 2001 ut
1616 1978 1723 2004 suam

272 2020 315 2054 in
336 2019 463 2055 sedem
483 2019 630 2056 rediret
651 2033 725 2058 συι
729 2018 800 2070 ἔβη
825 2022 1044 2074 φθαρῆιαι
1066 2023 1140 2072 τῆς
1159 2023 1234 2072 γῆς
1258 2020 1320 2059 ἐπὶ
1342 2017 1471 2060 πολυν
1491 2017 1632 2060 τόπον,
1660 2023 1724 2058 cui

272 2086 341 2133 per
364 2076 518 2124 ellipsin
538 2088 720 2124 expresso
739 2089 818 2112 non
844 2076 1047 2114 admodum
1068 2077 1256 2114 dissimile
1281 2084 1340 2113 est
1361 2078 1451 2114 infr.
1474 2091 1507 2116 c.
1530 2078 1572 2116 9.
1602 2073 1725 2116 πλευ-

275 2145 354 2168 σαν
358 2145 397 2169 τε
403 2145 422 2176 ς
451 2133 531 2181 τῆς
547 2130 735 2179 ..ικελίας
763 2132 819 2179 εἷς
849 2147 946 2180 τους
964 2129 1131 2181 τόπους.
1170 2145 1245 2183 quo
1264 2133 1378 2173 modo
1398 2132 1592 2172 Diodorus
1613 2146 1724 2183 saepe

262 2186 386 2223 alias.
417 2186 552 2224 Wms.

388 2244 494 2282 335.
524 2245 595 2284 11.
624 2240 690 2282 Ἐκ
711 2246 786 2296 τῆς
806 2242 981 2292 Ἰταλίας
1008 2243 1055 2285 τὸ
1083 2247 1166 2286 τῶν
1187 2245 1367 2286 Σικελῶν
1397 2242 1546 2293 ἔθνος]
1576 2245 1723 2284 Eadem

273 2296 389 2335 habet
411 2298 626 2349 Dionysius
649 2299 693 2337 L:
713 2301 739 2336 I.
763 2301 853 2340 Ant.
878 2300 988 2341 Rom.
1018 2316 1054 2352 p.
1084 2304 1152 2342 17.
1183 2302 1321 2339 Wssss.

389 2356 493 2394 335.
529 2359 598 2395 18.
622 2353 826 2397 (Ύσταται
851 2356 885 2396 δ’)
909 2356 1089 2397 ἀποικίαι
1109 2360 1192 2398 τῶν
1206 2353 1431 2410 Ἑλλήνων]
1465 2357 1522 2395 De
1542 2357 1601 2395 his
1615 2357 1723 2395 Thu-

275 2411 433 2460 cydides
455 2415 606 2462 copiose
626 2416 790 2462 princip.
811 2414 893 2451 Lib.
915 2415 994 2463 VI.⁹
1015 2422 1051 2451 et
1064 2417 1129 2464 qui
1150 2429 1236 2452 eum
1258 2417 1418 2463 exponit
1436 2415 1505 2452 Ph.
1519 2413 1723 2452 Cluverius

274 2466 306 2503 I.
330 2467 437 2504 Sicil.
461 2467 550 2506 Ant.
572 2481 607 2517 p.
633 2470 705 2508 37.
734 2470 868 2508 WVESS.

389 2524 494 2562 335.
519 2525 593 2563 24.
625 2525 862 2565 Σικελιῶται
884 2524 1304 2580 προσαγορευθέντες]
1335 2526 1522 2564 Mallem
1511 2540 1553 2564 m
1574 2527 1724 2564 Latinis

276 2578 642 2627 Siciliense87172ut
672 2596 765 2619 voce
789 2583 937 2620 Graeca
958 2591 1132 2631 servata,
1160 2583 1382 2621 Siciliotae.
1407 2583 1562 2632 Alioqui
1586 2583 1723 2619 discri-

272 2648 362 2671 men
381 2639 483 2672 inter
507 2636 600 2675 Σικι
589 2635 702 2684 λοὺς
721 2646 759 2674 et
781 2635 1028 2686 ..ικελιώτας
1045 2641 1203 2677 tolletur
1223 2642 1358 2690 plane,
1386 2640 1487 2690 quod
1507 2647 1634 2676 tamen
1654 2652 1723 2676 au-

274 2698 357 2728 ctor
377 2692 519 2729 diserte
542 2695 684 2744 signat.
718 2694 879 2735 Σικελοὶ
899 2698 1051 2747 proprie
1071 2703 1161 2734 sunt
1181 2693 1219 2736 οἳ
1241 2695 1283 2735 ἐκ
1307 2698 1382 2748 τῆς
1400 2693 1587 2741 Ιταλίας·
1619 2692 1657 2734 οἱ
1678 2692 1723 2734 δὲ
