1828 3253
273 44 366 84 492
731 32 1257 76 ANNOTA'HONES

272 154 363 192 haec
387 148 487 192 συνέ
515 166 538 202 η
561 147 605 189 δὲ
635 146 676 188 ἓν
699 152 785 195 τοῖς
804 143 975 200 Μήδοις
1003 143 1102 187 εἶναι
1124 147 1192 188 καὶ
1216 150 1300 189 τῶν
1322 146 1363 188 ἓν
1383 149 1631 202 Μαραθῶνι
1653 167 1717 192 τε-

271 212 575 260 τελευτηκοτων
587 236 598 254 ,
628 212 667 243 et
690 204 789 245 nihil
807 204 1011 242 admodum
1032 204 1078 242 ad
1100 208 1330 244 sententiam
1354 206 1600 244 desiderabis.
1633 207 1717 245 Nc-

273 280 347 316 que
367 272 438 311 est,
471 270 513 300 ut
531 263 691 300 nimium
709 261 781 298 hoc
799 268 1012 307 censeatur,
1034 274 1118 298 cum
1139 264 1255 299 toties
1275 264 1462 315 totiesque
1483 261 1524 300 hi
1542 264 1634 300 libri
1653 265 1716 300 in-

273 325 371 371 eptis
390 323 551 358 aliorum
573 319 787 356 conmentis
806 319 885 354 sint
901 316 1059 355 foedati.
1095 315 1190 364 Sin,
1222 331 1301 357 non
1317 319 1565 367 intercedam,
1594 326 1637 357 ut
1655 321 1718 357 in-

271 379 449 428 terpretis
474 377 603 427 opinio
623 386 692 423 pro
714 387 805 411 vera
826 372 1021 411 habeatur.
1057 372 1198 413 WVESS.

384 434 491 473 408.
524 432 596 471 57.
643 424 1002 482 Ίίμωρήσεσθαι]
1039 425 1375 481 Τιμωρήσασθαι
1404 430 1515 468 ambo
1535 428 1631 482 Reg.
1651 429 1717 469 Co.

271 489 330 528 Cl.
349 489 450 526 haud
471 489 580 525 male.
607 486 693 524 Vid.
713 484 926 522 Miscellan.
949 483 1112 523 Observ.
1133 485 1219 522 Vol.
1240 485 1303 525 1V.
1326 499 1362 536 p.
1384 488 1491 528 286.
1519 486 1654 524 Wnss.

386 546 495 585 409.
528 545 600 584 70.
642 540 726 581 Καὶ
755 542 814 595 τῷ
844 538 1006 593 μεγέθει
1036 542 1119 580 τῶν
1147 539 1363 593 ἀσπίδων]
1412 542 1514 580 Addi
1542 549 1719 592 potuerat

271 601 338 642 καὶ
358 599 520 655 μεγέθει
540 601 623 638 τῶν
644 593 843 648 δοράτων·
879 610 967 634 nam
989 597 1230 635 brevioribus
1258 597 1398 646 hastis,
1433 611 1545 649 quam
1565 594 1720 647 Graeci,

270 659 477 696 utebantur
505 657 645 693 Persae
675 653 872 701 Medique:
912 651 980 691 καὶ
1013 649 1159 706 δόρασι
1187 652 1476 707 βραχυτέροισι
1492 650 1719 708 χρεώμενοι

271 712 373 767 ἤπερ
397 709 638 762 οἱ”Ελληνες
659 709 843 746 Herodot.
865 708 950 746 vn.
973 711 1080 749 211.
1104 709 1340 747 Graecorum
1359 724 1454 750 vero
1475 713 1630 762 clypeos
1653 718 1719 748 to-

273 779 353 809 tum
391 771 474 807 fero
513 779 651 815 corpus
693 765 886 804 obtexisse
931 772 969 802 et
1006 760 1277 818 ἀνδρομήκεις
1310 766 1431 805 fuisse
1488 775 1622 806 notum
1650 774 1720 806 est.

275 828 416 864 Wizss.

383 880 491 922 409.
517 878 591 921 74.
622 874 806 928 Νεοχμοὶ
834 871 939 929 πρὸς
969 872 1371 928 διαπεπονημένους]
1410 876 1484 915 Rei
1501 885 1631 929 gestae
1657 892 1720 916 se-

271 941 372 984 ries,
408 944 452 974 ut
481 938 647 973 intactos
669 940 706 970 et
733 940 907 970 recentes
928 946 1016 970 cum
1043 934 1157 970 fessis
1187 936 1398 971 conmissos
1427 942 1562 983 putes,
1599 948 1717 985 paene

270 995 445 1042 requirit,
468 991 656 1040 quomodo
683 987 787 1042 πρὸς
809 987 1047 1043 ἀκραιφνεῖς
1065 986 1339 1041 πεπονηκότες
1367 993 1406 1027 in
1428 991 1582 1028 Libanii
1600 991 1717 1028 Basil.

273 1064 307 1100 p.
329 1052 427 1091 132.
446 1048 650 1095 Ceteroqui
673 1044 1013 1097 διαπεπονημένοι
1035 1047 1253 1096 plerumque
1268 1052 1358 1082 sunt
1377 1049 1492 1096 probe
1503 1049 1720 1084 exercitati.

273 1107 342 1145 Sic
361 1106 403 1142 L.
423 1104 531 1142 XVI.
555 1106 626 1144 17.
669 1099 737 1140 διὰ
765 1099 840 1153 τὴν
862 1099 1043 1154 ἄθλησιν
1066 1104 1148 1141 τῶν
1172 1103 1400 1153 πολεμικῶν
1430 1101 1556 1156 ε’ργτωι
1579 1103 1719 1142 διαπε-

271 1160 515 1213 πονημένοι,
543 1162 662 1198 multo
684 1161 740 1196 rei
762 1160 940 1198 militaris
967 1171 1039 1195 usu
1063 1161 1275 1195 exercitati.
1319 1157 1520 1197 Musonius
1546 1163 1586 1197 in
1607 1159 1715 1197 Stob.

271 1220 406 1257 Floril.
434 1217 513 1254 Tit.
535 1217 561 1253 1.
587 1229 623 1264 p.
652 1217 718 1254 17.
748 1212 794 1254 τὸ
825 1212 1115 1266 τεθρυμμείὀν
1143 1217 1264 1263 σῶμα
1293 1214 1360 1253 καὶ
1390 1213 1581 1266 μαλακὸν
1611 1212 1716 1255 πολὺ

271 1272 412 1316 κάκιον
441 1275 515 1312 τοῦ
550 1273 729 1322 σκληροῦ
769 1285 812 1309 τε
853 1270 921 1309 καὶ
965 1270 1562 1310 ΔΙΑΠΕΠΟΝΙ-ΙΜΕΝΟΥ
1594 1271 1718 1311 ἐστίν.

271 1332 380 1369 Adde
403 1342 517 1378 supra
543 1328 607 1365 111.
630 1328 715 1374 53„
740 1333 778 1363 et
799 1339 889 1363 mox
917 1321 1117 1377 ὑπέμενον
1138 1323 1210 1364 τὸν
1232 1326 1421 1365 κίνδυνον
1442 1328 1487 1363 de
1510 1331 1719 1365 certamine

273 1390 423 1439 accipe,
460 1387 571 1422 cuius
591 1386 669 1421 vim
699 1396 777 1420 non
806 1389 984 1432 poterant
1006 1389 1243 1428 sustentare,
1279 1390 1323 1419 ut
1342 1383 1451 1420 brevi
1471 1391 1581 1432 ante,
1608 1386 1719 1423 θαυ-

271 1440 434 1496 μαστὸν
457 1439 667 1490 συνέβαινε
687 1439 874 1490 γίνεσθαι
894 1436 967 1477 τὸν
988 1437 1189 1476 κίνδυνον.
1221 1439 1355 1489 Polyb.
1381 1440 1409 1476 Ι.
1428 1442 1505 1479 27.
1540 1437 1615 1491 τὴν
1641 1439 1719 1490 μὲν

273 1497 404 1552 ἀρχὴν
426 1493 446 1536 ὃ
474 1497 661 1541 ulvae-‘1105
683 1494 803 1544 ἔλαβε
823 1490 1029 1545 τοιαύτην·
1050 1506 1125 1542 qua
1147 1495 1298 1542 quidem
1324 1503 1509 1544 potestate
1533 1508 1647 1545 quum
1671 1500 1719 1545 is,

274 1558 389 1593 sicuti
411 1560 448 1590 et
470 1553 624 1598 Noster,
647 1551 814 1588 infinitis
834 1552 929 1588 locis
950 1551 1178 1589 vocabuium
1197 1553 1357 1599 ornarit,
1373 1553 1483 1603 plura
1501 1565 1605 1590 nunc
1625 1566 1719 1591 con-

275 1613 413 1651 ducere
437 1611 541 1648 nolo.
566 1609 702 1646 Wssss.

384 1668 490 1707 409.
515 1668 587 1706 77.
608 1662 769 1703 Ἀσπίσι
790 1659 870 1716 γὰρ
893 1661 963 1702 καὶ
988 1661 1154 1710 πέλταις
1170 1668 1336 1717 μικραῖς
1356 1662 1394 1703 οἲ
1411 1659 1536 1715 βοῒρβ.
1557 1659 1717 1717 χρώμεε

271 1722 368 1777 νοι]
394 1719 530 1775 Γέῤῥα
556 1722 784 1758 dicebantur
801 1719 984 1756 Herodot.
1007 1719 1088 1757 Vll.
1115 1722 1202 1766 GL,
1219 1732 1314 1769 quae
1338 1717 1618 1772 σκεπαστήρια
1640 1736 1718 1760 710..

272 1777 430 1831 λεμικά,
449 1778 497 1818 οὗ
518 1779 740 1828 κυκλοτερῆ
760 1775 817 1822 δὲ,
840 1771 897 1822 ὡς
915 1773 958 1815 αἶ
981 1773 1161 1823 ἀσπίδες,
1182 1774 1286 1814 ἀλλὰ
1307 1772 1554 1829 τετράγωνα,
1567 1784 1610 1815 ut
1620 1777 1719 1828 Ety-

272 1838 361 1874 moi.
384 1849 419 1884 p.
445 1836 551 1875 619.
573 1835 752 1881 explicat.
793 1831 853 1869 De
871 1833 1006 1882 gerris
1030 1840 1168 1879 autem,
1202 1839 1309 1869 scuto
1332 1833 1511 1875 Persico,
1542 1835 1718 1872 luculen-

271 1900 331 1930 ter
348 1893 431 1942 agit
451 1890 567 1929 Barn.
590 1889 761 1926 Brisson.
787 1889 833 1925 de
853 1887 976 1940 Regu.
997 1887 1149 1925 Persar.
1167 1888 1235 1926 ΠΙ.
1259 1901 1294 1937 p.
1318 1889 1427 1929 641.
1464 1889 1602 1926 VVESS.

384 1949 492 1987 409.
514 1947 588 1987 85.
619 1941 761 1984 Τόπον
788 1948 942 1997 νεκρῶν
974 1943 1257 1996 ἐστρωμένον]
1294 1945 1456 1983 Videtur
1473 1945 1604 1982 deesse
1627 1958 1717 1994 par-

270 2006 446 2052 ticipium
465 1998 580 2055 δρῶν·
597 2008 682 2050 post
702 1999 970 2053 ἐστρωμένον.
1000 2000 1166 2049 Aliquod
1194 2007 1297 2037 certe
1317 2001 1436 2048 deest,
1463 2002 1731 2052 quodcunque<

272 2062 312 2098 id
336 2064 399 2097 sit.
428 2058 586 2096 STEPH.
606 2065 644 2094 et
663 2056 799 2093 Ruon.
831 2057 876 2094 Si
896 2059 1003 2093 locus
1024 2064 1082 2093 est
1104 2059 1266 2107 integer,
1292 2070 1363 2094 nec
1388 2053 1497 2109 ὁρῶν
1517 2058 1717 2095 desidera-

270 2124 357 2164 tur,
385 2115 484 2163 quod
506 2117 582 2152 viri
603 2114 815 2151 doctissimi
836 2112 936 2150 haud
957 2114 1100 2150 iniuria
1119 2116 1382 2162 suspicantur,
1412 2113 1717 2164 11ihilreliquum

271 2180 351 2219 est,
387 2184 499 2220 quam
517 2177 563 2207 ut
580 2171 821 2206 accusativos
843 2170 1016 2206 absolute
1034 2171 1181 2218 positos
1207 2169 1396 2206 dicamus:
1427 2171 1528 2218 quod
1549 2177 1717 2207 structu-

271 2242 337 2267 rae
357 2241 478 2279 genus
499 2228 595 2263 alias
614 2227 889 2275 explicuimus,
931 2232 1043 2274 atque
1064 2238 1112 2262 ex
1131 2225 1321 2262 Pausania
1343 2228 1526 2274 exemplis
1548 2227 1718 2264 firmavit

272 2284 506 2334 Sylburgius
539 2284 581 2319 in
610 2282 775 2319 Praefat.
807 2293 842 2329 11·
875 2283 982 2322 930.
1019 2282 1153 2319 WVESS.
1189 2281 1355 2320 Ursinus
1387 2289 1474 2334 post
1503 2278 1524 2321 ὃ
1555 2279 1716 2335 Ξέρξης

273 2341 424 2378 censuit
444 2340 626 2375 omissum
645 2351 727 2374 csse
747 2332 871 2389 ὁρῶν.
898 2338 1005 2375 IDEM
1027 2341 1068 2376 in
1088 2338 1184 2377 Add.

383 2396 491 2435 409.
514 2396 587 2434 87.
612 2391 969 2444 Ὀνομαζομένους
988 2390 1256 2444 ἀθανάτους]
1285 2393 1427 2432 Decem
1446 2396 1569 2432 millia
1590 2401 1713 2443 erant,

271 2455 326 2491 ita
350 2452 465 2498 dicti,
501 2450 600 2498 quod
626 2451 659 2486 si
679 2451 763 2497 quis
784 2463 915 2487 eorum
937 2457 1005 2488 aut
1027 2464 1119 2487 nece
1139 2457 1205 2487 aut
1224 2451 1357 2488 morbo
1378 2465 1575 2488 numerum
1595 2454 1713 2488 inmi-

272 2516 421 2554 nueret‚
447 2507 649 2545 confestim
666 2507 764 2542 alius
787 2506 1035 2553 sufficeretur,
1070 2520 1141 2543 nec
1159 2519 1327 2555 unquam
1347 2509 1476 2556 plures
1495 2509 1712 2558 pauciores-

271 2578 320 2602 ve
341 2570 491 2610 essent,
520 2563 679 2600 docente
699 2560 898 2601 Herodoto
916 2563 999 2600 VH.
1020 2564 1115 2608 83„
1142 2570 1254 2612 atque
1273 2576 1321 2600 ex
1341 2577 1385 2600 co
1406 2563 1521 2601 Barn.
1540 2563 1712 2600 Brisson.

273 2621 320 2657 de
340 2619 464 2670 Regu.
485 2620 633 2656 Persar.
654 2617 740 2666 l.,p.
755 2620 862 2659 268.
892 2619 934 2655 Id
954 2620 1067 2666 addo,
1094 2618 1185 2656 hinc
1204 2621 1371 2657 colorem
1391 2621 1595 2669 sumpsisse
1613 2618 1710 2656 Dio-

272 2690 358 2714 nem
390 2675 563 2714 Cassium
594 2673 637 2711 1..
668 2673 763 2711 LVI.
795 2688 830 2725 p.
855 2677 961 2717 682.
984 2675 1030 2713 E.
1059 2689 1146 2713 cum
1175 2675 1223 2713 de
1248 2674 1422 2727 Augusto
1454 2671 1710 2729 στρατιώτας
