1828 3253
264 180 355 221 708
683 164 692 175 ’“
729 164 1260 213 KNNOTATIONES

381 290 487 338 626.
520 287 592 327 53.
634 282 731 327 Ἐπὶ
752 284 828 338 τὴν
849 281 1071 339 ἡγεμονίαν
1092 282 1242 334 ἔταξαν
1269 284 1497 336 Φιλοκλέα]
1535 285 1730 327 Adiman-

266 354 346 385 tum
367 348 424 383 illi
446 342 632 394 collegam
653 344 760 381 addit
783 342 1015 393 Xenophon.
1042 342 1195 380 Hellen.
1217 344 1244 381 l.
1265 356 1299 392 p-
1325 345 1431 384 349.
1463 343 1598 380 ἶνῑῑεε.

378 405 419 442 6·
411 403 483 441 26
519 401 592 441 64.
645 395 1068 450 Μεταπεμψάμειος
1080 398 1125 438 ὁὲ
1155 414 1223 439 και
1254 398 1327 440 τὸν
1360 398 1403 438 ἐκ
1435 398 1545 439 λιόυ
1578 395 1729 439 στόλον

267 455 432 511 ἑξήρη
418 473 458 497 ,ει
472 456 490 509 ]
531 456 567 493 H
573 469 616 492 oc
636 457 780 506 placuit
799 469 845 492 cx
865 455 1053 493 Clarom.·
1044 484 1055 503 ,
1085 458 1247 505 poterit,
1276 459 1309 494 si
1338 459 1400 493 cui
1421 457 1572 494 libitum
1599 458 1731 503 fuerit,

270 524 308 553 et
339 514 405 554 καὶ
438 510 629 565 ἐξηοτυεν
665 515 808 561 recipi,
837 524 911 560 quo
939 513 1052 550 modo
1083 512 1275 551 Venetus.
1313 514 1542 551 alterutrum
1574 513 1727 562 quidem

269 578 375 609 certe
401 572 660 607 necessarium
683 577 751 606 est.
780 567 922 606 XVESS.

381 628 486 667 626.
516 627 589 666 69.
620 621 757 665 Τῶν
737 621 806 677 υφ’
833 621 962 664 αὑτὸν
984 619 1143 664 πόλεων
1162 620 1238 676 τὴν
1258 621 1472 664 ἐπίστασιν
1493 623 1725 679 παρέδωκε]

271 684 338 722 Sic
358 685 438 721 fere
459 682 501 720 L.
523 681 629 719 XIV.
652 683 728 723 41.
759 680 941 719 Caussam
959 682 1124 729 itineris,
1152 681 1251 730 quod
1275 680 1399 732 Cyrus
1422 684 1622 733 ingressus
1643 684 1731 729 fuit,

271 741 432 791 exponit
461 738 681 788 Xenophon
711 738 800 776 Rer.
832 737 968 776 Graec.
987 737 1036 775 11.
1068 751 1104 788 p.
1128 738 1249 785 354„
1279 737 1346 774 sed
1370 741 1411 775 in
1427 741 1666 789 superiorem
1691 738 1733 777 id

271 805 416 836 annum
438 797 653 835 conferens.
680 795 821 834 VVESS.

385 854 489 893 626.
534 853 606 891 73.
652 848 727 892 Ἔν
765 852 816 905 τῇ
846 844 1027 905 Ζῑῖἱιλῆτῳ
1055 847 1162 896 τινὲς
1190 846 1430 902 ὀλιγαρχίας
1465 846 1730 904 ὀρεγόμενοι]

270 910 463 948 Pessimas
492 907 685 958 Lysandri
710 915 834 954 artes,
875 908 1013 956 quibus
1043 906 1239 954 Milesios,
1270 909 1464 956 popularis
1495 914 1617 944 status
1651 916 1732 945 stu-

275 966 484 1012 diosiores,
517 967 772 1003 circumvenit
797 970 834 1000 et
855 966 1066 1014 oppressit,
1098 963 1318 1000 distinctius
1347 970 1610 1012 exsequuntur
1629 963 1731 1002 Plut.

274 1021 446 1073 Lysand.
480 1035 514 1071 p.
535 1022 642 1062 437.
664 1021 707 1058 B.
737 1028 775 1058 et
796 1021 980 1072 Polyaen.
1005 1019 1128 1059 Strat.
1154 1019 1184 1057 Ι.
1211 1020 1288 1059 45.
1317 1019 1453 1059 Wssss.

392 1079 498 1118 627.
527 1080 601 1118 78.
632 1075 760 1118 Μετὰ
782 1075 849 1125 δὲ,
877 1079 953 1129 τῆς
975 1073 1130 1129 ἀγορᾶς
1145 1078 1245 1122 ete.]
1287 1075 1380 1113 Post
1401 1074 1448 1115 τὸ
1470 1073 1547 1128 μὲν
1566 1078 1743 1128 πρώϊον

278 1136 376 1172 solet
398 1136 535 1171 subiici
553 1131 657 1184 μετὰ
679 1133 723 1173 δὲ
747 1136 905 1180 ταῦτα,
933 1134 997 1171 vel
1018 1130 1153 1171 ἔπειτα
1177 1130 1231 1171 δέ.
1250 1131 1402 1169 STEPH.
1438 1133 1550 1176 Quod
1569 1133 1735 1183 Stepha-

276 1204 350 1228 nus
371 1191 599 1240 adscripsit,
629 1204 762 1229 terum
790 1192 1011 1239 plerumque
1029 1196 1105 1226 est:
1136 1202 1216 1226 non
1236 1202 1328 1225 usus
1358 1191 1541 1239 perpetui.
1584 1190 1734 1227 Pausa-

277 1247 512 1285 11iasL.lV.
535 1249 574 1287 7.
600 1261 635 1297 p.
658 1248 764 1288 296.
797 1246 974 1295 Euphaes
995 1247 1118 1283 servis
1138 1247 1365 1293 imperavit,
1390 1247 1556 1297 πρῶτον
1577 1245 1652 1298 μὲν
1680 1244 1733 1285 τὰ

276 1301 383 1343 κατὰ
414 1305 546 1343 ιῶϊον
573 1305 647 1342 τοῦ
680 1301 963 1371 στρατοπέδου
986 1297 1232 1355 φοᾶξασθαι
1262 1316 1350 1348 τοις
1382 1306 1601 1350 σταυροῖς,
1628 1299 1734 1353 μετὰ

278 1359 337 1407 dg,
361 1356 414 1399 τὰ
434 1362 507 1398 πλε
510 1376 533 1398 ι
539 1357 590 1413 οι).
611 1357 863 1427 ἇμφὸτεοα.
874 1359 925 1396 Et
945 1371 976 1395 c.
996 1359 1037 1398 9.
1029 1386 1052 1404 .,
1080 1371 1192 1407 quem
1211 1359 1338 1394 locum
1357 1358 1547 1395 indicavit
1566 1359 1734 1410 diligen-

279 1419 452 1454 tissimus
475 1416 733 1468 SylburgiuS,
764 1412 869 1467 μετὰ
891 1412 992 1462 δὲ,
971 1430 1037 1454 αν(
1025 1429 1148 1466 crarta
1191 1414 1296 1451 Idem
1319 1420 1358 1451 et
1376 1414 1572 1451 Herodoto
1595 1416 1735 1464 proba-

279 1479 385 1520 tum,
417 1475 450 1510 si
472 1472 624 1510 schedis
647 1472 830 1511 Mediceis
851 1472 1063 1509 certissima
1089 1471 1184 1508 fides
1205 1472 1349 1519 fuerit,
1372 1471 1413 1507 L.
1439 1471 1503 1508 v.1
1527 1472 1601 1512 3·.8
1629 1468 1733 1522 μετὰ

279 1528 346 1576 δὲ,
374 1530 545 1586 τελευτᾷ
576 1526 712 1576 ἄπαις.
761 1529 861 1568 Nam
880 1529 975 1567 alibi
995 1541 1175 1580 spernere
1198 1526 1271 1565 hoc
1303 1541 1426 1580 genus
1448 1526 1549 1565 haud
1573 1541 1736 1566 consue-

277 1586 349 1626 vit.
381 1586 517 1623 wass.

395 1644 501 1683 627.
534 1642 605 1683 84.
644 1638 888 1697 Karqimo‘ev
921 1639 977 1688 εἷς
999 1640 1178 1682 Κλαῦδα
1198 1637 1302 1694 etc.]
1333 1640 1467 1690 Neque
1493 1640 1539 1678 de
1566 1640 1641 1678 hoc
1671 1653 1735 1679 ca-

281 1699 394 1736 stello
434 1701 532 1736 alius
563 1705 720 1746 auctor,
758 1698 859 1749 quod
889 1701 1032 1746 sciam,
1069 1700 1306 1736 mentionem
1334 1699 1450 1746 feeit,
1488 1711 1560 1735 nec
1589 1697 1637 1735 de
1665 1700 1735 1736 illa

284 1755 454 1793 Claudia
477 1757 656 1806 regione:
685 1755 773 1793 ideo
797 1768 845 1792 ex
867 1757 949 1792 sola
968 1757 1189 1793 coniectura
1210 1757 1303 1792 licet
1329 1755 1530 1792 emendare
1551 1754 1653 1791 hunc
1675 1756 1741 1791 lo-

280 1824 368 1849 cum
394 1813 476 1849 sine
502 1813 616 1849 (lubio
645 1812 891 1850 mendosum:
923 1818 961 1849 et
991 1813 1034 1848 in
1055 1812 1220 1861 proclivi
1251 1812 1405 1862 quidem
1427 1812 1528 1848 foret
1545 1820 1733 1865 reponere

277 1866 462 1914 Λυδίας.
506 1867 585 1905 Sed
615 1882 693 1906 non
726 1869 805 1906 fuit
832 1868 956 1919 Lydia
985 1869 1055 1906 sub
1084 1868 1327 1906 Pharnabazi
1356 1869 1615 1917 praefectura:
1645 1868 1742 1905 nain'·

280 1923 557 1973 Tissapherni,
581 1932 619 1962 et
637 1931 725 1975 post
745 1925 1079 1977 eum-Tithrausti,
1102 1925 1287 1975 parebant
1308 1923 1434 1973 Caria,
1458 1923 1734 1975 [onia,'Lydia.

277 1980 530 2019 Pharnabazo
561 1995 654 2019 vero
691 1981 845 2031 Aeolis,
878 1980 1174 2030 Hellespontus,
1213 1980 1410 2032 Bithynia.
1459 1980 1566 2033 Ergo
1595 1974 1741 2018 censeo=

274 2037 539 2085 reponendum
557 2050 626 2087 pro
657 2037 874 2084 Κλαυδίας
901 2037 1120 2084 Αἷολίὸοςῑ
1154 2051 1242 2075 nam
1272 2050 1321 2075 ex
1346 2038 1524 2088 vestigiis
1551 2036 1666 2075 unius
1693 2043 1734 2075 et

276 2095 421 2131 litteris
442 2095 682 2145 fugientibus
710 2097 837 2143 potuit
866 2095 913 2132 ab
941 2097 1120 2144 imperito
1149 2095 1386 2144 exscriptore
1410 2096 1530 2131 altera
1552 2095 1733 2143 supponi,

278 2152 334 2187 sic
355 2149 538 2197 αἷολίὸος
560 2149 776 2204 (evanidas
803 2152 963 2189 litteras
995 2150 1285 2204 typographum
1306 2152 1462 2187 imitari
1488 2151 1608 2186 iussit
1635 2149 1733 2187 Pal-

275 2204 457 2259 mer-ias),
483 2210 549 2258 qui
570 2208 707 2246 dubius
728 2208 917 2257 quomodo
942 2209 1140 2255 scriberet,
1169 2209 1331 2256 putavit,
1361 2214 1405 2244 ut
1426 2219 1475 2244 ex
1497 2201 1659 2245 Σικῦων
1687 2206 1733 2244 fit

277 2262 511 2311 Σικυωνία,
549 2266 605 2302 sic
634 2277 683 2301 ex
710 2264 890 2305 Κλαῦὁα
925 2264 1061 2302 debere
1090 2264 1175 2302 fieri
1203 2262 1410 2303 Κλαυδιᾝα
1435 2263 1566 2300 PALM.
1608 2261 1732 2300 Credo

274 2320 397 2356 fuisse
419 2319 475 2366 εἷς
494 2320 686 2369 Rhama,
714 2323 797 2359 sive
814 2320 1025 2368 Βλαῦὃον,
1052 2315 1254 2374 φρουριόν
1280 2333 1319 2358 τι
1347 2321 1422 2371 τῆς
1439 2317 1624 2366 Λυδίας.
1650 2318 1733 2357 Nee

274 2376 423 2423 obstat,
453 2376 555 2424 quod
576 2377 826 2415 Pharnabazo
847 2376 971 2428 Lydia
989 2377 1091 2414 haud
1113 2378 1292 2427 paruerit.
1332 2375 1429 2413 Erat
1455 2377 1559 2414 enim
1588 2376 1731 2415 Βλαῦ-

274 2432 347 2478 ὁός
367 2445 432 2470 seu
453 2432 628 2472 Βλαῦδα
660 2436 702 2471 in
721 2436 816 2483 ipsis
835 2432 981 2484 Lydiae
1004 2440 1042 2471 et
1065 2432 1256 2484 Phrygiae
1276 2433 1440 2481 finibus3
1464 2446 1580 2482 quare
1599 2431 1730 2482 Phry-

272 2491 359 2539 giae
390 2502 412 2525 a
435 2487 654 2537 Stephano,
681 2489 826 2540 Lydiae
856 2503 878 2527 a
901 2488 1092 2527 Strabone
1110 2489 1367 2527 contribuitur
1388 2488 1429 2528 L.
1452 2488 1544 2528 ΧΠ.
1567 2502 1602 2538 p.
1625 2490 1730 2529 851.

271 2545 483 2596 Phrygiam
506 2552 632 2582 autem
643 2545 884 2583 Pharnabazi
904 2546 1042 2584 ditioni
1063 2546 1272 2583 subiectam
1293 2547 1425 2593 fuisse,
1450 2547 1543 2583 satis
1564 2551 1726 2582 constat.

273 2601 369 2638 Erat
389 2609 426 2639 et
458 2601 518 2638 his
548 2604 587 2639 in
610 2605 708 2649 oris,
737 2603 850 2640 modo
882 2610 1009 2640 tamen
1030 2603 1225 2640 diversum
1247 2604 1318 2649 sit,
1348 2602 1527 2652 oppidum
1558 2601 1727 2640 Βλαῦν-

273 2657 369 2704 dov,
395 2658 497 2695 unde
519 2657 910 2698 ΒΛΑΥΝΔΕΩΝ
924 2661 1032 2696 numi
1050 2660 1091 2695 in
1113 2657 1417 2698 Thes.Britann.
1441 2656 1490 2695 Τ.
1503 2656 1550 2694 Π.
1571 2659 1726 2709 p.100.

270 2713 331 2751 De
352 2727 397 2751 eo
428 2715 475 2751 ad
497 2713 690 2752 Hieroclis
724 2714 953 2765 Synecdem.
974 2728 1010 2764 p.
1035 2716 1140 2756 662.
1168 2715 1304 2753 VVEss.

383 2773 488 2811 627·
525 2773 598 2811 86.
636 2768 734 2809 Ἐπὶ
761 2767 903 2810 Θάσον
933 2774 1007 2824 τῆς
1033 2769 1228 2824 Καρίας]
1269 2771 1387 2809 Nulla
1412 2770 1569 2808 Tlaasus
1589 2770 1664 2807 fuit
1682 2771 1724 2807 in

262 2824 386 2865 Caria.
432 2827 533 2879 Lege
556 2840 639 2866 meo
658 2829 828 2879 periculo
852 2824 1016 2875 Ἴασον,
1048 2834 1091 2866 ut
1122 2829 1226 2867 infra
1251 2827 1447 2867 Diodorus
1476 2826 1519 2865 L.
1542 2826 1655 2864 XIX.
1686 2839 1722 2878 p.
