1828 3253
403 202 464 241 IN
494 200 604 240 LIB.
635 199 770 255 xlgll.
801 198 871 238 CA
885 198 928 239 Ρ..
950 199 1024 242 35.
1047 220 1094 230 --
1114 199 1190 241 39.
1416 201 1510 243 655

186 317 289 358 570.
308 316 381 357 48.
404 312 625 356 Ἐδίδασκε
643 310 722 367 γὰρ
749 307 804 360 ὥς
824 309 872 353 οὗ
897 309 1093 365 συμφέρει
1112 309 1207 364 etc.]
1229 312 1381 351 Similia
1399 312 1508 352 Thu-

74 374 232 423 cydides
252 373 363 410 hahet
382 373 423 410 L.
440 371 541 410 VIII.
563 373 652 417 46,
681 371 747 407 sed
760 369 1009 420 'l'issapherni
1028 370 1074 406 ab
1096 369 1294 407 Alcibiade
1314 378 1509 422 suggesta,

73 443 152 466 non
173 429 442 476 Pharnabazo,
475 440 587 478 quem
616 428 757 464 iterum
776 439 861 464 cum
890 428 1016 476 priore
1038 438 1169 463 errans
1189 427 1393 474 permiscet
1411 426 1510 465 Dio-

75 485 202 523 dorus.
229 485 366 522 IVESS.

188 543 290 582 570.
311 543 384 582 67.
414 539 500 581 Καὶ
519 536 736 590 Κένσωνα]
757 538 832 577 Pro
844 536 1055 585 Κένσωνα,
1068 535 1283 578 Καίσωνα.
1312 539 1364 576 At
1375 538 1511 578 Livius

73 592 264 637 ,Πόπλιον
283 592 572 647 Ποστούμιον,
614 592 762 635 Γνάϊον
786 592 1035 648 Κορνήλιον,
1066 591 1246 634 Κόϊντον
1282 592 1443 646 Φάβιον
1472 602 1510 634 et

74 649 257 692 Λεύκιον
283 650 507 703 Οὐαλέριον
526 653 617 688 edit.
638 651 774 688 Rflon.
796 651 879 690 Καὶ
900 650 1116 701 Καίσωνα]
1143 650 1351 688 Hocrecte.
1382 651 1424 688 In
1445 666 1508 689 ce-

75 711 168 745 teris
188 708 486 746 Rhodomannus
515 710 641 745 solens
660 707 863 758 Sigonium
893 708 1077 755 sequitur.
1119 707 1217 743 Nam
1236 708 1335 757 apud
1356 707 1509 747 Livium

77 764 120 801 L.
133 764 195 802 lv.
210 766 284 805 49.
309 764 524 802 Postumius
537 765 673 801 Marci
694 777 923 814 praenomen
946 763 1072 811 habet,
1095 765 1192 800 male
1209 764 1383 801 fortasse.
1410 765 1508 802 Vide

73 819 253 871 Pighium
273 833 363 858 ann.
383 831 620 867 cccxxmx„
638 821 702 858 ubi
725 820 821 857 hanc
837 822 1123 869 praenominum
1135 820 1394 857 diversitatem
1407 829 1510 859 recte

74 875 277 914 Fastorum
294 884 468 915 veterum
494 877 706 914 discordiae
727 877 872 914 tribuit.
909 876 958 913 W
964 887 1049 914 Ess.

192 945 294 984 570-
317 947 392 985 68
422 942 511 996 Την
532 943 574 983 ἐκ
594 947 676 983 τῶν
701 942 976 992 τετρακοσίων
997 941 1084 997 ὀλί)
1087 942 1232 996 αρχιάν
1253 942 1510 997 κατέλυσαν]

76 998 242 1052 Egregie
274 1000 375 1038 Plut.
406 999 453 1038 T.
482 1000 529 1038 II.
558 1013 593 1049 p.
628 1001 730 1040 833.
753 979 798 1036 D.
836 1016 902 1038 και
926 995 1027 1039 εἴλει
1051 998 1177 1039 αὐτὸν
1203 1022 1251 1028 -
1277 1000 1340 1039 ἐπὶ
1369 1000 1510 1041 ΘΕΟ-

76 1053 590 1110 ΠΟΖΙΙΠΟΥᾶρχοντος,
615 1054 677 1109 ἕῳ
704 1055 752 1095 οὑ
777 1053 815 1095 οἳ
839 1056 1118 1096 TETPAKO
1123 1056 1251 1096 ΣῙΟΙ
1274 1054 1511 1111 κατελύθη-

78 1125 168 1151 σαν.
198 1112 389 1150 Nimirum
409 1114 495 1150 urbi
515 1126 579 1163 per
602 1119 763 1161 quatuor
786 1125 950 1159 menseS,
978 1115 1033 1149 sic
1056 1114 1274 1162 planissime
1294 1113 1512 1163 Harpocra-

76 1171 159 1206 tion
189 1171 230 1206 in
267 1165 547 1220 Τετρακόσιοι,
570 1176 768 1219 postquam
795 1182 940 1205 summa
969 1182 1053 1206 cum
1073 1172 1299 1207 auctoritate
1321 1172 1513 1218 praefuis-

79 1232 177 1272 sent,
209 1224 446 1262 Theramene
475 1227 670 1274 inpulsore
691 1224 811 1275 gradu
832 1225 968 1262 deiecti
987 1232 1077 1261 sunt
1091 1256 1100 1272 ,
1146 1227 1375 1275 libertasque
1395 1227 1512 1265 rediit

79 1282 127 1319 ad
149 1282 339 1331 populum.
368 1281 452 1330 Ipse
473 1280 752 1326 Theramenes,
786 1283 850 1333 qui
872 1281 950 1317 dux
969 1287 1006 1317 et
1026 1282 1187 1331 signifer
1210 1283 1512 1333 quadringento-

76 1351 162 1376 rum
182 1337 536 1374 constituendorum
565 1344 602 1373 et
619 1339 821 1385 praecipua
839 1339 939 1373 inter
965 1350 1027 1373 eos
1047 1341 1274 1374 auctoritate
1292 1340 1429 1386 fuerat,
1459 1340 1508 1377 ob

77 1395 258 1433 versatile
275 1395 471 1444 ingenium
497 1399 609 1442 atque
630 1395 926 1429 inconstantiam
939 1399 976 1428 et
988 1394 1237 1431 mobilitatem
1254 1394 1513 1434 COTHUR-

81 1450 195 1489 NUS
221 1450 403 1499 deinceps
424 1449 547 1486 dictus
569 1455 637 1485 est.
678 1448 780 1485 Audi
801 1447 958 1485 Critiam
977 1449 1077 1498 apud
1098 1449 1396 1500 Xenophontem
1417 1451 1508 1491 Rer.

80 1507 219 1544 Graec.
247 1505 291 1544 L.
321 1505 370 1542 II.
399 1518 435 1554 p.
460 1505 564 1545 363.
607 1503 865 1541 Theramenes
894 1503 1220 1556 προπετέστατος
1251 1505 1353 1559 ἕγένς
1339 1522 1402 1546 ero
1435 1505 1511 1560 τὴν

78 1560 367 1630 δημοκρατίαν
394 1562 651 1612 μεταστῆσαι
687 1559 727 1606 ἐς
766 1558 864 1607 τοὺς
917 1561 1197 1601 TETPAKO
1201 1562 1394 1611 ΣΙΟΥΣ,
1444 1563 1514 1603 καὶ

78 1615 303 1684 ἐπρώτευεν
321 1616 362 1656 ἐν
382 1615 556 1663 ἒκεινοις.
585 1615 666 1655 ἕπει
688 1613 729 1654 δ’
752 1613 906 1668 ’ν’σθετο
928 1613 1151 1656 ἀντίπαλόν
1171 1633 1208 1657 τι
1228 1621 1277 1672 τῆ
1301 1617 1388 1672 ὀλι)
1391 1619 1516 1688 αρχίιιι

80 1669 394 1724 ξυνιστάμενον,
409 1675 582 1740 πρῶτος
601 1665 652 1711 αἶ
671 1667 713 1723 ἦ)
714 1669 833 1721 εμιὺν
853 1687 913 1710 τι)
934 1668 1091 1727 ὁῆμιιιΠ
1074 1671 1131 1711 επ)
1158 1674 1259 1713 esen
1262 1690 1332 1721 ους
1350 1674 1516 1728 Zygiam.

68 1729 200 1770 ‘'03221
220 1725 353 1780 δήπου
374 1725 451 1795 γὰρ
473 1728 539 1767 καὶ
560 1714 896 1767 ΚΟΘΟΡΝΟΣ
905 1714 1164 1769 ἐπικαλεῖται.
1206 1730 1349 1769 Paria
1339 1733 1516 1770 invenies

80 1790 123 1826 in
145 1787 283 1838 Lysiae
305 1784 411 1821 Orat.
431 1787 473 1822 in
492 1783 735 1822 Eratosthen.
757 1797 788 1821 c.
817 1787 887 1825 16.
916 1784 1050 1822 VVESS.

196 1853 301 1894 570.
329 1853 401 1892 72.
434 1843 567 1898 Οὗτος
584 1847 712 1902 μόνος
731 1847 1022 1901 συνεβούλευσε
1043 1847 1258 1906 καταγειν]
1290 1854 1434 1893 Eadem
1453 1869 1516 1893 re-

81 1914 179 1963 petit
200 1923 233 1949 c.
257 1909 332 1948 42.
363 1907 545 1956 docetque
583 1907 742 1944 Athenis
770 1910 951 1957 populum
980 1922 1092 1946 suasu
1125 1908 1374 1948 Theramenis
1409 1912 1515 1949 Alci-

82 1967 234 2006 biadem
261 1977 310 2002 ex
330 1965 449 2001 exilio
475 1975 688 2001 revocasse.
728 1963 883 2014 Alioqui
912 1964 1178 2015 Thrasybulus
1207 1968 1415 2021 militibus,
1447 1971 1515 2017 qui

83 2024 183 2073 apud
213 2021 368 2059 Samum
396 2020 626 2065 haerebant,
656 2027 699 2056 ut
719 2020 964 2057 Alcibiades·
955 2035 996 2058 in
1018 2024 1178 2072 gratiam
1194 2025 1431 2073 patriamque
1452 2038 1515 2062 re-

82 2082 285 2129 ciperetur,
314 2083 448 2114 auctor
467 2077 555 2123 fuit,
583 2075 811 2126 Thucydide
834 2083 930 2113 teste
949 2077 991 2115 L.
1016 2076 1118 2113 VIII.
1141 2081 1211 2117 81.
1243 2079 1374 2118 Wess.

197 2135 300 2174 570.
329 2135 400 2173 82·
426 2130 555 2186 Παρὰ
580 2128 858 2184 Φαρναβάζου
876 2128 1101 2185 βοηθειαν]
1124 2132 1283 2172 Constat
1299 2137 1403 2174 sibi
1393 2150 1432 2174 in
1456 2151 1517 2176 er-

81 2205 181 2230 rore.
209 2189 506 2238 'lissaphernem
536 2189 662 2226 dicere
685 2189 878 2225 debuerat.
908 2188 1004 2226 Vide
1024 2188 1240 2241 Thucydid.
1260 2190 1303 2228 L.
1323 2192 1423 2230 VIII.
1442 2195 1515 2235 85.

83 2255 121 2285 et
144 2249 214 2288 87.
244 2245 379 2284 Wnss.

199 2314 302 2352 570
333 2312 406 2352 90
445 2309 611 2363 Δωριέα
636 2308 712 2362 μὲν
742 2307 848 2361 μετὰ
875 2312 998 2363 τριῶν
1028 2327 1094 2351 και
1125 2310 1172 2353 δέ
1155 2329 1221 2353 κα
1252 2311 1352 2367 etc.]
1393 2314 1518 2355 Domo

83 2369 257 2407 Rhodius
289 2375 370 2404 erat
397 2366 584 2415 Doricus,
614 2367 798 2413 navibus,
827 2379 919 2416 quas
953 2366 1117 2406 'lhurini
1145 2368 1344 2420 Spartanis
1370 2375 1517 2410 auxilio

85 2425 288 2474 miserant,
316 2426 563 2473 praepositus,
591 2422 807 2473 Thucydid
828 2422 930 2459 Vlll.
951 2425 1004 2462 3
985 2437 1023 2463 a.
1045 2432 1082 2461 et
1102 2425 1243 2463 Noster
1263 2441 1294 2464 c.
1316 2428 1390 2467 45.
1413 2427 1518 2466 Rho-

89 2471 158 2518 dus
178 2486 258 2528 ipsa
280 2483 473 2527 superiore
491 2493 592 2517 anno
613 2480 660 2516 ad
680 2478 999 2517 Lacedaemonios
1020 2481 1252 2529 desciverat,
1285 2496 1355 2520 nec
1382 2485 1436 2521 ita
1461 2493 1518 2522 ta-

85 2550 173 2575 men
193 2534 255 2572 eas
275 2537 315 2573 in
336 2543 459 2583 partes
478 2538 704 2581 transierat,
733 2538 824 2584 quin
844 2547 1105 2586 superessent,
1133 2541 1198 2588 qui
1217 2538 1517 2579 Atheniensibus

87 2593 295 2630 studerent.
327 2591 413 2628 vid.
434 2590 651 2642 Thucydid.
672 2591 775 2630 VIII.
798 2591 872 2630 44.
900 2590 1032 2630 VVEss.

202 2660 306 2698 571.
330 2659 404 2698 96.
438 2655 578 2704 Οῧσας
599 2654 851 2710 ὀγδοήκοντα
878 2657 944 2697 καὶ
966 2659 1095 2711 τρεῖς]
1120 2659 1261 2700 Decem
1280 2662 1370 2700 huic
1389 2677 1518 2701 nume-

87 2729 131 2754 ro
153 2713 401 2768 detrahuntur
420 2715 462 2750 in
482 2713 699 2765 Thucydid.
721 2714 821 2751 VllI.
842 2716 915 2754 99.
944 2716 1080 2754 Wzss.

204 2783 307 2822 571.
338 2783 377 2821 8.
418 2779 490 2827 Εἷς
520 2778 685 2833 Σίγιον]
727 2780 882 2833 Σίγειον
902 2796 1034 2821 verum
1056 2783 1119 2821 hic
1140 2791 1176 2820 et
1196 2791 1281 2834 post
1300 2797 1419 2832 pauca
1439 2799 1520 2823 esse

86 2840 235 2892 monuit
254 2836 565 2876 Rhodomannus.
593 2837 660 2875 Sic
680 2838 771 2876 infr.
792 2851 825 2876 c.
845 2838 919 2880 45.
945 2846 983 2879 et
999 2839 1093 2879 XX.
1119 2843 1222 2882 108.
1257 2841 1453 2948 Wnst}
1483 2855 1485 2858 ·
