1828 3253
411 181 475 220 ΙΝ
506 182 616 221 Ι.ΙΒ.
646 182 770 221 XIV.
801 182 927 221 CAP.
961 186 1185 226 65.—68.
1464 192 1551 233 771

103 303 184 334 tota
205 294 368 333 Graecia
389 296 674 333 exterminandi
707 302 821 344 atquc
854 297 896 334 in
916 292 1164 349 συνήλυὸες,
1194 301 1253 337 uti
1270 300 1369 349 apud
1389 301 1551 342 Strabo-

102 365 190 390 nem
209 359 310 388 certe
332 350 512 389 videntur
542 352 584 389 L.
605 351 669 389 lV.
688 365 724 402 p.
745 354 874 401 290„
904 355 1174 402 conmutandi,
1201 366 1380 404 quaeram
1412 372 1552 408 oppor-

104 411 257 446 tuniore
281 408 378 444 loco.
412 406 547 444 WEss.

215 463 321 504 694.
351 464 425 503 28.
466 458 695 515 Υπηρὲτης
727 459 929 517 ἀρχείων]
978 463 1088 503 Conf.
1117 466 1312 518 adscripta
1342 473 1550 519 superioris

102 519 194 557 libri
217 532 250 557 c.
276 520 350 559 96.
381 519 515 558 WVESS

203 575 324 643 ἶζὸ94
357 575 430 616 31.
463 567 538 614 Ων
554 571 668 613 ταῦτ’
691 571 753 628 ἐφ’
776 570 911 631 ἡμέρα
932 572 1152 628 τριάκοντα
1166 585 1237 616 etc.
1248 579 1265 631 ]
1307 579 1405 617 Vera
1433 583 1548 620 lectio

103 638 162 669 est
189 646 245 671 ων
277 627 352 676 τὰς
378 627 443 697 ἐφ’
474 628 607 684 Ἱμέρα
631 652 679 657 -
685 618 1006 698 Καρχηδονιίυν
1034 633 1233 686 παρίημι,
1258 634 1326 674 καὶ
1357 634 1431 687 τὴν
1466 641 1550 677 τῶν

103 695 178 725 etc.
206 685 339 724 Rnoo.
378 677 456 725 ἴΏν
485 686 599 724 ταῦτ’
631 683 694 739 ἐφ’
713 682 852 742 ζ’Ῑμερα
872 694 944 724 etc.
957 687 1002 754 ]
1025 687 1130 726 Citra
1157 703 1269 727 omne
1297 691 1453 730 dubium
1482 692 1546 747 ἐφ’

99 738 238 797 Ἶμέρα
258 743 401 779 iustum
422 748 491 778 est.
532 741 617 779 Vid.
636 742 679 779 Ι.
699 741 769 779 ΧΙ.
793 729 867 782 22.
900 744 951 780 At
970 759 1026 782 ων
1048 742 1143 792 τὰς,
1172 754 1353 796 sequente
1376 749 1548 801 Καρχη-

103 798 265 844 ὁονίων,
291 797 491 834 obscurius
510 805 549 834 et
567 798 787 847 inpeditius,
813 798 1086 837 Praeferrem'
1068 804 1120 839 εῶ
1142 799 1217 848 τὰς
1236 800 1297 855 ἐφ
1316 798 1453 859 ί’Ῑμειρα
1475 813 1547 842 etc.

102 856 214 892 mitto
235 860 414 891 trecenta
432 853 819 904 Carthaginiensium
848 857 904 893 ad
920 855 1129 894 Himeram
1149 871 1269 896 caesa
1299 860 1438 896 millus.
1465 867 1548 899 tum

101 917 205 948 recte
222 910 487 959 subsequetur,
514 910 688 961 παρίημι
709 924 784 961 την
806 917 844 947 et
862 913 971 960 reliq.
1004 912 1125 950 Porro
1143 911 1250 952 κατὰ
1273 914 1453 962 ΙἫεὶωνα,
1476 930 1546 965 pro

103 967 241 1015 quibus
261 979 287 1003 a
313 965 460 1003 Getone
483 965 673 1015 interpres
697 965 795 1004 haud
817 967 932 1013 bene,
961 980 1039 1004 non
1061 968 1188 1006 laudo.
1228 969 1363 1007 Fuisse
1393 972 1547 1009 videtur

101 1018 205 1074 μετὰ
235 1019 414 1061 Γέλωνα.
452 1020 689 1071 Syracusani
718 1023 821 1060 enim
843 1022 1003 1060 Gelonis
1031 1026 1313 1063 successoribus
1343 1034 1409 1064 aut
1432 1030 1549 1065 inviti

102 1084 338 1128 paruerunt,
363 1084 429 1114 aut
448 1078 702 1116 obedientiam
720 1087 922 1129 negarunt,
953 1078 1198 1130 'lhrasybulo
1218 1084 1459 1130 possessione
1486 1092 1550 1134 ty-

102 1133 279 1172 rannidis
297 1133 458 1171 deiecto.
494 1134 525 1170 V
530 1142 608 1171 erte
627 1135 808 1184 proinde:
832 1138 1112 1186 praetermitto
1144 1138 1294 1175 deletos
1309 1146 1410 1190 post
1429 1140 1548 1177 Gelo-

102 1204 190 1229 nem
213 1196 425 1240 tyrannos,
453 1196 492 1226 et
513 1190 701 1227 contende
733 1189 776 1229 L.
796 1189 867 1227 Xl.
893 1193 965 1231 67.
997 1191 1129 1256 Wfss.

218 1247 325 1286 694.
351 1246 426 1286 36.
462 1243 514 1285 Οἳ
533 1260 705 1299 πατερες
727 1241 872 1296 υμῶν]
915 1243 1059 1298 Lege‘
1037 1250 1170 1298 νμῶν.
1211 1247 1269 1286 Ita
1297 1250 1401 1286 enim
1419 1248 1550 1288 Theo-

104 1301 221 1340 dorus
239 1307 423 1352 perpetuo
445 1299 515 1338 hac
542 1305 728 1340 oratione.
759 1302 950 1350 interpres
969 1310 1072 1340 certe
1098 1303 1252 1352 quidem
1273 1318 1446 1343 caussam
1469 1320 1548 1344 non

103 1357 290 1405 habebat,
318 1369 387 1394 cur
404 1357 451 1394 ab
481 1356 552 1394 hoc
570 1371 712 1408 genere
734 1357 959 1395 discederet.
1008 1356 1118 1398 Οὐδὲ
1143 1356 1216 1398 τὸν
1237 1357 1547 1412 ἀπαγγελοῦντα

103 1411 325 1462 ἀπέλιπον,
365 1412 467 1461 quod
505 1414 700 1460 succedit,
736 1412 943 1451 Historicis
981 1416 1229 1465 perfrequens
1258 1430 1365 1463 esse,
1404 1417 1548 1456 dictum

103 1471 212 1508 alias.
247 1468 359 1506 Philo
387 1468 468 1507 lud.
499 1471 628 1519 paullo
655 1471 767 1507 aliter
794 1468 836 1507 L.
857 1469 884 1507 Ι.
914 1469 958 1507 V.
981 1470 1075 1507 Mos.
1096 1483 1134 1519 p.
1158 1472 1263 1511 630.
1285 1471 1327 1511 C.
1359 1467 1416 1518 ὡς
1441 1473 1549 1524 μηδὲ

102 1522 320 1579 πυρφόρον
341 1521 648 1591 ἀπολειφθῆναι
669 1522 741 1564 τὸν
763 1522 1072 1578 ἀπαγγελοῦντα
1092 1531 1177 1572 τοῖς
1198 1525 1239 1566 ἐν
1253 1524 1455 1583 Αιγύπτῳ
1476 1527 1552 1576 τὰς

105 1580 336 1634 αιφνιὸίους
357 1576 588 1634 συμφοράς.
627 1580 704 1618 Sed
723 1582 853 1618 eadem
873 1583 1075 1619 sententia.
1116 1581 1289 1620 Utuntur
1312 1592 1350 1621 et
1372 1570 1552 1622 Herodo-

105 1644 170 1674 tus
199 1635 242 1674 L.
262 1636 363 1674 Vlll.
396 1639 437 1677 6.
465 1636 626 1703 Gregor.
666 1637 937 1674 Nazianzenus
971 1637 1038 1674 Or.
1065 1637 1130 1675 lv.
1158 1651 1193 1688 p.
1220 1641 1322 1680 118.
1355 1639 1400 1676 A.
1434 1643 1553 1679 simili

107 1693 299 1741 dictione,
343 1694 452 1730 cuius
481 1694 672 1744 originem
698 1700 784 1744 pete
813 1705 863 1730 ex
895 1691 1094 1731 Sch01.in
1125 1694 1324 1744 Euripidis
1352 1693 1552 1735 Phoeniss.

107 1762 147 1789 v.
172 1722 307 1790 1386.
335 1748 471 1786 Wess

221 1805 327 1845 694
352 1806 427 1845 45.
457 1801 806 1872 Παρωπλισμένοι
827 1799 1058 1856 συμμάχων
1078 1801 1205 1855 ὄντες]
1239 1786 1373 1843 Mallet
1389 1807 1554 1845 fortasse

107 1862 208 1899 alius
235 1876 302 1899 και
329 1857 424 1900 ἄνευ
456 1856 684 1911 συμμάχων
714 1857 849 1907 ὄντες,
881 1867 960 1898 tum
991 1862 1038 1897 ob
1066 1874 1131 1908 ea,
1161 1873 1257 1910 quae
1281 1863 1554 1910 subiiciuntur,

109 1925 191 1955 tum
220 1916 321 1967 quod
350 1917 677 1968 παροπλίζεσθαι
709 1919 749 1954 in
778 1918 856 1954 illis
886 1924 1141 1966 opportunum
1172 1920 1245 1964 sit,
1282 1919 1419 1967 quibus
1449 1933 1555 1957 arma

109 1974 306 2019 detracta,
335 1979 379 2010 ut
400 1973 501 2021 apud
532 1973 668 2023 Polyb.
689 1972 738 2012 ΙΙ.
764 1974 803 2012 7.
838 1979 877 2008 et
904 1985 1004 2022 supr.
1034 1972 1077 2012 L.
1101 1973 1164 2010 IV.
1190 1975 1260 2013 10.
1301 1972 1372 2011 Cui
1402 1976 1557 2023 quidem

108 2030 193 2068 sine
212 2027 332 2067 Codd.
355 2028 548 2078 praesidio
577 2041 657 2067 non
685 2029 908 2076 adstipulor.
947 2028 991 2065 Si
1012 2035 1137 2065 tamen
1168 2030 1323 2076 liceret,
1349 2032 1556 2070 scriberem

108 2097 201 2124 mox
231 2079 382 2137 πλήθει
422 2081 666 2136 τηρούμενοι
706 2086 954 2123 multitudine
998 2087 1202 2122 asservati
1248 2085 1288 2122 id
1322 2089 1425 2123 enim
1454 2087 1556 2125 haud

110 2142 239 2193 paullo
260 2142 489 2178 concinnius
510 2141 635 2178 videri
656 2143 809 2190 poterit.
837 2140 972 2177 Wssss.

227 2197 335 2237 695
378 2198 449 2237 70
493 2194 570 2235 Ἐν
611 2202 704 2243 ταῖς
748 2191 978 2247 συνθήκαις
1024 2190 1217 2243 ἐκδότους
1248 2217 1296 2224 -—-
1329 2194 1557 2248 συνέθετο]

109 2251 200 2290 Vid.
234 2260 406 2289 extremo
426 2253 469 2289 L.
490 2251 599 2290 ΧΙΙΙ.
646 2251 705 2290 De
733 2252 1067 2299 Lacedaemoniis,
1094 2253 1160 2300 qui
1189 2254 1387 2302 plerasque
1420 2254 1556 2291 Graeci

111 2308 282 2346 nominis
314 2310 356 2346 in
386 2308 479 2346 Asia
517 2309 696 2346 civitates
727 2308 930 2345 Persarum
961 2310 1045 2358 regi
1071 2308 1237 2345 foederis
1270 2310 1559 2347 conditionibus

110 2366 362 2412 reliquerant,
393 2363 436 2400 Ι..
466 2364 553 2402 XV.
575 2366 616 2404 9.
655 2363 697 2403 ἐν
726 2366 776 2417 τῖγ
809 2361 912 2416 πρὸς
934 2360 1006 2402 τὸν
1038 2363 1213 2414 βασιλέα
1242 2363 1433 2404 συνθέσει
1464 2381 1555 2405 τοι

114 2417 220 2459 κατὰ
240 2417 316 2471 τὴν
331 2418 492 2459 Α’(σιαν
494 2417 684 2472 Έλληνας
703 2415 897 2466 ἐκδότους
915 2418 1185 2470 πεποιηκέναι.
1216 2419 1394 2457 Aeschin.
1417 2423 1457 2457 in
1473 2420 1560 2458 Cte-

114 2475 283 2526 siphont.
307 2487 343 2524 p.
367 2476 438 2515 73.
473 2474 640 2516 ἔκδοτον
660 2475 737 2527 μὲν
766 2473 842 2528 τὴν
861 2474 1067 2515 Βοιωτίαν
1096 2472 1263 2515 ἅπασαν
1286 2475 1449 2528 ἐποίησε
1475 2476 1560 2528 Θῃ-

115 2530 433 2584 ssa1‘01;.W2ss.

229 2587 335 2628 695.
360 2589 433 2628 82.
456 2583 801 2641 Ἐπηγρυπνηκως
819 2587 870 2640 τῇ
890 2582 1048 2626 τούτων
1069 2584 1185 2627 ἀπω)
1190 2585 1269 2643 εἶα]
1303 2585 1370 2624 Sic
1381 2586 1506 2624 Exce1
1509 2595 1560 2637 pt

115 2643 244 2681 Vales.
279 2656 316 2693 p.
335 2643 442 2684 409
479 2642 747 2698 ἐπαγρυπνῶν
783 2648 872 2690 τοῖς
902 2645 977 2695 τῆς
1007 2643 1256 2698 στρατηγίας
1285 2639 1561 2695 ἓντεύγμασιν.

121 2698 260 2738 wssss.

233 2753 339 2796 695.
367 2754 443 2795 92.
481 2753 640 2805 Παρεὶς
668 2751 772 2808 πρὸς
799 2755 850 2809 τῇ
881 2749 995 2795 πόλει
1015 2751 1120 2808 etc.]
1166 2754 1237 2792 Vir
1266 2753 1401 2791 doctus
1426 2752 1563 2791 Latine

119 2816 308 2850 verterat:
333 2813 449 2849 iuxta
472 2811 603 2849 urbem
617 2824 797 2864 pugnam
818 2813 975 2849 conseri
982 2814 1241 2863 permittens,
1272 2810 1372 2846 haud
1393 2812 1562 2849 anima-⁴-

1194 2869 1217 2905 [Ι
1228 2869 1253 2904 9
1269 2868 1286 2886 '³
