1828 3253
365 212 430 254 IN
458 211 571 254 LIB.
600 211 738 255 XIII.
770 212 898 253 CAP.
926 214 1152 256 39.·-·42.
1399 215 1491 257 657

33 328 133 379 apud
155 326 329 380 Thucyd.
349 326 451 366 VIII·
481 328 598 375 106.‚
627 328 694 366 ubi
717 325 1003 380 Πελληναίων,
1026 329 1157 365 verius
1177 327 1352 366 fortasse.
1384 327 1482 366 Nam

33 385 293 430 Pellenenses,
319 390 363 421 ut
381 383 549 421 eiusdem
570 385 660 421 libri
681 398 712 421 c.
728 386 767 424 3.
793 386 1078 433 perscripserat,
1106 385 1215 420 iuxta
1238 398 1322 421 cum
1343 384 1481 435 Sicyo-

33 444 111 479 niis
133 440 203 478 hoc
227 441 325 477 bello
358 452 475 478 naves
496 447 703 476 armarunt.
751 440 854 477 Novi
880 439 1074 489 Stephano
1108 441 1155 476 ab
1180 439 1249 477 hac
1277 442 1370 478 urbe
1400 454 1478 478 non

30 499 108 535 nisi
127 493 362 547 ΙΙελληνεὺς
389 502 426 532 et
443 492 673 546 Πελλήνιος
701 498 863 546 gentilia
891 496 1058 542 inssecti,
1087 496 1153 532 sed
1185 499 1265 533 eius
1285 496 1477 534 decretum

30 554 78 591 ab
102 553 298 598 omnibus,
322 564 369 588 ne
393 551 545 601 quidem
572 553 619 588 ab
649 556 730 589 eius
762 559 936 599 auctore,
969 551 1069 588 haud
1099 552 1295 590 observari
1325 556 1476 591 notavit

29 610 72 647 L.
97 609 335 646 Holstenius.
378 607 521 653 Porro,
545 609 578 644 si
598 621 676 644 non
706 609 807 645 fallit
830 609 919 645 belli
949 607 1265 657 Peloponnesiaci
1297 612 1473 658 scriptor,

30 665 285 704 Athenienses
317 662 388 700 hoc
409 666 612 700 certamine
635 676 752 702 naves
778 675 837 700 xv
857 666 1078 702 amiserunt.
1107 663 1241 702 Wrss.

144 731 247 770 572-
280 731 353 770 67·
398 722 461 770 Οὗ
489 728 536 770 τὸ
559 733 634 783 τῆς
654 727 832 782 ςΕκάβης
862 729 947 770 ἐστὶ
973 729 1202 783 μνημεῖον]
1239 731 1473 781 Cynossema

28 793 183 826 vocant.
220 785 296 823 Est
317 786 564 836 Cynossema,
593 789 762 825 tumulus
785 788 989 835 Hecubae,
1016 790 1098 825 sive
1120 801 1170 824 ea·
1181 788 1326 837 figura
1346 791 1472 835 canis,

27 845 68 881 in
89 856 204 894 quam
225 855 415 880 conversa
435 845 625 891 traditur,
653 846 735 881 sive
759 845 1022 891 exfortuna,
1051 845 1090 881 in
1116 857 1232 895 quam
1253 846 1473 892 deciderat,

26 899 166 938 humili
191 900 344 936 nomine
373 907 563 952 accepto,
594 902 650 938 ait
681 900 783 938 Mela
817 900 865 940 11.
897 902 943 941 2.
988 899 1096 937 Adde
1124 899 1298 952 Euripid.
1326 900 1473 939 Hecub.

21 969 63 995 v.
90 955 224 996 1273.
257 954 392 992 WEss.

139 1012 242 1050 572.
277 1012 349 1050 72.
395 1008 480 1050 Τὸν
501 1010 683 1065 Δαρείου
708 1009 969 1064 στρατηγὸν]
1001 1006 1228 1063 Σατράπην
1249 1024 1297 1048 ex
1315 1010 1409 1064 Reg.
1433 1014 1471 1053 1.

24 1067 152 1105 firmat
170 1074 303 1104 auctor
335 1081 367 1106 c.
394 1068 466 1107 37.
506 1067 563 1104 De
593 1082 637 1106 eo
659 1076 697 1105 et
717 1067 901 1106 Clearcho
923 1068 1140 1118 Thucydid.
1164 1068 1267 1107 vlu.
1293 1070 1379 1118 80„
1405 1069 1471 1106 de-

25 1136 96 1174 que
117 1122 258 1174 Cyzico
278 1125 488 1171 reciperata
507 1123 798 1162 Atheniensium
818 1128 934 1162 armis
963 1138 995 1162 c.
1019 1126 1121 1165 107.
1153 1124 1291 1162 TVESS.

139 1192 241 1230 572-
272 1193 344 1231 86·
379 1188 455 1230 Ἐν
480 1194 536 1246 τῷ
558 1191 648 1243 περὶ
669 1191 908 1243 Κορωνειάν
932 1190 1041 1246 νεῷ]
1071 1191 1185 1229 Forte
1209 1193 1248 1228 in
1270 1191 1468 1230 Minervae

23 1245 171 1284 Itoniae
191 1247 306 1294 fano,
333 1247 432 1297 quod
454 1261 569 1297 prope
592 1247 801 1286 Coroneam
831 1251 997 1296 positum
1017 1248 1181 1285 Pausan.
1212 1248 1393 1286 describit
1422 1248 1465 1286 L.

22 1302 94 1342 IX.
116 1303 211 1350 34.,
240 1306 310 1340 etsi
333 1302 432 1340 nihil
464 1305 529 1340 ille
552 1304 597 1340 de
617 1305 688 1341 hoc
710 1304 882 1342 donario.
909 1304 1048 1341 WVESS.

135 1370 238 1410 573.
267 1370 341 1409 93.
367 1366 642 1422 Ἀλκιβιάὸης
663 1368 766 1421 ἔχων
785 1370 1044 1421 τρισκαίδεκα
1065 1366 1240 1423 τριήρεις
1260 1373 1357 1418 etc.]
1382 1371 1468 1409 Hoc

20 1425 138 1463 hene:
165 1425 231 1463 sed
253 1437 346 1474 quae
379 1426 637 1464 subiiciuntur
663 1440 710 1463 ex
740 1428 954 1464 Alcibiadis
978 1429 1150 1464 oratione
1179 1427 1225 1464 ad
1248 1430 1389 1464 milites
1419 1428 1465 1465 de

19 1483 270 1520 miseratione
297 1483 473 1519 fortunae
502 1496 617 1530 suae,
648 1483 769 1533 deque
799 1483 951 1520 decreto
973 1486 1054 1520 eius
1073 1483 1221 1529 reditu,
1249 1497 1293 1520 ea
1322 1486 1464 1533 praelio

21 1540 151 1575 navali
181 1540 284 1575 inter
303 1537 456 1576 Sestum
491 1545 530 1575 et
549 1539 728 1590 Abydum
754 1541 883 1590 priora
917 1546 1019 1576 sunt.
1071 1539 1157 1577 Vid.
1181 1538 1398 1590 Thucydid.
1418 1539 1461 1580 L.

18 1593 120 1632 vul.
145 1596 217 1634 81.
241 1600 279 1630 et
299 1595 373 1634 97.
410 1595 543 1632 Wrss.

134 1662 237 1701 573.
270 1663 343 1703 ll.
377 1658 700 1715 Ἀφηγοῦμενος
718 1657 811 1701 τότε
837 1659 1110 1714 Θηραμένης]
1143 1661 1308 1699 Mediam
1329 1662 1464 1701 harum

19 1731 175 1765 vocem,
213 1729 310 1766 quae
339 1719 539 1766 exulabat,
580 1720 818 1768 postliminio
857 1721 899 1756 in
929 1720 1120 1768 integrum
1148 1720 1313 1756 restitui.
1367 1720 1463 1758 Vide

18 1787 122 1824 supr.
142 1787 174 1811 c.
195 1774 267 1815 38.
296 1773 431 1811 wass.

134 1831 236 1870 573.
271 1832 342 1870 17.
370 1826 684 1882 Εἰσεπράξατο]
711 1824 948 1881 Ἔπράξατο
980 1827 1026 1867 R.
1048 1831 1092 1869 2.
1127 1827 1183 1866 Cl.
1202 1836 1246 1866 ut
1263 1842 1343 1878 cap.
1363 1831 1461 1879 40.;

21 1885 88 1924 sed
116 1888 218 1924 inter
238 1899 278 1922 se
308 1893 590 1926 conmutantur.
622 1887 709 1924 vid.
737 1885 913 1936 Thucyd.
939 1885 1040 1922 vm.
1069 1887 1169 1926 107.
1194 1888 1295 1926 108.
1326 1887 1461 1923 lVEss.

133 1954 236 1993 573.
264 1955 333 1994 18.
385 1950 474 2005 Τὴν
505 1953 731 2006 ΖΙἸεροδίπα
760 1949 1010 2005 πορθήσας]
1057 1952 1280 2004 ΙΙἸεροπίὸα
1307 1957 1463 2003 scripsit

19 2016 164 2048 auctor.
196 2007 330 2049 Ruon.
363 2009 464 2060 Lege
483 2009 722 2062 Μεροπίὸα,
745 2010 782 2047 id
808 2016 877 2055 est,
906 2008 958 2046 Co
983 2010 1160 2046 insulam.
1186 2009 1315 2046 PALM.
1364 2009 1461 2062 ’Τὴν

19 2063 275 2118 Μεροπίὸα]
306 2064 463 2112 Vitium,
489 2066 589 2114 quod
611 2067 759 2103 insulae
782 2067 935 2102 titulum
955 2065 1145 2112 foedarat,
1177 2067 1346 2102 correxit
1367 2078 1461 2114 quo-

21 2135 93 2172 que
127 2121 176 2160 1⁸.
210 2120 419 2158 Casaubon.
453 2124 493 2159 in
524 2121 704 2159 Strabon.
734 2123 775 2160 L.
798 2121 884 2158 XV.
914 2134 948 2170 p.
975 2122 1108 2161 1006.
1142 2129 1180 2159 et
1208 2120 1383 2172 Scaliger
1411 2123 1459 2159 ad

21 2181 82 2215 sui
109 2178 197 2215 libri
228 2180 450 2229 marginem.
500 2178 631 2226 ltaque
661 2178 700 2215 id
731 2180 933 2228 propagari
960 2190 1037 2214 non
1059 2179 1196 2226 patior.
1243 2179 1337 2222 Quis
1358 2181 1460 2216 enim

21 2236 196 2284 ignorat,
224 2236 387 2271 insulam
406 2234 460 2272 Co
483 2234 739 2285 Mer-widem,
766 2237 985 2283 priscosque
1004 2235 1085 2270 eius
1106 2235 1252 2270 incolas
1272 2234 1461 2286 „Meropas

22 2290 232 2339 adpellatos
249 2289 393 2327 fuisse‘.²
419 2290 518 2327 unde
530 2287 745 2340 XVI-eguinum
766 2287 881 2335 πόλις
905 2302 980 2326 non
999 2288 1165 2327 Homero
1177 2297 1325 2326 tantum
1343 2290 1458 2341 Hym.

22 2345 190 2394 Apollin.
209 2359 246 2382 v.
265 2346 353 2393 42„
385 2347 451 2384 sed
474 2353 512 2383 et
531 2346 725 2398 Meleagro
745 2349 787 2384 in
805 2346 1113 2396 Epigrammate,
1143 2345 1326 2395 necdum,
1359 2347 1461 2396 quod

21 2404 158 2449 sciam,
178 2403 356 2452 vulgato:

183 2454 378 2508 Ὀλβίστη
402 2453 616 2507 Μερόπων
637 2455 722 2509 ἱερὰ
743 2453 883 2505 πόλις,
911 2454 938 2496 ἃ
958 2452 1168 2497 θεόπαιδα

240 2511 397 2553 Καινὸν
416 2512 589 2566 ’Ἵῑρωτα
609 2513 710 2553 νέων
736 2512 896 2566 θρέψεν
913 2509 1168 2567 ὖφαγὲμονα.

22 2568 108 2606 Alia
138 2569 216 2606 viri
246 2569 457 2606 doctissimi
489 2570 529 2608 1..
561 2569 786 2607 Holstenius
814 2570 861 2606 ad
893 2569 1074 2620 Stephan.
1106 2584 1143 2608 v.
1165 2570 1288 2616 Κῶς,
1321 2568 1462 2607 Ezech.

22 2624 225 2674 Spanhem.
245 2627 285 2662 in
306 2624 528 2663 Callimachi
551 2626 664 2677 Hym.
691 2625 778 2665 Del.
810 2639 848 2663 v.
874 2628 974 2667 160.
1009 2633 1048 2662 et
1075 2625 1221 2675 Ioseph.
1246 2626 1382 2663 Wasse
1413 2626 1461 2663 ad

22 2680 240 2732 Thucydid.
261 2681 362 2717 vm.
384 2683 458 2722 41.
493 2681 627 2719 WEss.

139 2737 240 2777 573-
272 2738 345 2776 27.
372 2734 669 2789 Ἔγκαλοῦντες
694 2739 752 2791 τῷ
777 2732 1063 2790 Φαρναβάζῳ]
1109 2735 1405 2786 Tissaphernem
1428 2738 1462 2773 si

22 2794 262 2843 scripsisset,
289 2793 336 2831 ab
355 2806 482 2831 errore
512 2796 681 2832 inmunis
701 2795 851 2831 fuisset.
883 2794 966 2832 vid.
989 2792 1208 2844 Thucydid.
1235 2792 1332 2830 Vlll.
1356 2794 1459 2834 108.

18 2849 155 2887 Wzss.

75 2904 173 2944 Vox..
200 2905 230 2943 Ι.
1174 2904 1235 2944 42
