1828 3253
465 231 528 273 ΙΝ
558 230 816 273 Ι,ΙΒ,ΧΗῙ.
858 231 981 272 CAP.
1009 235 1238 279 89.-92.
1485 243 1570 283 787

120 351 234 384 taren.
294 343 371 385 Sed
399 356 463 385 res
494 358 604 383 secus
630 344 754 383 habet.
803 344 948 386 Auctor
975 349 1056 396 ipse
1082 343 1344 400 Ἀβάκαινον
1365 352 1501 400 probat
1528 353 1570 392 L.

117 401 235 440 xlx.
260 403 358 446 65.,
385 401 691 450 adsentientibus
703 401 900 451 Stephano
921 410 958 440 et
981 403 1116 445 suida.
1175 404 1235 443 De
1256 407 1385 457 oppidi
1405 410 1481 447 situ
1499 410 1570 448 Ph.

119 456 323 497 Cluverius
344 456 424 495 Sic.
447 457 540 497 Ant.
562 457 666 496 L.11.
688 459 841 507 p.386.
900 459 1040 500 Wnss‚

229 515 338 554 712.
370 514 441 554 10.
481 512 731 566 Συμμαχίαν
766 512 872 569 πρὸς
909 511 1114 569 ἀλλήλους
1149 514 1423 571 ἐποιήσαντο]
1470 520 1566 561 Vide

114 581 208 609 mox
226 582 261 610 c.
278 571 382 610 101.
439 569 578 610 Wsss.

229 628 336 667 712.
373 627 393 666 l
406 627 443 666 l·
468 622 668 675 ’Ήλπιζον
683 648 741 655 -—
759 623 1011 678 ἀμυνεῖσθαι
1025 650 1075 658 -
1088 628 1157 669 καὶ
1176 651 1223 658 -
1240 627 1566 685 ἀντιτάξασθαι]

111 681 282 720 Verbum
302 680 470 730 ἐλπίζω,
509 684 610 720 sicut
630 689 671 720 et
689 683 864 733 νομίζω,
891 691 930 722 et
958 687 1037 722 alia
1067 686 1237 724 eiusdem
1262 688 1410 725 farinae
1438 692 1567 741 iungit

112 750 225 788 saepe
254 737 318 775 hic
343 737 485 775 author
511 740 657 776 aoristo
687 740 895 787 infinitivi,
936 747 980 778 ut
1001 748 1116 780 antea
1146 743 1281 780 docui:
1320 747 1409 793 quia
1437 752 1566 784 tamen

111 795 322 843 praecessit
336 790 603 845 ἀμυνεῖσθαι,
624 796 862 844 reposuerim
882 797 1058 835 lubenter
1073 794 1378 846 ἀντιτάξεσθαι.
1409 799 1564 840 Smm.

108 848 202 888 Non
219 862 489 900 repugnarem,
507 853 542 889 si
558 853 625 901 qui
645 853 812 902 scriptus
827 853 927 890 liber
945 855 1047 892 viam
1068 862 1313 893 monstraret.
1353 856 1438 894 vid.
1459 871 1562 908 supr.

110 917 145 944 c.
167 905 240 947 14.
296 905 433 944 Wnss.

223 963 329 1003 712-
362 963 435 1004 14.
481 960 535 1004 Οἱ
565 960 611 1003 δὲ
640 960 688 1004 τὸ
717 960 908 1014 Λέχαιον
938 965 1014 1017 τῆς
1041 963 1260 1018 Κορίνθου
1298 965 1564 1020 κατέχοντες]

108 1013 287 1056 Retineri
309 1017 383 1056 hoc
402 1025 554 1068 potest,
590 1022 663 1058 etsi
682 1033 760 1059 non
779 1021 988 1058 absurdum
1005 1019 1197 1072 Λέχαιον
1219 1024 1295 1075 τῆς
1317 1024 1564 1076 Κορινθίας.

105 1072 324 1112 Lechaeum
350 1076 546 1114 vocabant
575 1073 650 1115 τὸν
681 1074 825 1128 λιμένα
855 1074 929 1116 τὸν
960 1075 1269 1128 Κορινθιακὸν,
1303 1082 1361 1117 uti
1386 1081 1492 1118 infra
1519 1082 1562 1120 L.

107 1129 246 1171 XXu.
272 1130 493 1182 Eclog.12.
553 1130 812 1171 Coniunctum
840 1140 923 1170 erat
944 1134 1030 1171 urbi
1050 1136 1193 1181 muris,
1223 1135 1271 1172 ab
1294 1141 1457 1185 utroque
1476 1139 1564 1175 viae

108 1187 230 1224 latere
258 1188 301 1225 in
327 1189 446 1226 altum
474 1188 623 1226 eductis
644 1196 682 1226 et
702 1189 894 1238 quandam
922 1190 1031 1238 quasi
1053 1196 1198 1238 partem
1214 1189 1392 1230 Corinthi
1412 1196 1563 1232 consti-

108 1243 253 1281 tuebat.
310 1242 399 1281 vid.
422 1243 607 1284 strabon.
627 1243 670 1281 L.
683 1244 784 1282 Vffl.
806 1257 842 1294 p.
857 1246 960 1286 583.
1018 1245 1156 1285 VVESS.
1367 1284 1369 1286 .

221 1301 326 1340 712·
359 1302 434 1340 21.
478 1298 590 1348 Τοὺς
616 1300 835 1348 πλείστους
866 1299 1051 1352 ἀνεῖλον]
1096 1299 1206 1338 Conf.
1237 1300 1490 1352 Xenophont.
1519 1304 1564 1343 L.

104 1353 172 1392 IV.
202 1354 356 1394 Hellen.
381 1357 535 1405 p.4l3.
604 1356 690 1393 Hoc
719 1358 866 1395 factum
895 1360 1042 1408 gloriae
1071 1357 1274 1405 Iphicratis
1303 1361 1562 1399 accessionem

106 1408 209 1448 haud
229 1413 408 1463 exiguam
426 1412 533 1450 fecit.
565 1412 718 1450 Passim
737 1413 783 1450 ab
801 1415 1021 1451 oratoribus
1041 1415 1257 1452 celebratur
1278 1412 1346 1453 διὰ
1367 1413 1413 1455 τι)
1434 1431 1563 1456 κατα-

105 1462 314 1520 κεκόφθαι
339 1463 406 1506 ὗιί
440 1465 569 1508 αὐτοῦ
600 1465 678 1520 τὴν
703 1464 843 1522 μόραν
863 1468 1063 1509 Demosth.
1084 1472 1125 1507 in
1145 1470 1372 1508 Aristocrat.
1394 1473 1563 1520 p.435.‚

104 1522 290 1564 Aeschin.
322 1524 412 1563 adv.
443 1523 685 1573 ctesiphont.
717 1539 755 1575 p.
781 1528 852 1566 88.
879 1532 918 1562 et
935 1524 1133 1563 Dinarcho
1155 1522 1278 1563 contr.
1299 1526 1499 1565 Demosth.
1522 1541 1558 1577 1)-

106 1580 203 1626 99.‚
242 1585 440 1629 praeterea
458 1579 688 1629 Harpocrat.
702 1582 745 1618 in
763 1577 938 1625 Ξενικόν
954 1580 996 1620 ἕν
1017 1581 1219 1636 Κορίνθῳ
1248 1595 1298 1619 ex
1314 1583 1558 1621 Androtione

104 1641 145 1672 et
162 1634 408 1675 Philochoro.
457 1635 641 1675 Caussam
660 1636 750 1675 vide
769 1650 792 1674 a
811 1636 915 1677 Plut.
936 1640 1148 1688 expositam
1168 1640 1211 1676 in
1235 1638 1380 1690 Agesil.
1399 1652 1437 1688 p,
1456 1642 1562 1681 607.

103 1689 152 1731 F.
210 1690 347 1729 Wnss.

218 1749 324 1788 713.
357 1749 433 1788 23.
464 1744 555 1787 Ἐπὶ
579 1745 713 1795 (ozeae
732 1743 1014 1802 στρατεύσας]
1061 1748 1249 1787 Phliunta
1270 1751 1475 1801 intelligit,
1518 1759 1562 1790 ut

104 1816 154 1841 ex
172 1802 459 1854 Xenophonte,
491 1805 557 1842 sed
581 1805 866 1855 expeditionem
896 1808 936 1842 in
961 1807 1132 1843 anterius
1152 1813 1302 1854 tempus
1323 1809 1560 1856 conferente,

102 1858 194 1898 Rer.
213 1859 282 1898 Gr.
303 1860 419 1899 1..lv.
440 1873 477 1911 p.
490 1862 600 1901 409.
632 1862 804 1899 videbis:
846 1874 958 1911 quam
986 1861 1140 1912 quidem
1168 1863 1298 1899 urbem
1332 1860 1463 1910 (D).ch
1492 1869 1558 1912 qui

103 1917 249 1957 dixerit
278 1918 404 1964 alius,
436 1929 516 1954 non
548 1917 742 1955 recordor.
801 1916 1071 1968 Cogitaveram
1101 1916 1165 1956 ἐπὶ
1202 1917 1451 1968 Φλιασιόνς,
1494 1928 1561 1958 aut

102 1971 168 2012 ἐπὶ
191 1970 422 2021 Φλιασίαν,
456 1974 646 2024 quomodo
667 1972 807 2011 Strabo
829 1973 872 2010 L.
887 1972 988 2010 vul.
1006 1987 1043 2023 p.
1058 1974 1162 2014 586.
1194 1980 1232 2010 et
1250 1973 1424 2011 Eustath.
1451 1977 1490 2012 in
1515 1976 1557 2013 ll.

101 2029 155 2069 Β.
174 2030 346 2080 1).29l.,
372 2030 712 2080 probaveramque,
738 2031 780 2067 ni
800 2031 1110 2067 intercessissent
1131 2030 1376 2067 membranae
1398 2039 1558 2069 veteres.

102 2084 241 2124 Wnss.
1393 2112 1398 2116 .

217 2141 323 2182 713.
347 2141 421 2182 30.
463 2135 551 2194 Τήν
576 2156 621 2181 τε
656 2137 884 2194 Κόρινθον,
920 2135 997 2192 τήν
1024 2137 1058 2180 τ’
1082 2136 1228 2191 ἀκρόπ.
1255 2137 1555 2193 κατελάβοντο]

101 2194 210 2234 Haec
241 2199 392 2247 placere
423 2210 502 2235 non
532 2205 705 2248 possunt.
774 2197 924 2247 Opinor
945 2198 1237 2235 amanuensium
1271 2199 1556 2245 inprudentiam

102 2259 184 2291 tres
203 2257 352 2302 priores
370 2267 487 2292 voces
507 2255 619 2292 nobis
640 2254 876 2303 procudisse,
906 2267 954 2290 ex
978 2254 1291 2301 praecedentibus
1316 2256 1557 2305 negligenter

100 2312 300 2358 repetitas.
365 2310 521 2359 Alioqui
551 2323 637 2348 cum
667 2308 947 2347 Rhodomanno
976 2310 1221 2347 scribendum
1252 2312 1371 2347 fuerit
1411 2306 1483 2362 τήν
1513 2327 1554 2350 τε

100 2364 345 2419 Κορινθίων
364 2362 590 2416 ἀκρόπολιν
611 2361 900 2415 κατελάβοντο.
961 2366 1097 2403 WEss.

215 2423 321 2463 713.
357 2423 430 2462 32.
467 2418 628 2475 Χώραν
652 2420 852 2475 Ἀργείαν
886 2420 1105 2474 ἐποίησαν]
1147 2420 1367 2471 Xenophon
1398 2420 1436 2461 οἱ
1461 2419 1554 2473 Ἀρ-

100 2480 200 2530 γεῖοι
230 2475 308 2530 τὴν
338 2474 555 2531 Κόρινθον
576 2475 724 2530 Ἄργος
750 2476 990 2529 ἐπεποίηντο
1028 2486 1124 2515 extr.
1153 2478 1274 2515 L.1v.
1297 2477 1388 2515 Rer.
1415 2478 1552 2515 Graec.

101 2533 250 2583 Nempe
278 2536 477 2584 utriusque
506 2536 678 2573 civitatis
705 2536 849 2571 limites
874 2535 1140 2580 revulserant,
1180 2534 1479 2583 edixerantque,
1512 2541 1555 2571 ut

101 2602 181 2628 una
200 2590 405 2641 eademque
425 2598 666 2637 censeretur,
694 2589 961 2640 Corinthiique
982 2593 1021 2627 in
1042 2593 1102 2627 ius
1122 2591 1290 2641 Argivae
1319 2591 1552 2637 reipublicae

102 2646 383 2695 concederent,
418 2647 550 2685 eodem
584 2659 620 2695 p.
640 2648 746 2687 407.
787 2646 928 2683 indice.
985 2645 1079 2683 Mox
1118 2644 1434 2695 καταλαβέσθαι
1476 2644 1551 2696 τὴν

97 2698 244 2754 χώραν
262 2715 342 2740 non
366 2703 516 2741 damno.
562 2702 724 2740 Videtur
742 2702 954 2751 Iphicrates
975 2715 1110 2753 agrum
1131 2701 1384 2748 Corinthium,
1413 2704 1553 2751 ipsam-

102 2769 176 2806 que
196 2759 239 2796 in
256 2771 302 2796 eo
321 2759 469 2807 urbem,
489 2758 651 2804 Athenis
669 2761 749 2797 suis
770 2760 941 2797 voluisse
959 2771 1143 2806 asserere,
1165 2764 1423 2807 opportunum
1443 2771 1550 2806 pror-

102 2827 169 2852 sus
186 2814 235 2852 ad
255 2814 441 2853 Graeciae
457 2815 719 2864 occupandum
747 2816 968 2863 imperium:
1006 2827 1103 2864 quae
1120 2816 1282 2852 fortasse
1306 2816 1420 2850 etiam
1444 2827 1554 2850 caus-

103 2883 166 2918 sa,
206 2871 254 2908 ob
277 2884 390 2922 quam
409 2872 549 2923 Argivi
569 2873 676 2910 illum
699 2878 738 2909 et
755 2873 1013 2910 mercenarios
1029 2871 1182 2912 domum
1200 2871 1438 2917 dimiserint,
1478 2867 1551 2908 οὐ-

1169 2928 1276 2968 50*
