1828 3253
433 229 495 271 ΙΝ
535 228 648 270 ΙΛΒ.
687 227 768 270 xl.
807 226 936 269 CAP.
967 229 1195 272 29.·-81.
1450 231 1541 278 513

206 344 314 385 427.
347 344 419 385 19.
434 340 538 383 -Καὶ
556 338 938 394 καταβληθέντων]
965 340 1084 378 Addit
1102 339 1317 393 Lyeurgus,
1345 337 1425 383 ὖπό
1454 345 1538 383 τῶν

94 397 347 451 βαρβάρων,
383 396 647 449 ροπο;οὐὸ”ὲν
679 396 859 437 ἄνοικοι).
888 394 1164 437 παντάπασιν·
1204 406 1399 447 praeterea
1427 397 1536 438 ἐάσω

97 456 434 503 καταλείπεσθαι,
462 467 542 492 non
560 466 700 505 magno
719 454 953 490 discrimine.
989 452 1178 500 Muretus,
1206 457 1270 502 qui
1290 457 1330 491 in
1350 457 1536 494 vertendo

97 512 166 548 hoc
189 512 432 550 iureiurando
450 509 674 557 offenderat,
693 523 715 547 a
738 509 924 547 Lambino
944 512 1084 547 erroris
1103 510 1337 557 admonitus,
1363 513 1536 550 eumdem

95 571 296 606 monitoris
324 569 430 606 nulla
457 570 650 604 mentione
679 567 802 613 facta,
832 568 1001 603 correxit
1021 564 1062 603 L.
1084 565 1151 606 111.
1174 565 1263 603 Var.
1281 565 1384 604 Lect.
1410 581 1441 606 c.
1467 571 1534 609 10.

98 624 234 663 wass.

207 680 316 719 428.
345 677 430 719 31..
469 675 553 717 Καὶ
582 674 699 728 τείχει
729 676 876 732 ’ξυλίνω
917 675 1182 728 περιέβαλεν]
1237 675 1370 716 Scribe
1409 678 1540 731 περιί-

96 737 236 786 λαβεν·
264 736 305 772 id
325 737 427 772 enim
455 735 496 772 in
524 747 629 772 more
655 733 768 770 habet
798 741 911 783 atque
936 747 1023 774 usu.
1063 734 1189 784 Supra
1217 747 1249 773 c.
1270 737 1344 774 20.
1373 751 1440 774 και
1468 733 1539 775 τά·

96 806 191 845 φρω
210 792 367 846 βαθεῖα
389 790 456 829 καὶ
460 790 600 857 τείχει
625 789 772 844 ξυὶίνω
792 788 1015 856 περιέλαβε.
1046 788 1099 826 Et
1120 805 1153 828 c.
1175 792 1251 831 21.
1284 805 1431 846 ‘caqpm
1460 795 1539 842 βα-

95 847 192 902 θείᾳ
211 846 278 886 καὶ
297 841 572 899 χαρακώματι
593 832 836 896 περιλαβων.
867 846 966 883 'lum
988 859 1019 884 c.
1041 846 1112 886 34.
1141 846 1208 885 καὶ
1241 847 1387 902 ξυὶιιῳ
1421 848 1538 898 τείχει

98 903 166 942 καὶ
195 899 352 970 τάφρῳ
371 901 529 958 βαθᾸεια
559 901 802 953 περιέλαβον
833 898 972 949 αὐτάς.
1013 901 1188 952 Denique
1216 917 1249 940 c.
1272 906 1342 944 89
1375 903 1442 942 καὶ
1466 918 1538 943 πε-

97 955 279 1011 ριλαβών
302 956 444 1010 αὐτὴν
452 944 652 1012 ἀξιολόγῳ
671 958 803 1009 τείχει.
834 960 953 1007 Quae,
966 970 1013 996 ex
1033 971 1111 997 uno
1131 959 1202 997 hoc
1221 959 1322 997 libro
1342 967 1538 1011 congesta,

96 1017 264 1053 auctoris
286 1014 600 1052 consuetudinem
621 1015 810 1052 uberrime
830 1017 998 1065 signant.
1039 1015 1177 1053 VVEss.

208 1072 316 1112 428.
337 1071 409 1110 32.
434 1066 636 1123 Ἀριθμὸς
655 1073 737 1110 τῶν
753 1066 968 1123 εΕλλήνων
984 1071 1041 1117 εἷς
1060 1070 1159 1111 ὸὲκα
1175 1066 1403 1124 μυριάδας]
1422 1069 1540 1108 Tam-

97 1129 169 1164 etsi
188 1139 299 1176 saepe
319 1134 431 1165 antea
449 1127 693 1165 observatum
714 1127 776 1175 sit,
808 1140 887 1164 non
905 1130 974 1165 uni
997 1126 1207 1166 Diodorum
1233 1127 1438 1165 adhaerere
1460 1127 1540 1164 He-

97 1183 255 1230 rodoto,
291 1183 381 1220 haec
411 1184 665 1231 liquidissimo
695 1157 903 1221 declarant.
943 1183 1162 1221 Herodotus
1184 1185 1285 1221 enim
1309 1184 1349 1222 Ι.
1373 1182 1441 1220 ΙΧ.
1463 1185 1522 1224 3⁸..
1497 1186 1536 1220 ”-

98 1238 144 1275 de
157 1238 327 1286 Graecis,
347 1240 416 1276 sub
431 1239 651 1277 Mardonii
640 1240 798 1289 imperio
818 1242 858 1276 in
877 1242 1078 1289 populares
1097 1241 1144 1277 ad
1166 1239 1340 1277 Plataeas
1364 1252 1479 1290 pugn
1471 1253 1541 1277 ἰη-

97 1296 222 1342 tibus,
243 1297 327 1334 τῶν
346 1288 416 1334 (1ζὲ
423 1291 533 1346 Βλῆ
539 1309 619 1334 νων
637 1298 719 1334 τῶν
740 1295 989 1346 ΖῑἸαρὸονίου
1012 1292 1241 1346 σιιιμάχων
1269 1292 1352 1335 οιὸε
1371 1295 1447 1346 μὲν
1467 1294 1540 1335 οὐ·-

98 1350 180 1398 ὸεὶς
198 1346 396 1403 αριθμόν
419 1348 487 1401 (οὐ
510 1346 588 1403 γὰρ
613 1366 671 1390 ιυν
690 1347 1017 1417 ἠριθμήθησαν)
1052 1347 1108 1398 ὥς
1131 1351 1174 1391 de*
1196 1348 1410 1390 ἀπεικάσαι
1440 1350 1541 1399 ἐστὶ,

99 1406 140 1453 ἐς
171 1404 287 1446 πὲιτε
315 1403 519 1460 μυριάδας
547 1406 789 1459 συλλεγῆναι
810 1402 966 1456 εἶκαζω.
993 1405 1104 1444 Unde
1123 1421 1215 1445 vero
1237 1414 1369 1444 auctor
1388 1416 1540 1445 centum

99 1462 194 1501 haec
215 1464 349 1510 millia,
373 1476 458 1500 cum
479 1462 714 1510 Herodotus,
751 1464 810 1501 illi
832 1465 994 1514 tempori
1013 1467 1224 1512 proximus,
1252 1474 1299 1500 ex
1320 1465 1542 1502 coniectura

99 1522 377 1570 quinquaginta
394 1519 607 1569 prodiderit
622 1520 757 1567 millia,
779 1523 983 1569 acceperit,
1004 1533 1080 1558 non
1102 1521 1247 1557 divino,
1275 1520 1325 1557 W
1330 1530 1409 1556 Ess,
1431 1521 1542 1563 Quod

101 1577 148 1613 ad
161 1577 261 1613 hune
273 1578 396 1613 locum
415 1574 649 1624 adscriptum
669 1576 758 1623 fuit,
779 1573 960 1630 αρρητον
983 1572 1162 1626 ἄιιεινον.
1183 1576 1340 1624 Spectat
1359 1575 1542 1623 Graecos,

103 1634 170 1681 qui
199 1640 333 1669 contra
362 1630 605 1670 Mardonium
634 1638 831 1669 steterunt
872 1629 968 1669 Vide
997 1630 1371 1672 Her0‹lot.1X.3O.
1410 1644 1542 1682 quam-

102 1701 214 1738 quam
236 1695 274 1725 et
298 1690 380 1725 eius
409 1701 590 1725 numerus
608 1690 768 1726 auctior.
805 1688 942 1725 IDEM'
932 1702 972 1726 m
996 1688 1093 1725 Add

213 1745 320 1785 428
341 1744 415 1784 44
434 1738 605 1783 ’Ἠιτοιν
625 1742 731 1783 κατὰ
751 1740 877 1795 τάχος
893 1739 1129 1797 βοήθειαν]
1155 1741 1230 1782 Pro
1250 1738 1455 1795 βοηθειαν
1474 1758 1542 1796 ge-

100 1803 220 1839 nuino
246 1803 400 1850 propius
420 1800 573 1838 videtur
589 1794 842 1867 βοηθήσειν,
880 1812 992 1849 quam
1021 1802 1260 1851 βοηθῆσαι,
1298 1803 1339 1837 in
1368 1804 1540 1852 margine

100 1857 326 1907 appositum.
357 1855 494 1893 RHOD.
532 1855 655 1895 Λατα
674 1850 799 1906 τάχος
816 1852 1074 1908 βοηθήσειν]
1115 1856 1198 1904 Ope
1226 1863 1397 1894 veterum
1424 1855 1542 1895 Codd.

99 1913 263 1951 correxi.
297 1912 404 1950 Misit
425 1920 549 1950 autem
565 1912 855 1964 Meoarensibus
874 1912 1046 1950 subsidio
1058 1911 1247 1950 Aristides
1268 1911 1433 1950 validam
1454 1927 1542 1951 suo-

98 1983 183 2008 rum
205 1982 369 2015 manum,
391 1982 509 2019 aqua,
530 1977 719 2018 prostrato
739 1969 909 2019 equitum
924 1968 1124 2006 Persarum
1146 1969 1338 2016 praefecto
1355 1968 1544 2017 Masisfio,

97 2026 220 2076 fugati
254 2024 421 2065 barbari.
452 2024 680 2063 Plutarchus
708 2024 877 2062 Aristide
906 2036 942 2074 p.
966 2026 1072 2065 327.
1099 2031 1137 2062 et
1156 2022 1341 2064 Herodot.
1368 2024 1444 2062 IX·
1469 2027 1543 2066 21.

101 2082 241 2120 ἊἘεε.

209 2138 316 2177 428-
350 2138 422 2178 60.
467 2131 528 2177 Οὐ
559 2134 638 2190 γὰρ
666 2128 719 2190 ἦν
750 2134 814 2176 ἐπὶ
843 2133 948 2176 πολὺ
977 2137 1110 2188 μῆκος
1132 2135 1404 2188 παρεκτείνειν
1435 2135 1540 2189 etc.]

99 2194 177 2232 Res
203 2200 311 2244 gesta
331 2201 389 2230 est
404 2194 527 2231 aliter.
565 2193 711 2230 Auctor
735 2194 824 2230 dum
847 2194 974 2231 brevis
996 2205 1078 2230 esse
1098 2195 1195 2239 vult,
1226 2194 1349 2229 multa
1368 2195 1543 2244 negligit,

101 2253 176 2288 alia
207 2252 362 2296 miscet,
398 2248 671 2298 obscuriusque
692 2252 880 2299 praelium
901 2250 1135 2300 exsequitur.
1174 2247 1237 2290 'l'u
1260 2249 1349 2287 vide
1369 2248 1544 2287 Herodo-

103 2314 184 2345 tum
208 2305 279 2343 lX.
306 2308 375 2346 58.
415 2305 554 2345 Wnss.

214 2363 320 2402 428.
351 2362 424 2401 77.
458 2356 706 2414 111αρὸόνιος
727 2355 1022 2413 ἀγωνιζόμενος
1042 2354 1238 2411 ε’κθύιιως
1258 2357 1402 2410 ἔπεσε]
1435 2358 1542 2398 Con-

102 2419 273 2456 sentiunt
293 2419 462 2467 plerique
483 2430 626 2455 omnes.
659 2416 805 2454 Tamen
826 2417 995 2454 lustinus
1009 2416 1052 2453 ΙΙ.
1073 2417 1142 2456 14
1166 2416 1267 2453 Nam
1289 2419 1419 2454 vnctus
1430 2417 1544 2455 Mur-

104 2476 243 2513 danius
263 2475 388 2511 veluti
409 2487 458 2510 ex
477 2474 699 2523 naufragio
719 2487 805 2511 cum
819 2475 969 2525 paucis
984 2471 1186 2540 profugit.
1214 2473 1266 2509 Et
1288 2471 1435 2511 Ctesias
1450 2474 1544 2512 Per-

105 2534 171 2568 sic.
193 2544 225 2567 c.
249 2530 322 2569 05.
347 2525 481 2582 ᾳεύγει
502 2529 829 2580 τραυματισθεὶς
848 2544 914 2567 και
936 2524 1195 2596 ,Μαρδόνιος
1230 2527 1365 2566 Wssss.

218 2586 326 2626 429.
369 2587 439 2625 86
485 2585 570 2624 Καὶ
601 2581 807 2636 σύντομον
837 2583 912 2636 τὴν
943 2579 1203 2637 ἀναχώρησιν
1243 2578 1542 2636 ποιησαμενος]

105 2641 195 2679 Scio
223 2642 314 2690 quid
335 2639 595 2678 defendendae
618 2640 705 2678 huic
737 2643 949 2689 scripturae
967 2640 1111 2678 adferri
1131 2642 1270 2689 possit:
1308 2642 1458 2678 mallem
1486 2648 1545 2678 ta-

104 2711 193 2736 men
226 2694 422 2737 σύντονον
449 2693 524 2748 τὴν
556 2693 841 2749 ἀναχώρησιν,
880 2704 923 2734 ut
953 2696 994 2733 L.
1016 2695 1130 2734 xlx.
1154 2699 1228 2736 26
1253 2693 1451 2735 σύντονον
1471 2695 1547 2748 τὴν

105 2753 273 2822 πορείαν
295 2765 548 2802 ποιουμενος.
581 2753 742 2802 Appian.
763 2753 808 2789 V.
829 2753 909 2789 Bel.
931 2751 1044 2790 Civil.
1067 2763 1102 2801 p.
1120 2753 1264 2793 1185.
1297 2748 1481 2806 συντόιῳ
1503 2751 1548 2792 δὲ

106 2807 248 2865 δρόμοι
270 2804 554 2874 περιέσπέραν
572 2805 891 2858 καταὶαβόντες.
922 2809 1023 2846 Plut.
1042 2806 1168 2845 Crass.
1191 2821 1225 2858 p.
1255 2809 1357 2847 557.
1378 2806 1425 2844 D.
1457 2807 1543 2847 αλλ’

107 2863 218 2921 ὀξειά
249 2864 316 2904 {aaz
349 2860 533 2918 συντόνιο
559 2877 770 2915 χρωμενος
798 2867 848 2920 τῇ
880 2863 1035 2922 πορεία.
1071 2862 1193 2903 Favet
1221 2862 1311 2901 huic
1340 2865 1548 2913 suspicioni

168 2907 322 2960 Vo1..1.
1269 2920 1328 2961 33
