1828 3253
419 185 482 224 lN
514 181 627 223 LlB.
659 181 734 220 lV.
773 179 902 220 CAP.
933 183 1006 224 82.
1038 182 1111 223 83.
1419 186 1511 227 399

187 301 293 342 326
308 300 380 340 70
409 292 567 350 Διόπερ
582 317 629 324 -
640 291 851 347 Ἐρυκίνην
870 291 1180 362 ὀνομασθῆναι]
1203 295 1398 335 ldxerius.
1410 296 1514 337 Satis

75 357 177 395 enim
201 354 483 395 inconmodum'
489 353 560 390 hoc
579 352 730 402 quidem
750 353 835 389 loco
854 347 1071 400 ὀνομασαι.
1101 352 1308 402 Apollonio
1329 353 1391 392 lv.
1406 356 1513 396 917.

74 415 250 451 sollemni
273 415 393 462 poetis
414 405 617 462 71907r'qm
641 408 769 446 Venus
787 405 1054 461 ,9280'1392209
1072 407 1290 459 μεὸέουσα.
1321 411 1371 448 W
1375 422 1455 452 Ess.

189 482 294 522 326
326 482 397 521 76.
440 474 647 518 Οὐδέποτε
678 474 826 516 διέλιπε
855 470 1084 543 τιμώμεῖιον
1096 506 1108 525 ,
1137 473 1241 516 ἆὶλὰ
1263 476 1362 530 etc.]
1404 478 1516 517 Stra-

76 537 190 575 bonis
210 544 332 574 aetate
351 548 459 573 secus
482 541 574 573 erat.
603 532 711 573 Νυνὶ
735 531 774 572 ὸ)
809 528 944 584 ὥσπερ
970 530 1073 584 αι’τὴ
1101 528 1126 584 ἡ
1151 534 1361 582 κατοικία,
1391 536 1517 585 inquit

75 593 119 631 L.
140 593 203 630 Vl.
223 607 258 643 p.
281 593 386 634 418.
404 591 460 638 Β.,
492 590 728 641 λειπανδρεῖ
745 588 812 628 καὶ
832 586 876 627 τὸ
906 586 1027 639 ιερόι,
1043 589 1109 627 καὶ
1136 592 1217 628 τῶι
1240 588 1358 642 ἱερῶν
1381 587 1520 643 σωμά-

76 665 160 690 των
180 648 246 688 ἐκ)
250 647 379 689 ε’λοιπε
399 645 445 688 τὸ
469 648 645 700 πλῆθος.
679 646 792 684 Nunc
812 651 855 684 ut
876 647 1057 696 oppidum
1080 647 1142 692 id,
1169 646 1300 697 Eryx,
1327 660 1391 685 zu
1394 662 1438 685 01
1442 663 1518 697 um,

77 709 137 744 ita
167 706 348 757 templum
377 717 528 756 quoque
559 705 811 741 sacerdotum
845 702 1005 739 laborat
1030 705 1228 754 penuria,
1266 705 1516 744 multitudine

76 775 280 801 servorum
306 773 513 800 sacrorum
541 761 712 798 sublata.
749 759 899 807 Templi
918 759 1112 796 inmensas
1132 773 1221 808 opes
1241 770 1424 799 enarrant
1442 762 1517 799 Ae-

76 820 168 856 lian.
188 819 234 856 de
254 818 420 859 Animal.
441 817 496 856 X.
524 819 594 857 50.
624 823 663 854 et
682 817 846 869 Pausant
864 814 964 853 Vlll.
987 816 1060 855 24.
1083 829 1118 865 p.
1140 818 1244 856 046.
1270 816 1404 855 Paullo
1424 826 1516 856 ante

76 877 161 914 τῶν
193 873 235 922 ἕξ
264 873 414 922 αἰῶνος
449 875 545 912 bene
564 873 622 913 C1.
643 873 853 919 wetsten.‚
891 879 935 909 ut
961 871 1174 923 Dionysius
1200 872 1229 910 1.
1261 873 1305 911 A.
1339 873 1387 914 R.
1418 888 1455 924 p.
1476 877 1517 915 3.

74 927 185 984 μόνη
206 934 290 971 τῶν
308 930 351 970 ἐκ
371 933 444 971 τοῦ
467 927 622 977 παντὸς
643 929 804 976 αἰῶνος.
840 927 971 966 WEss.

191 999 297 1040 326.
322 999 394 1040 83.
424 993 551 1038 Μετὰ
570 997 615 1038 δὲ
634 999 766 1037 ταῦτα
790 991 1082 1048 Καρχηδόνιοι]
1109 994 1198 1034 Non
1218 1011 1350 1035 omnes
1370 1005 1516 1047 tamen3

79 1056 269 1107 siquidem
293 1055 489 1093 Hamilcar
509 1052 668 1092 Veneris
689 1055 871 1102 templum
898 1053 1104 1103 expilavit,
1134 1055 1297 1103 pecunia
1324 1057 1425 1092 inter
1447 1059 1520 1093 mi-

78 1115 169 1152 lites
197 1125 287 1150 suos
312 1110 460 1158 divisa,
489 1113 564 1150 etsi
587 1123 667 1149 non
695 1113 860 1161 inpune,
891 1112 924 1147 si
954 1110 1048 1147 fides
1067 1109 1228 1148 Aeliano
1256 1112 1282 1149 l.
1307 1124 1339 1148 c.
1383 1112 1519 1150 Wsss.

194 1181 301 1221 326.
330 1180 402 1220 89.
439 1176 505 1218 Ἐν
524 1183 616 1226 ταῖς
639 1174 831 1229 πράξεσιν
860 1175 1057 1228 ἐπιτυχεῖς
1077 1175 1220 1231 ὄντες]
1253 1178 1522 1228 Adscripserat

81 1236 132 1275 H.
161 1236 401 1286 Stephanus,
434 1242 477 1273 ut
505 1234 729 1274 Camusatus
757 1241 886 1280 notat,
923 1235 1090 1285 margini
1113 1233 1215 1273 Clar.
1239 1237 1281 1275 2.
1320 1234 1520 1287 ἐπιτυχεῖς

80 1290 195 1340 ὄντες
213 1306 257 1330 eo
278 1292 356 1330 dici
375 1293 501 1340 modo,
521 1304 597 1342 quo
614 1293 839 1344 περιαλγεῖς
859 1287 972 1336 ὄντες
993 1298 1082 1328 sunt
1101 1288 1140 1330 οἳ
1160 1288 1519 1344 περιαλγήσαντες.

80 1350 182 1401 quod
203 1362 336 1387 verum
363 1356 433 1386 est.
464 1347 550 1386 Rex
570 1344 770 1401 εἰρηνικὸς
791 1345 859 1386 καὶ
883 1344 1073 1398 ἐπιτυχὴς
1093 1347 1328 1385 Artaxerxes
1350 1349 1396 1385 ob
1417 1352 1522 1399 pacis

81 1406 253 1444 studium
289 1411 327 1442 et
348 1417 592 1456 prosperum,
631 1417 706 1453 quo
726 1416 817 1442 usus
839 1405 985 1450 fuerat,
1016 1415 1143 1441 rerum
1174 1416 1390 1442 successum
1428 1407 1519 1443 infr.

81 1462 126 1501 L.
157 1461 248 1500 XV.
277 1462 351 1502 93.
395 1461 613 1513 Augustus,
644 1463 707 1499 cui
736 1463 864 1498 omnia
894 1460 988 1497 bene
1012 1468 1229 1508 cesserant,
1258 1459 1449 1514 ἐπιτυχὴς
1481 1461 1522 1510 ἒς

82 1515 218 1559 πάντα
248 1516 305 1558 ὢν
336 1517 510 1568 Appiano
538 1518 580 1556 L.
610 1518 638 1556 1.
663 1516 708 1557 Β.
743 1516 785 1556 C.
816 1529 851 1566 p.
885 1517 988 1557 604.
1021 1524 1059 1554 et
1087 1516 1269 1555 Claudius
1302 1515 1521 1568 Marcellus,

83 1577 223 1613 militia
244 1576 343 1612 felix
366 1577 590 1625 imperator,
623 1570 814 1625 ἓπιτυχῆς
832 1570 885 1613 τὰ
910 1570 1108 1623 πολεμικὰ
1129 1571 1186 1612 ὢν
1217 1574 1339 1612 eidem
1360 1574 1406 1612 de
1426 1574 1522 1612 Bell.

84 1632 246 1681 Hispan.
264 1645 300 1682 p.
323 1632 429 1671 475.
462 1630 547 1669 Hoc
573 1643 723 1677 rarum,
756 1642 841 1668 curn
871 1628 917 1666 de
939 1630 1126 1668 militibus
1153 1631 1320 1668 hostium
1340 1633 1429 1669 telis
1456 1645 1524 1668 ex-

85 1692 244 1740 positis,
267 1695 305 1725 et
336 1688 504 1737 quisine
536 1700 664 1724 errore
694 1693 894 1737 petuntur,
922 1691 1009 1732 τοῖς
1039 1686 1084 1725 δὲ
1104 1686 1312 1738 πολεμίοις
1333 1684 1524 1739 εὔβλητοι

85 1745 152 1784 καὶ
186 1744 382 1796 ἐπιτυχεῖς
407 1740 674 1796 πανταχόθεν
704 1740 818 1790 ὄντες
851 1743 952 1780 idem
980 1743 1141 1794 Appian.
1170 1743 1322 1795 Syriae.
1351 1757 1389 1793 p.
1416 1746 1521 1785 175.

84 1802 224 1841 wssss.

199 1870 306 1910 326.
338 1868 411 1909 95.
451 1863 511 1908 Τὸ
546 1862 798 1921 σκυθρωπὸν
827 1868 900 1918 τῆς
919 1863 1105 1915 ἔξουσίας
1134 1863 1413 1918 ἀποθέμενοι]
1451 1866 1528 1905 Re-

85 1929 200 1964 motis
232 1927 432 1974 potestatis
459 1926 698 1975 insignibus,
733 1925 926 1971 fascibus,
960 1925 1177 1972 securibus,
1204 1925 1416 1962 lictoribus.
1458 1924 1525 1962 Sic

87 1983 281 2029 solebant,
331 1983 480 2031 quoties
508 1982 755 2032 magistratus
785 1982 894 2030 quasi
923 1980 970 2018 ad
1003 1983 1145 2018 amicos
1178 1994 1289 2032 agere
1328 1982 1524 2021 volebant.

90 2037 236 2077 Morem
255 2039 423 2076 illustrat
444 2037 471 2076 ί.
495 2038 648 2086 Lipsius
669 2039 710 2074 in
731 2036 858 2075 Taciti
879 2037 979 2074 Ann.
1000 2037 1048 2076 ll.
1075 2038 1145 2077 53·
1187 2037 1300 2074 Haud
1321 2051 1412 2085 yero
1433 2042 1525 2075 satis

90 2100 193 2141 scio,
232 2107 280 2132 an
309 2107 399 2131 mox
430 2097 632 2145 γυναικῶν
662 2089 816 2144 ὁμιλίαι
851 2095 1014 2143 amplius
1044 2101 1081 2130 et
1109 2095 1338 2131 familiarius
1367 2095 1528 2143 aliquid,

91 2163 202 2201 quam
241 2157 331 2187 sunt
355 2152 565 2200 colloquia,
595 2154 743 2188 innuat.
799 2149 1006 2188 Multitudo
1035 2147 1282 2200 ἱεροδούλων
1310 2154 1526 2203 γυναικῶν,

90 2221 184 2258 quae
203 2219 360 2256 corpore
379 2208 460 2244 illic
479 2214 676 2255 quaestum
692 2207 907 2254 faciebant,
934 2207 972 2243 iel
993 2219 1112 2255 paene
1132 2207 1287 2253 suadet,
1315 2209 1530 2257 patiturque

89 2265 199 2301 vocis
217 2277 319 2300 usus.
357 2262 467 2310 Apud
488 2263 639 2301 Philon.
660 2263 740 2300 lud.
767 2263 794 2300 Ι.
823 2264 898 2301 vit.
929 2263 1026 2301 Mos.
1059 2277 1093 2313 p.
1121 2264 1225 2303 648.
1248 2262 1289 2302 C.
1328 2276 1397 2300 rex
1421 2263 1529 2301 Moa-

89 2321 254 2357 bitarum
274 2317 471 2370 ἐπιτρέπει
488 2325 579 2366 ταῖς
598 2319 752 2372 γυναιξὶ
775 2317 849 2366 τὰς
870 2315 1032 2370 ὁμιλίας
1062 2318 1164 2371 πρὸς
1187 2317 1258 2366 οἷῗς
1283 2316 1332 2358 ἂν
1354 2318 1529 2359 ἐθέλωσι

91 2377 312 2415 ποιεῖσθαι.
341 2373 446 2412 Satis
465 2377 530 2413 ille
559 2376 711 2427 quidem
732 2376 985 2425 inpudenter,
1026 2376 1092 2413 sed
1111 2376 1159 2413 ad
1187 2376 1286 2413 hunc
1317 2378 1440 2414 locum
1464 2391 1529 2427 op-

91 2441 264 2482 portune.
299 2430 432 2468 WVEss.

206 2500 310 2539 326.
332 2501 374 2538 2.
406 2500 700 2553 Χρυσοᾳορεῖν
724 2521 771 2528 —
799 2521 846 2528 -—-
867 2501 916 2554 τῇ
932 2498 1173 2554 Ἀφροδίτῃ]
1205 2500 1390 2545 Diodoro,
1410 2512 1530 2548 quan-

92 2563 173 2593 tum
190 2554 383 2601 recordor,
400 2562 678 2609 χρυσοφορεῖν
697 2570 891 2608 nunquam
916 2565 1022 2594 notat
1040 2570 1180 2594 aarum
1201 2558 1311 2593 alteri
1330 2558 1532 2603 conferre,

94 2612 159 2649 sed
180 2625 294 2649 aureo
312 2619 448 2648 ornatu
469 2614 780 2662 conspiciendum
800 2627 839 2650 se
859 2614 1049 2661 praebere.
1080 2614 1172 2651 Infr.
1194 2613 1237 2652 L.
1263 2614 1305 2650 V.
1327 2614 1400 2652 16
1431 2628 1531 2663 χρπ-

95 2670 321 2735 σοᾳοροῧσι
351 2666 384 2706 δ’
416 2663 568 2718 ὁμοίως
594 2674 685 2716 ταῖς
706 2671 844 2722 ywat'g
851 2686 882 2716 ι,
913 2668 988 2708 π).
957 2685 1018 2722 σιν
1045 2673 1126 2709 τιῦι
1148 2669 1335 2708 ἔνι’(ιτιιικη
1368 2676 1405 2704 et
1424 2669 1533 2705 Xlll.

129 2727 169 2764 2.
200 2721 273 2775 τιζι
294 2723 455 2774 (ἴσθι-[τα
471 2726 555 2774 μαλ
547 2723 662 2777 .ακὴν
685 2729 909 2780 (χωροῦντες
940 2724 1035 2765 καθ’
1070 2742 1140 2765 tru-
1134 2723 1270 2777 -ρῗολξι
1283 2740 1300 2761 ι
1313 2754 1323 2770 .,
1350 2740 1415 2762 και
1433 2740 1532 2775 χιιι-

99 2783 387 2833 σοᾳοροῖ·ττες.
436 2781 560 2824 Quare
589 2784 667 2819 nisi
694 2784 733 2820 id
756 2785 873 2829 velit,
903 2796 966 2820 eas
997 2786 1172 2822 civitates
1201 2784 1310 2819 festis
1339 2781 1532 2830 Erycinae

96 2835 258 2874 Veneris
278 2836 413 2874 diebus
433 2850 547 2874 aureo
569 2839 673 2876 cultu
701 2843 742 2877 in
761 2839 865 2877 Deae
883 2838 1067 2878 honorem
1096 2842 1322 2888 conspicuas
1343 2846 1455 2886 atque
1476 2839 1533 2874 in-
