1828 3253
316 164 376 204 92
778 149 1292 207 ANNOTA'TIONES

315 278 464 327 ociosa,
493 277 683 318 removeri
710 286 860 331 potest,
896 293 942 319 ac
961 281 1062 319 forte
1082 281 1205 322 debet.
1236 280 1370 322 Rnon.
1426 283 1559 322 Potest
1580 288 1750 335 profecto

314 339 397 373 sine
416 337 553 374 damno
573 337 727 385 abesse,
754 344 798 375 ut
826 352 859 377 c.
890 339 973 385 8Ο.;
1001 351 1070 375 nec
1100 339 1225 377 delevi
1246 346 1373 378 tamen
1400 343 1441 378 in
1463 355 1505 379 eo
1532 341 1648 381 Codd.
1669 345 1748 382 dis-

311 405 426 429 sensu
449 393 495 429 ob
525 392 597 431 Xl.
614 396 689 434 27.
720 389 740 433 ὅ
764 393 895 446 δῆμος
914 397 996 434 τῶν
1008 392 1244 447 Ἀθηναίων
1264 394 1490 450 ἀπέστησεν
1517 396 1643 439 αὐτὸν
1665 398 1746 441 ἀπὸ

311 451 386 501 τῆς
406 449 666 502 στρατηγίας.
695 450 830 488 WEss.

422 507 496 546 65.
525 508 596 547 75.
624 506 949 560 Περιποιοῦντα]
981 504 1228 558 ἐμποιοῦντα
1256 509 1341 546 Vat.
1371 515 1409 546 et
1429 508 1529 548 Clar.
1548 513 1591 550 2.
1620 525 1748 562 prave.

308 560 395 600 vid.
415 562 461 602 V.
488 563 560 602 73.
589 571 627 600 et
647 576 727 612 sup.
747 577 778 600 c.
804 565 842 604 1.
867 564 1001 600 Wssss.

422 619 495 660 65.
517 621 588 659 76.
625 620 697 666 Εἷς
717 616 880 659 ἅπαντα
902 615 1131 673 ἀσφάλειαν
1151 618 1241 672 etc.]
1275 620 1436 670 Induxi,
1477 634 1588 671 quam
1608 625 1748 661 intem-

307 677 454 725 pestive
472 678 715 726 ingesserant
733 677 904 723 librarii,
930 678 1284 724 interpretationem
1302 679 1557 728 glossamque‚
1588 675 1748 733 Ἀσφά-

305 732 392 770 steca
409 729 514 783 μετὰ
534 729 750 787 ῥᾳστώνης
777 739 816 769 et
842 735 1085 770 securitatem
1109 740 1147 770 et
1164 734 1380 782 commoda,
1409 747 1504 784 quae
1522 738 1564 773 in
1585 747 1747 784 sequen-

305 788 408 825 tibus
426 792 667 837 exsequitur,
707 790 970 839 conplectitur.
1000 789 1133 826 WEss.

419 847 492 885 66.
526 846 597 886 83.
630 843 698 884 Ἐκ
736 849 811 897 τῆς
839 846 1118 896 Βαβυλῶνος]
1162 845 1300 883 Melius
1330 846 1618 898 Βαβυλωνίας.
1661 846 1747 884 Ηοο

305 903 408 939 enim
435 908 556 939 totam
583 904 843 950 provinciam,
885 900 1075 951 Babyloni
1095 902 1302 940 subiectam
1317 931 1328 950 ,
1364 917 1442 941 una
1462 918 1546 941 cum
1565 905 1658 941 urbe
1680 904 1747 940 de-

305 964 433 995 notat:
460 960 537 995 nisi
557 954 808 1011 κατάχριῑσιν
829 957 1147 1008 synecdochicam
1169 972 1251 995 esse
1272 960 1429 996 dixeris.
1457 958 1590 997 Ruon.

416 1015 488 1054 66.
513 1017 584 1054 86.
612 1012 994 1064 Καταλαβομέιόυς
1018 1013 1171 1065 χωρίον
1200 1013 1416 1067 καρτερὸν]
1447 1016 1489 1052 ln
1511 1016 1746 1065 Heliopolite

303 1068 427 1107 Nomo
452 1070 500 1107 ad
519 1069 765 1107 Bubasticum
785 1084 946 1107 amnem.
1006 1069 1145 1107 Strabo
1166 1068 1292 1109 XVII.
1317 1085 1352 1120 p.
1377 1074 1511 1112 1160.
1545 1070 1745 1126 φρούριον

301 1124 501 1177 ἐρυμνὸν,
532 1129 730 1165 castellum
758 1129 968 1174 munitum,
1004 1133 1042 1163 et
1072 1140 1094 1164 a
1123 1126 1370 1176 Babyloniis,
1405 1131 1469 1177 qui
1489 1129 1746 1177 desciverant,

302 1183 499 1219 conditum
519 1183 715 1231 perhibet:
755 1196 831 1232 qua
849 1186 891 1220 in
909 1197 950 1220 re
969 1182 1140 1220 Diodoro
1162 1184 1400 1231 adsentitur3
1428 1198 1506 1222 non
1532 1188 1621 1222 item
1639 1185 1745 1222 Iose-

301 1238 420 1288 phus,
459 1241 525 1288 qui
557 1239 605 1278 11.
627 1241 719 1278 Ant.
750 1240 781 1280 1.
808 1242 879 1280 15.
903 1242 941 1280 1.
976 1238 1157 1290 Cambysi
1176 1241 1282 1278 urbis
1310 1242 1423 1277 initia
1447 1242 1590 1279 tribuit.
1647 1241 1743 1280 Dixi

299 1297 412 1345 plura
432 1296 481 1332 ad
502 1295 632 1334 Itiner.
646 1297 788 1334 Anton.
809 1310 845 1346 p.
872 1297 972 1337 169.
999 1296 1133 1334 VVESS.

416 1354 490 1392 66.
512 1353 585 1393 91.
614 1352 698 1392 Καὶ
727 1350 804 1405 τὴν
836 1352 1010 1405 Τροίαν]
1046 1352 1266 1390 Accubabat
1291 1355 1411 1390 monti
1443 1352 1584 1390 Troico
1604 1353 1745 1391 fluvio-

301 1419 374 1456 que
402 1408 495 1446 Nilo
524 1422 637 1459 supra
668 1409 897 1458 Memphim,
936 1408 1138 1446 Strabonis
1166 1416 1289 1446 aetate
1308 1423 1450 1460 pagus,
1481 1410 1547 1446 sed
1567 1411 1744 1447 conditus

298 1471 428 1502 tamen
452 1479 476 1502 a
504 1468 690 1514 captivis,
719 1480 812 1516 quos
842 1465 1039 1503 Menelaus
1068 1467 1198 1503 excisa
1218 1465 1336 1503 Troia
1364 1466 1589 1513 abduxerat,
1616 1466 1742 1504 XVII.

299 1533 335 1570 p.
367 1524 501 1562 1162.
559 1521 702 1560 Urbem
734 1522 917 1572 Stephan.
957 1525 998 1559 in
1040 1521 1173 1571 Τροία
1213 1525 1408 1572 agnoscit3
1445 1523 1590 1570 lapides
1610 1522 1744 1560 Troici

299 1581 442 1616 montis
469 1578 632 1618 Ptolem.
670 1580 733 1619 IV.
768 1579 908 1630 Geogr.
945 1580 982 1618 5.
1024 1591 1060 1627 p.
1085 1580 1188 1619 121.
1221 1579 1355 1615 Wnss.
1419 1578 1519 1616 Addi
1550 1587 1675 1627 potest
1700 1582 1743 1616 in

297 1639 443 1674 seriora
461 1643 630 1686 tempora
650 1636 806 1673 durasse
824 1637 864 1672 id
887 1649 1037 1672 nomen.
1093 1635 1202 1672 Certe
1220 1635 1379 1672 Patrum
1399 1634 1744 1686 Apopbthegmata,

297 1705 391 1742 quae
414 1692 625 1730 Cotelerius
657 1692 702 1729 T.
724 1693 752 1729 1.
781 1692 950 1730 Monum.
973 1692 1108 1728 Graec.
1140 1693 1319 1737 inseruit,
1351 1698 1563 1729 memorant
1582 1705 1618 1740 p.
1636 1693 1741 1732 366.

295 1748 448 1803 πέτραν
485 1752 559 1802 τῆς
593 1745 742 1803 Τρώης
780 1757 818 1786 et
836 1763 871 1798 p.
904 1750 1008 1789 371.
1052 1745 1224 1802 Τρώην,
1270 1746 1346 1800 τὴν
1379 1745 1466 1788 ἄνω
1485 1749 1742 1799 Βαβυλῶιός

295 1806 508 1846 κατέναντι
530 1804 757 1858 ΖΙῚέμᾳεως.
788 1805 896 1842 IDEM
927 1808 968 1842 in
999 1804 1096 1842 Add.

407 1866 481 1904 66.
506 1864 580 1902 94.
617 1863 885 1913 Καταλαβεῖν
913 1859 1004 1901 τινὰ
1031 1857 1181 1912 τόπον]
1232 1861 1307 1904 Qui
1337 1859 1653 1911 καταλαβέσθαι
1685 1862 1741 1896 le-

293 1920 461 1973 gendum
482 1926 632 1966 censet,
658 1923 739 1957 eius
760 1932 942 1956 censurae
961 1919 1137 1954 lubenter
1155 1917 1344 1954 accedam.
1374 1915 1508 1953 RHOD.

407 1979 479 2018 66.
500 1978 573 2016 99.
607 1971 955 2029 Παραβαλόντιον
979 1975 1034 2021 εἷς
1053 1971 1288 2026 Αἴγυπτον]
1331 1972 1377 2009 In
1397 1974 1572 2010 omnibus
1593 1974 1739 2010 nostris

293 2035 492 2073 codicibus
509 2035 650 2083 legitur
667 2027 1022 2086 παραλαβόντων,
1055 2043 1170 2079 quum
1202 2032 1444 2078 perspicuum
1469 2032 1519 2067 sit
1565 2031 1643 2080 legi
1674 2030 1740 2066 de-

293 2092 384 2129 bere
416 2084 771 2140 παραβαλόντων,
807 2095 851 2126 ut
877 2094 915 2124 et
940 2089 1106 2137 reposui.
1162 2086 1349 2135 Exempla
1376 2088 1495 2124 multa
1517 2098 1564 2123 ex
1585 2088 1740 2136 praece-

296 2148 475 2185 dentibus
505 2146 640 2184 afferre
667 2157 839 2194 possem:
872 2144 938 2181 sed
964 2157 1041 2181 uno
1071 2149 1275 2181 contentus
1295 2156 1387 2190 ero,
1426 2143 1527 2191 quod
1548 2149 1606 2179 est
1624 2144 1738 2190 paulo

295 2211 406 2251 ante,
441 2203 698 2256 παραβαλεῖν
723 2201 779 2248 εἷς
806 2198 1035 2254 Αἴγυπτον.
1092 2200 1150 2239 Ita
1173 2202 1275 2236 enim
1292 2201 1373 2237 illic
1398 2202 1579 2249 scriptum
1599 2198 1741 2236 habent

296 2274 451 2308 omnes,
489 2273 568 2297 non
594 2259 864 2311 παραλαβεῖν.
898 2256 1050 2294 STEPH.
1104 2252 1471 2310 Παραβαλόντων]
1522 2253 1617 2292 Sine
1645 2268 1738 2292 con-

293 2319 483 2355 troversia
501 2329 635 2353 verum
656 2314 748 2362 hoc,
781 2321 819 2351 et
838 2313 1010 2352 Diodoro
1028 2315 1334 2362 frequentatum,
1358 2319 1402 2349 ut
1421 2315 1534 2349 antea
1557 2324 1635 2360 cap.
1661 2313 1734 2351 12.

297 2375 482 2420 exemplis
510 2378 569 2409 est
597 2372 876 2409 confirmatum.
936 2371 980 2408 ld
1013 2372 1200 2417 demiror,
1245 2381 1375 2405 omnes
1406 2368 1592 2418 Stephani
1619 2366 1737 2403 Codd.

294 2433 336 2468 in
364 2431 521 2466 alteram
550 2442 631 2465 eam
659 2431 887 2478 scripturam
915 2430 1158 2472 coniurasse,
1194 2439 1264 2462 nee
1282 2427 1400 2462 ullam
1422 2431 1549 2461 tamen
1568 2426 1610 2460 in
1629 2426 1738 2470 meis,

296 2498 457 2535 quorum
479 2483 578 2521 Clar.
599 2487 641 2524 2.
663 2491 700 2521 et
721 2483 816 2536 Reg.
834 2490 936 2521 certe
961 2484 1111 2534 quidem
1134 2481 1317 2530 Stephan.
1334 2495 1426 2518 usus
1445 2482 1541 2527 fuit,
1572 2483 1736 2529 scriptu-

291 2556 358 2580 rae
380 2542 675 2588 discrepantiam
693 2543 837 2581 notari..
891 2540 951 2579 De
973 2538 1243 2587 Semiramide,
1278 2537 1495 2589 Aegyptum
1515 2543 1734 2586 occupante.

293 2598 343 2636 ll.
367 2599 439 2639 14.
467 2597 601 2635 Wssss.

409 2656 481 2694 66.
506 2656 547 2693 7.
582 2651 673 2700 Τὰς
698 2651 834 2702 πόλεις
862 2649 1036 2704 ταύτας]
1064 2651 1190 2703 Vulgo
1211 2651 1311 2699 quod
1330 2651 1531 2702 legebatur
1558 2645 1634 2694 τὰς
1655 2642 1734 2685 πό-

294 2712 375 2757 λεις
396 2710 451 2756 εἷς
471 2705 647 2757 ταύτας,
685 2714 786 2748 tueri
814 2725 854 2748 se
884 2723 965 2747 non
997 2711 1160 2760 poterit,
1190 2711 1268 2745 nisi
1297 2710 1330 2744 si
1359 2709 1492 2746 ταῦτα
1524 2706 1733 2753 scripseris.

297 2767 407 2811 Quod
424 2780 471 2804 ex
492 2767 676 2804 Vaticano
698 2763 876 2815 restitui,
913 2768 1045 2804 multis
1067 2766 1234 2815 partibus
1253 2765 1388 2801 melius
1407 2763 1570 2801 videtur.
1597 2759 1733 2797 WESS.

409 2824 535 2864 66-9.
565 2818 707 2870 ςὈπως
728 2821 834 2863 κατὰ
852 2820 928 2870 τὰς
946 2817 1195 2875 πληρώσεις]
1218 2820 1315 2859 Vide
1334 2832 1448 2870 supra
1466 2833 1498 2856 c.
1518 2816 1734 2857 36.W12ss.
