<?xml version="1.0" encoding="UTF-8"?>
<!DOCTYPE html PUBLIC "-//W3C//DTD XHTML 1.0 Transitional//EN"
    "http://www.w3.org/TR/xhtml1/DTD/xhtml1-transitional.dtd">
<html xmlns="http://www.w3.org/1999/xhtml" xml:lang="en" lang="en">
 <head>
  <title>
</title>
<meta http-equiv="Content-Type" content="text/html;charset=utf-8" />
  <meta name='ocr-system' content='tesseract 3.04.00' />
  <meta name='ocr-capabilities' content='ocr_page ocr_carea ocr_par ocr_line ocrx_word'/>
</head>
<body>
  <div class='ocr_page' id='page_1' title='image "./bibliothecahisto04dioduoft_0263.png"; bbox 0 0 1828 3253; ppageno 0'>
   <div class='ocr_carea' id='block_1_1' title="bbox 393 199 1512 245">
    <p class='ocr_par' dir='ltr' id='par_1_1' title="bbox 393 199 1512 245">
     <span class='ocr_line' id='line_1_1' title="bbox 393 199 1512 245; baseline 0.003 -5"><span class='ocrx_word' id='word_1_1' title='bbox 393 199 873 240; x_wconf 71' lang='lat' dir='ltr'>1NL113.111.CA1‘.</span> <span class='ocrx_word' id='word_1_2' title='bbox 911 202 1135 243; x_wconf 78' lang='lat'>13.-16.</span> <span class='ocrx_word' id='word_1_3' title='bbox 1418 201 1512 245; x_wconf 78' lang='grc'>243</span> 
     </span>
    </p>
   </div>
   <div class='ocr_carea' id='block_1_2' title="bbox 48 311 1511 996">
    <p class='ocr_par' dir='ltr' id='par_1_2' title="bbox 58 311 1511 422">
     <span class='ocr_line' id='line_1_2' title="bbox 58 311 1511 368; baseline -0.001 -15"><span class='ocrx_word' id='word_1_4' title='bbox 58 329 134 366; x_wconf 85' lang='grc' dir='ltr'><strong><em>ρου</em></strong></span> <span class='ocrx_word' id='word_1_5' title='bbox 163 312 302 367; x_wconf 78' lang='grc' dir='ltr'><strong><em>βραχὺ</em></strong></span> <span class='ocrx_word' id='word_1_6' title='bbox 334 313 401 355; x_wconf 78' lang='grc' dir='ltr'><strong><em>καὶ</em></strong></span> <span class='ocrx_word' id='word_1_7' title='bbox 430 313 619 368; x_wconf 86' lang='grc' dir='ltr'><strong><em>κρίθινον</em></strong></span> <span class='ocrx_word' id='word_1_8' title='bbox 646 311 830 364; x_wconf 75' lang='grc' dir='ltr'><em>πίτυρον·</em></span> <span class='ocrx_word' id='word_1_9' title='bbox 862 327 882 349; x_wconf 91' lang='lat' dir='ltr'>e</span> <span class='ocrx_word' id='word_1_10' title='bbox 912 313 1052 362; x_wconf 85' lang='lat' dir='ltr'>quibus</span> <span class='ocrx_word' id='word_1_11' title='bbox 1081 319 1119 351; x_wconf 88' lang='lat' dir='ltr'>et</span> <span class='ocrx_word' id='word_1_12' title='bbox 1148 313 1187 350; x_wconf 90' lang='lat' dir='ltr'>id</span> <span class='ocrx_word' id='word_1_13' title='bbox 1216 313 1394 362; x_wconf 77' lang='lat' dir='ltr'>adparet,</span> <span class='ocrx_word' id='word_1_14' title='bbox 1431 326 1511 353; x_wconf 87' lang='lat' dir='ltr'>non</span> 
     </span>
     <span class='ocr_line' id='line_1_3' title="bbox 58 368 1480 422; baseline 0.001 -15"><span class='ocrx_word' id='word_1_15' title='bbox 58 373 142 408; x_wconf 86' lang='lat' dir='ltr'>sine</span> <span class='ocrx_word' id='word_1_16' title='bbox 163 373 265 408; x_wconf 89' lang='lat' dir='ltr'>iusta</span> <span class='ocrx_word' id='word_1_17' title='bbox 284 373 432 409; x_wconf 86' lang='lat' dir='ltr'>ratione</span> <span class='ocrx_word' id='word_1_18' title='bbox 454 369 522 409; x_wconf 80' lang='grc' dir='ltr'><strong><em>καὶ</em></strong></span> <span class='ocrx_word' id='word_1_19' title='bbox 543 370 731 422; x_wconf 76' lang='grc' dir='ltr'><strong><em>κρίθινον</em></strong></span> <span class='ocrx_word' id='word_1_20' title='bbox 751 368 817 407; x_wconf 90' lang='lat' dir='ltr'>Co.</span> <span class='ocrx_word' id='word_1_21' title='bbox 838 376 876 406; x_wconf 89' lang='lat' dir='ltr'>et</span> <span class='ocrx_word' id='word_1_22' title='bbox 897 368 952 406; x_wconf 86' lang='lat' dir='ltr'>Cl.</span> <span class='ocrx_word' id='word_1_23' title='bbox 977 372 1014 410; x_wconf 88' lang='lat' dir='ltr'>l.</span> <span class='ocrx_word' id='word_1_24' title='bbox 1031 383 1091 406; x_wconf 89' lang='lat' dir='ltr'>me</span> <span class='ocrx_word' id='word_1_25' title='bbox 1109 370 1314 419; x_wconf 82' lang='lat' dir='ltr'>praeferre.</span> <span class='ocrx_word' id='word_1_26' title='bbox 1344 370 1480 408; x_wconf 63' lang='lat' dir='ltr'>wtss.</span> 
     </span>
    </p>

    <p class='ocr_par' dir='ltr' id='par_1_3' title="bbox 53 434 1509 704">
     <span class='ocr_line' id='line_1_4' title="bbox 173 434 1509 491; baseline -0.002 -12"><span class='ocrx_word' id='word_1_27' title='bbox 173 439 274 479; x_wconf 77' lang='lat'>183·</span> <span class='ocrx_word' id='word_1_28' title='bbox 307 439 381 479; x_wconf 87' lang='lat'>23.</span> <span class='ocrx_word' id='word_1_29' title='bbox 417 435 580 491; x_wconf 69' lang='grc' dir='ltr'><strong><em>Ὀλίγης</em></strong></span> <span class='ocrx_word' id='word_1_30' title='bbox 610 436 812 484; x_wconf 82' lang='grc' dir='ltr'><em>ἀπουσίας</em></span> <span class='ocrx_word' id='word_1_31' title='bbox 839 434 1131 490; x_wconf 57' lang='grc' dir='ltr'><strong><em>γεγενηιιῶηῑς]</em></strong></span> <span class='ocrx_word' id='word_1_32' title='bbox 1178 434 1303 474; x_wconf 85' lang='lat' dir='ltr'><strong>Debet</strong></span> <span class='ocrx_word' id='word_1_33' title='bbox 1322 441 1509 476; x_wconf 87' lang='lat' dir='ltr'>rariorem</span> 
     </span>
     <span class='ocr_line' id='line_1_5' title="bbox 55 489 1506 546; baseline 0.002 -15"><span class='ocrx_word' id='word_1_34' title='bbox 55 493 168 532; x_wconf 85' lang='lat' dir='ltr'>huius</span> <span class='ocrx_word' id='word_1_35' title='bbox 187 495 365 533; x_wconf 86' lang='lat' dir='ltr'>vocabuli</span> <span class='ocrx_word' id='word_1_36' title='bbox 384 508 495 532; x_wconf 90' lang='lat' dir='ltr'>usum</span> <span class='ocrx_word' id='word_1_37' title='bbox 514 493 813 546; x_wconf 74' lang='lat' dir='ltr'>Agatharchidi,</span> <span class='ocrx_word' id='word_1_38' title='bbox 840 491 1046 533; x_wconf 75' lang='grc' dir='ltr'><strong><em>ἀπουσίαν</em></strong></span> <span class='ocrx_word' id='word_1_39' title='bbox 1077 489 1156 532; x_wconf 81' lang='grc' dir='ltr'>ἀπὸ</span> <span class='ocrx_word' id='word_1_40' title='bbox 1181 496 1256 532; x_wconf 82' lang='grc' dir='ltr'>τοῦ</span> <span class='ocrx_word' id='word_1_41' title='bbox 1283 489 1506 546; x_wconf 56' lang='grc' dir='ltr'><strong><em>ψήχιιατος</em></strong></span> 
     </span>
     <span class='ocr_line' id='line_1_6' title="bbox 54 548 1505 600; baseline -0.001 -12"><span class='ocrx_word' id='word_1_42' title='bbox 54 554 218 589; x_wconf 89' lang='lat' dir='ltr'>ramenti</span> <span class='ocrx_word' id='word_1_43' title='bbox 246 553 595 599; x_wconf 75' lang='lat' dir='ltr'>intertrimentum,</span> <span class='ocrx_word' id='word_1_44' title='bbox 622 565 688 589; x_wconf 88' lang='lat' dir='ltr'>seu</span> <span class='ocrx_word' id='word_1_45' title='bbox 721 551 821 600; x_wconf 88' lang='lat' dir='ltr'>quod</span> <span class='ocrx_word' id='word_1_46' title='bbox 857 552 899 587; x_wconf 92' lang='lat' dir='ltr'>in</span> <span class='ocrx_word' id='word_1_47' title='bbox 926 550 1149 587; x_wconf 82' lang='lat' dir='ltr'><strong>decoctione</strong></span> <span class='ocrx_word' id='word_1_48' title='bbox 1177 548 1346 598; x_wconf 84' lang='lat' dir='ltr'>deperit,</span> <span class='ocrx_word' id='word_1_49' title='bbox 1375 553 1505 599; x_wconf 87' lang='lat' dir='ltr'>appel-</span> 
     </span>
     <span class='ocr_line' id='line_1_7' title="bbox 53 605 1505 659; baseline 0.001 -16"><span class='ocrx_word' id='word_1_50' title='bbox 53 608 173 655; x_wconf 85' lang='lat' dir='ltr'>lanti,</span> <span class='ocrx_word' id='word_1_51' title='bbox 203 610 317 646; x_wconf 91' lang='lat' dir='ltr'>sicuti</span> <span class='ocrx_word' id='word_1_52' title='bbox 345 615 383 645; x_wconf 89' lang='lat' dir='ltr'>et</span> <span class='ocrx_word' id='word_1_53' title='bbox 402 609 730 659; x_wconf 86' lang='lat' dir='ltr'>elegantissimum</span> <span class='ocrx_word' id='word_1_54' title='bbox 759 605 1030 658; x_wconf 84' lang='lat' dir='ltr'><strong>epiphonema,</strong></span> <span class='ocrx_word' id='word_1_55' title='bbox 1060 605 1162 655; x_wconf 87' lang='lat' dir='ltr'>quod</span> <span class='ocrx_word' id='word_1_56' title='bbox 1181 618 1274 642; x_wconf 82' lang='lat' dir='ltr'>mox</span> <span class='ocrx_word' id='word_1_57' title='bbox 1302 609 1505 656; x_wconf 83' lang='lat' dir='ltr'>consequi-</span> 
     </span>
     <span class='ocr_line' id='line_1_8' title="bbox 54 663 308 704; baseline 0.016 -4"><span class='ocrx_word' id='word_1_58' title='bbox 54 670 128 700; x_wconf 88' lang='lat' dir='ltr'>tur.</span> <span class='ocrx_word' id='word_1_59' title='bbox 172 663 308 704; x_wconf 58' lang='lat' dir='ltr'>wass.</span> 
     </span>
    </p>

    <p class='ocr_par' dir='ltr' id='par_1_4' title="bbox 48 716 1508 996">
     <span class='ocr_line' id='line_1_9' title="bbox 167 716 1503 774; baseline -0.003 -13"><span class='ocrx_word' id='word_1_60' title='bbox 167 722 270 762; x_wconf 81' lang='lat'>184.</span> <span class='ocrx_word' id='word_1_61' title='bbox 303 721 375 760; x_wconf 86' lang='lat'>37.</span> <span class='ocrx_word' id='word_1_62' title='bbox 422 718 509 761; x_wconf 81' lang='grc' dir='ltr'><strong><em>Καὶ</em></strong></span> <span class='ocrx_word' id='word_1_63' title='bbox 540 718 814 774; x_wconf 72' lang='grc' dir='ltr'><strong><em>Κεδρωσιάς]</em></strong></span> <span class='ocrx_word' id='word_1_64' title='bbox 866 717 952 756; x_wconf 91' lang='lat' dir='ltr'>Hoc</span> <span class='ocrx_word' id='word_1_65' title='bbox 983 718 1170 767; x_wconf 89' lang='lat' dir='ltr'>praefero.</span> <span class='ocrx_word' id='word_1_66' title='bbox 1218 716 1371 755; x_wconf 82' lang='lat' dir='ltr'>Placuit</span> <span class='ocrx_word' id='word_1_67' title='bbox 1398 720 1503 758; x_wconf 89' lang='lat' dir='ltr'>enim</span> 
     </span>
     <span class='ocr_line' id='line_1_10' title="bbox 50 773 1508 827; baseline 0 -15"><span class='ocrx_word' id='word_1_68' title='bbox 50 773 223 814; x_wconf 88' lang='lat' dir='ltr'>Diodoro</span> <span class='ocrx_word' id='word_1_69' title='bbox 252 775 379 816; x_wconf 88' lang='lat' dir='ltr'>XVII.</span> <span class='ocrx_word' id='word_1_70' title='bbox 410 778 513 818; x_wconf 88' lang='lat'>104.</span> <span class='ocrx_word' id='word_1_71' title='bbox 544 777 688 815; x_wconf 77' lang='lat' dir='ltr'>XV111.</span> <span class='ocrx_word' id='word_1_72' title='bbox 725 777 765 816; x_wconf 90' lang='grc'>3.</span> <span class='ocrx_word' id='word_1_73' title='bbox 794 775 1073 827; x_wconf 86' lang='lat' dir='ltr'>Agatharchidi</span> <span class='ocrx_word' id='word_1_74' title='bbox 1102 788 1137 824; x_wconf 88' lang='lat' dir='ltr'>p.</span> <span class='ocrx_word' id='word_1_75' title='bbox 1158 776 1233 814; x_wconf 83' lang='lat'>27.</span> <span class='ocrx_word' id='word_1_76' title='bbox 1267 781 1305 811; x_wconf 89' lang='lat' dir='ltr'>et</span> <span class='ocrx_word' id='word_1_77' title='bbox 1332 774 1508 812; x_wconf 79' lang='lat' dir='ltr'>Alexan--</span> 
     </span>
     <span class='ocr_line' id='line_1_11' title="bbox 50 830 1501 883; baseline 0 -15"><span class='ocrx_word' id='word_1_78' title='bbox 50 831 120 869; x_wconf 88' lang='lat' dir='ltr'>dro</span> <span class='ocrx_word' id='word_1_79' title='bbox 139 831 379 883; x_wconf 82' lang='lat' dir='ltr'>Polyhistori</span> <span class='ocrx_word' id='word_1_80' title='bbox 400 834 497 883; x_wconf 89' lang='lat' dir='ltr'>apud</span> <span class='ocrx_word' id='word_1_81' title='bbox 520 833 758 883; x_wconf 81' lang='lat' dir='ltr'>Stephanum</span> <span class='ocrx_word' id='word_1_82' title='bbox 786 834 828 872; x_wconf 92' lang='grc' dir='ltr'><em>Γ</em></span> <span class='ocrx_word' id='word_1_83' title='bbox 825 831 1001 883; x_wconf 77' lang='grc' dir='ltr'><strong><em>εὸρωσία</em></strong></span> <span class='ocrx_word' id='word_1_84' title='bbox 1016 859 1027 878; x_wconf 81' lang='lat'>,</span> <span class='ocrx_word' id='word_1_85' title='bbox 1067 832 1212 868; x_wconf 86' lang='lat' dir='ltr'>frustra</span> <span class='ocrx_word' id='word_1_86' title='bbox 1232 830 1355 868; x_wconf 82' lang='lat' dir='ltr'>codici</span> <span class='ocrx_word' id='word_1_87' title='bbox 1373 833 1501 868; x_wconf 85' lang='lat' dir='ltr'>minus</span> 
     </span>
     <span class='ocr_line' id='line_1_12' title="bbox 48 886 1502 940; baseline 0.001 -16"><span class='ocrx_word' id='word_1_88' title='bbox 48 887 255 939; x_wconf 86' lang='lat' dir='ltr'>diligenter</span> <span class='ocrx_word' id='word_1_89' title='bbox 275 891 418 940; x_wconf 87' lang='lat' dir='ltr'>scripto</span> <span class='ocrx_word' id='word_1_90' title='bbox 438 890 477 927; x_wconf 87' lang='lat' dir='ltr'>id</span> <span class='ocrx_word' id='word_1_91' title='bbox 497 892 749 940; x_wconf 85' lang='lat' dir='ltr'>inputantem.</span> <span class='ocrx_word' id='word_1_92' title='bbox 791 889 839 926; x_wconf 88' lang='lat' dir='ltr'>Is.</span> <span class='ocrx_word' id='word_1_93' title='bbox 859 888 1024 926; x_wconf 82' lang='lat' dir='ltr'>Tzetzes</span> <span class='ocrx_word' id='word_1_94' title='bbox 1053 887 1156 925; x_wconf 90' lang='lat' dir='ltr'>hunc</span> <span class='ocrx_word' id='word_1_95' title='bbox 1180 886 1345 924; x_wconf 89' lang='lat' dir='ltr'>Diodori</span> <span class='ocrx_word' id='word_1_96' title='bbox 1373 888 1502 926; x_wconf 85' lang='lat' dir='ltr'>locum</span> 
     </span>
     <span class='ocr_line' id='line_1_13' title="bbox 50 945 901 996; baseline 0 -15"><span class='ocrx_word' id='word_1_97' title='bbox 50 946 180 995; x_wconf 86' lang='lat' dir='ltr'>signat</span> <span class='ocrx_word' id='word_1_98' title='bbox 205 947 248 982; x_wconf 89' lang='lat' dir='ltr'>in</span> <span class='ocrx_word' id='word_1_99' title='bbox 267 945 510 996; x_wconf 82' lang='lat' dir='ltr'>Lycophron.</span> <span class='ocrx_word' id='word_1_100' title='bbox 544 961 585 986; x_wconf 83' lang='lat' dir='ltr'>v.</span> <span class='ocrx_word' id='word_1_101' title='bbox 622 948 727 988; x_wconf 88' lang='grc'><strong>817.</strong></span> <span class='ocrx_word' id='word_1_102' title='bbox 766 945 901 983; x_wconf 70' lang='lat' dir='ltr'>Wssss.</span> 
     </span>
    </p>
   </div>
   <div class='ocr_carea' id='block_1_3' title="bbox 41 1009 1501 1562">
    <p class='ocr_par' dir='ltr' id='par_1_5' title="bbox 46 1009 1501 1230">
     <span class='ocr_line' id='line_1_14' title="bbox 163 1009 1498 1062; baseline -0.001 -10"><span class='ocrx_word' id='word_1_103' title='bbox 163 1013 266 1053; x_wconf 83' lang='lat'>184.</span> <span class='ocrx_word' id='word_1_104' title='bbox 306 1014 382 1053; x_wconf 88' lang='lat'>49.</span> <span class='ocrx_word' id='word_1_105' title='bbox 432 1013 517 1053; x_wconf 83' lang='grc' dir='ltr'><strong><em>Καὶ</em></strong></span> <span class='ocrx_word' id='word_1_106' title='bbox 547 1013 683 1054; x_wconf 81' lang='grc' dir='ltr'><strong><em>στενοὶ</em></strong></span> <span class='ocrx_word' id='word_1_107' title='bbox 721 1015 932 1059; x_wconf 73' lang='grc' dir='ltr'><strong><em>παντελῶς</em></strong></span> <span class='ocrx_word' id='word_1_108' title='bbox 965 1009 1176 1061; x_wconf 76' lang='grc' dir='ltr'>αὐλῶνες]</span> <span class='ocrx_word' id='word_1_109' title='bbox 1222 1010 1498 1062; x_wconf 83' lang='lat' dir='ltr'>Agatharchid.</span> 
     </span>
     <span class='ocr_line' id='line_1_15' title="bbox 47 1064 1501 1122; baseline 0.003 -18"><span class='ocrx_word' id='word_1_110' title='bbox 47 1080 82 1116; x_wconf 91' lang='lat' dir='ltr'>p.</span> <span class='ocrx_word' id='word_1_111' title='bbox 105 1069 180 1109; x_wconf 83' lang='lat'>28.</span> <span class='ocrx_word' id='word_1_112' title='bbox 209 1067 259 1107; x_wconf 72' lang='grc' dir='ltr'><strong><em>αἳ</em></strong></span> <span class='ocrx_word' id='word_1_113' title='bbox 283 1068 351 1108; x_wconf 80' lang='grc' dir='ltr'><strong><em>καὶ</em></strong></span> <span class='ocrx_word' id='word_1_114' title='bbox 384 1066 580 1117; x_wconf 70' lang='grc' dir='ltr'><strong><em>κοιλάδας</em></strong></span> <span class='ocrx_word' id='word_1_115' title='bbox 605 1069 786 1120; x_wconf 77' lang='grc' dir='ltr'><strong><em>βαθείας</em></strong></span> <span class='ocrx_word' id='word_1_116' title='bbox 816 1067 951 1120; x_wconf 68' lang='grc' dir='ltr'><strong><em>ἔχουσι</em></strong></span> <span class='ocrx_word' id='word_1_117' title='bbox 983 1067 1051 1107; x_wconf 80' lang='grc' dir='ltr'><strong><em>καὶ</em></strong></span> <span class='ocrx_word' id='word_1_118' title='bbox 1084 1064 1302 1122; x_wconf 64' lang='grc' dir='ltr'><strong><em>φάραγγας</em></strong></span> <span class='ocrx_word' id='word_1_119' title='bbox 1333 1065 1501 1119; x_wconf 79' lang='grc' dir='ltr'><strong><em>ἀνωμά-</em></strong></span> 
     </span>
     <span class='ocr_line' id='line_1_16' title="bbox 46 1120 1500 1178; baseline 0.003 -17"><span class='ocrx_word' id='word_1_120' title='bbox 46 1125 145 1170; x_wconf 81' lang='grc' dir='ltr'><strong><em>λους</em></strong></span> <span class='ocrx_word' id='word_1_121' title='bbox 174 1124 242 1163; x_wconf 86' lang='grc' dir='ltr'><strong><em>καὶ</em></strong></span> <span class='ocrx_word' id='word_1_122' title='bbox 272 1123 463 1178; x_wconf 68' lang='grc' dir='ltr'><strong><em>στεγνούς</em></strong></span> <span class='ocrx_word' id='word_1_123' title='bbox 485 1124 676 1173; x_wconf 71' lang='grc' dir='ltr'><strong><em>αὐλῶνας</em></strong></span> <span class='ocrx_word' id='word_1_124' title='bbox 708 1126 776 1165; x_wconf 83' lang='grc' dir='ltr'><strong><em>καὶ</em></strong></span> <span class='ocrx_word' id='word_1_125' title='bbox 807 1122 973 1171; x_wconf 79' lang='grc' dir='ltr'><strong><em>σκολιὰς</em></strong></span> <span class='ocrx_word' id='word_1_126' title='bbox 994 1120 1208 1178; x_wconf 76' lang='grc' dir='ltr'><strong><em>ἐκτροπάς.</em></strong></span> <span class='ocrx_word' id='word_1_127' title='bbox 1234 1125 1301 1162; x_wconf 85' lang='lat' dir='ltr'>ubi</span> <span class='ocrx_word' id='word_1_128' title='bbox 1331 1122 1500 1173; x_wconf 79' lang='grc' dir='ltr'><strong><em>στενοὺς</em></strong></span> 
     </span>
     <span class='ocr_line' id='line_1_17' title="bbox 47 1177 987 1230; baseline -0.001 -12"><span class='ocrx_word' id='word_1_129' title='bbox 47 1177 238 1227; x_wconf 81' lang='grc' dir='ltr'><strong><em>αὐλῶνας</em></strong></span> <span class='ocrx_word' id='word_1_130' title='bbox 267 1190 508 1230; x_wconf 81' lang='lat' dir='ltr'>oportuerat,</span> <span class='ocrx_word' id='word_1_131' title='bbox 537 1186 594 1220; x_wconf 87' lang='lat' dir='ltr'>uti</span> <span class='ocrx_word' id='word_1_132' title='bbox 616 1183 688 1220; x_wconf 86' lang='lat' dir='ltr'>hoc</span> <span class='ocrx_word' id='word_1_133' title='bbox 716 1184 816 1220; x_wconf 91' lang='lat' dir='ltr'>loco.</span> <span class='ocrx_word' id='word_1_134' title='bbox 852 1182 987 1219; x_wconf 66' lang='lat' dir='ltr'>Wzss.</span> 
     </span>
    </p>

    <p class='ocr_par' dir='ltr' id='par_1_6' title="bbox 41 1232 1499 1562">
     <span class='ocr_line' id='line_1_18' title="bbox 164 1232 1499 1292; baseline -0.001 -15"><span class='ocrx_word' id='word_1_135' title='bbox 164 1238 266 1278; x_wconf 85' lang='lat'>184.</span> <span class='ocrx_word' id='word_1_136' title='bbox 295 1239 367 1278; x_wconf 87' lang='lat'>52.</span> <span class='ocrx_word' id='word_1_137' title='bbox 399 1236 488 1285; x_wconf 80' lang='grc' dir='ltr'><strong><em>Τὰς</em></strong></span> <span class='ocrx_word' id='word_1_138' title='bbox 507 1236 707 1292; x_wconf 73' lang='grc' dir='ltr'><strong><em>ἐκτροπὰς</em></strong></span> <span class='ocrx_word' id='word_1_139' title='bbox 736 1238 804 1277; x_wconf 83' lang='grc' dir='ltr'><strong><em>καὶ</em></strong></span> <span class='ocrx_word' id='word_1_140' title='bbox 828 1234 1038 1285; x_wconf 68' lang='grc' dir='ltr'><strong><em>διεξόδους</em></strong></span> <span class='ocrx_word' id='word_1_141' title='bbox 1061 1232 1371 1290; x_wconf 77' lang='grc' dir='ltr'><em>συγκεχώκασι]</em></span> <span class='ocrx_word' id='word_1_142' title='bbox 1401 1236 1499 1275; x_wconf 87' lang='lat' dir='ltr'>Sine</span> 
     </span>
     <span class='ocr_line' id='line_1_19' title="bbox 46 1293 1498 1344; baseline 0.003 -16"><span class='ocrx_word' id='word_1_143' title='bbox 46 1296 312 1332; x_wconf 81' lang='lat' dir='ltr'>controversia</span> <span class='ocrx_word' id='word_1_144' title='bbox 340 1307 474 1332; x_wconf 82' lang='lat' dir='ltr'>verum</span> <span class='ocrx_word' id='word_1_145' title='bbox 495 1302 575 1344; x_wconf 73' lang='lat' dir='ltr'>est,</span> <span class='ocrx_word' id='word_1_146' title='bbox 601 1295 702 1344; x_wconf 89' lang='lat' dir='ltr'>quod</span> <span class='ocrx_word' id='word_1_147' title='bbox 723 1293 842 1332; x_wconf 90' lang='lat' dir='ltr'>Codd.</span> <span class='ocrx_word' id='word_1_148' title='bbox 871 1296 1140 1332; x_wconf 87' lang='lat' dir='ltr'>auctoritatem</span> <span class='ocrx_word' id='word_1_149' title='bbox 1162 1301 1315 1331; x_wconf 86' lang='lat' dir='ltr'>secutus</span> <span class='ocrx_word' id='word_1_150' title='bbox 1333 1297 1498 1332; x_wconf 86' lang='lat' dir='ltr'>restitui.</span> 
     </span>
     <span class='ocr_line' id='line_1_20' title="bbox 41 1343 1498 1402; baseline 0.001 -15"><span class='ocrx_word' id='word_1_151' title='bbox 41 1343 261 1402; x_wconf 67' lang='lat' dir='ltr'>’Extpona&#39;i</span> <span class='ocrx_word' id='word_1_152' title='bbox 289 1358 380 1388; x_wconf 88' lang='lat' dir='ltr'>sunt</span> <span class='ocrx_word' id='word_1_153' title='bbox 397 1353 594 1389; x_wconf 85' lang='lat' dir='ltr'>anfractus</span> <span class='ocrx_word' id='word_1_154' title='bbox 619 1363 876 1400; x_wconf 85' lang='lat' dir='ltr'>aquarumque</span> <span class='ocrx_word' id='word_1_155' title='bbox 897 1351 1095 1401; x_wconf 79' lang='lat' dir='ltr'>divergia,</span> <span class='ocrx_word' id='word_1_156' title='bbox 1124 1355 1169 1387; x_wconf 89' lang='lat' dir='ltr'>ut</span> <span class='ocrx_word' id='word_1_157' title='bbox 1189 1351 1318 1399; x_wconf 89' lang='lat' dir='ltr'>paullo</span> <span class='ocrx_word' id='word_1_158' title='bbox 1340 1358 1430 1388; x_wconf 88' lang='lat' dir='ltr'>ante</span> <span class='ocrx_word' id='word_1_159' title='bbox 1459 1358 1498 1388; x_wconf 89' lang='lat' dir='ltr'>et</span> 
     </span>
     <span class='ocr_line' id='line_1_21' title="bbox 44 1401 1497 1461; baseline 0.003 -19"><span class='ocrx_word' id='word_1_160' title='bbox 44 1407 87 1442; x_wconf 88' lang='lat' dir='ltr'>in</span> <span class='ocrx_word' id='word_1_161' title='bbox 114 1406 422 1457; x_wconf 80' lang='lat' dir='ltr'>Agatharchide3</span> <span class='ocrx_word' id='word_1_162' title='bbox 451 1410 570 1446; x_wconf 82' lang='lat' dir='ltr'>simili</span> <span class='ocrx_word' id='word_1_163' title='bbox 602 1411 751 1446; x_wconf 85' lang='lat' dir='ltr'>ratione</span> <span class='ocrx_word' id='word_1_164' title='bbox 781 1406 998 1461; x_wconf 75' lang='grc' dir='ltr'><strong><em>ἐκτροπαὶ,</em></strong></span> <span class='ocrx_word' id='word_1_165' title='bbox 1031 1401 1230 1452; x_wconf 75' lang='grc' dir='ltr'><strong><em>ἐκνεύσεις</em></strong></span> <span class='ocrx_word' id='word_1_166' title='bbox 1263 1409 1348 1445; x_wconf 88' lang='grc' dir='ltr'>τῶν</span> <span class='ocrx_word' id='word_1_167' title='bbox 1371 1402 1497 1455; x_wconf 70' lang='grc' dir='ltr'><strong><em>ὁδῶν,</em></strong></span> 
     </span>
     <span class='ocr_line' id='line_1_22' title="bbox 44 1458 1498 1517; baseline 0.001 -17"><span class='ocrx_word' id='word_1_168' title='bbox 44 1458 149 1502; x_wconf 80' lang='grc' dir='ltr'><strong><em>ὅπου</em></strong></span> <span class='ocrx_word' id='word_1_169' title='bbox 188 1462 250 1509; x_wconf 79' lang='grc' dir='ltr'><strong><em>τὶς</em></strong></span> <span class='ocrx_word' id='word_1_170' title='bbox 284 1462 535 1517; x_wconf 74' lang='grc' dir='ltr'><strong><em>ἐκτραπῆναι</em></strong></span> <span class='ocrx_word' id='word_1_171' title='bbox 565 1461 762 1515; x_wconf 75' lang='grc' dir='ltr'><strong><em>δύναται,</em></strong></span> <span class='ocrx_word' id='word_1_172' title='bbox 801 1467 844 1502; x_wconf 92' lang='lat' dir='ltr'>in</span> <span class='ocrx_word' id='word_1_173' title='bbox 875 1463 1006 1503; x_wconf 86' lang='lat' dir='ltr'>Schol.</span> <span class='ocrx_word' id='word_1_174' title='bbox 1037 1463 1087 1500; x_wconf 87' lang='lat' dir='ltr'>ad</span> <span class='ocrx_word' id='word_1_175' title='bbox 1118 1462 1366 1514; x_wconf 85' lang='lat' dir='ltr'>Aristophan.</span> <span class='ocrx_word' id='word_1_176' title='bbox 1398 1462 1498 1502; x_wconf 80' lang='lat' dir='ltr'>Rau.</span> 
     </span>
     <span class='ocr_line' id='line_1_23' title="bbox 43 1520 728 1562; baseline 0.006 -8"><span class='ocrx_word' id='word_1_177' title='bbox 43 1531 83 1555; x_wconf 78' lang='lat' dir='ltr'>v.</span> <span class='ocrx_word' id='word_1_178' title='bbox 108 1520 210 1559; x_wconf 87' lang='lat'>113.</span> <span class='ocrx_word' id='word_1_179' title='bbox 242 1526 280 1556; x_wconf 87' lang='lat' dir='ltr'>et</span> <span class='ocrx_word' id='word_1_180' title='bbox 301 1521 405 1558; x_wconf 85' lang='lat' dir='ltr'>infra</span> <span class='ocrx_word' id='word_1_181' title='bbox 434 1535 466 1558; x_wconf 93' lang='lat' dir='ltr'>c.</span> <span class='ocrx_word' id='word_1_182' title='bbox 488 1523 563 1562; x_wconf 85' lang='lat'>26.</span> <span class='ocrx_word' id='word_1_183' title='bbox 592 1522 728 1559; x_wconf 66' lang='lat' dir='ltr'>1VEss.</span> 
     </span>
    </p>
   </div>
   <div class='ocr_carea' id='block_1_4' title="bbox 43 1582 1498 2149">
    <p class='ocr_par' dir='ltr' id='par_1_7' title="bbox 44 1582 1497 1750">
     <span class='ocr_line' id='line_1_24' title="bbox 159 1582 1496 1640; baseline -0.001 -13"><span class='ocrx_word' id='word_1_184' title='bbox 159 1587 264 1627; x_wconf 88' lang='lat'>184.</span> <span class='ocrx_word' id='word_1_185' title='bbox 309 1588 382 1628; x_wconf 85' lang='lat'>58.</span> <span class='ocrx_word' id='word_1_186' title='bbox 430 1586 755 1640; x_wconf 78' lang='grc' dir='ltr'><strong><em>Συναποκομίζει</em></strong></span> <span class='ocrx_word' id='word_1_187' title='bbox 789 1610 837 1617; x_wconf 90' lang='grc'>-</span> <span class='ocrx_word' id='word_1_188' title='bbox 867 1589 1034 1640; x_wconf 76' lang='grc' dir='ltr'><strong><em>πλῆθος</em></strong></span> <span class='ocrx_word' id='word_1_189' title='bbox 1067 1582 1256 1638; x_wconf 75' lang='grc' dir='ltr'><strong><em>ἰχθύων]</em></strong></span> <span class='ocrx_word' id='word_1_190' title='bbox 1308 1586 1424 1626; x_wconf 85' lang='lat' dir='ltr'>Paria</span> <span class='ocrx_word' id='word_1_191' title='bbox 1450 1588 1496 1625; x_wconf 87' lang='lat' dir='ltr'>de</span> 
     </span>
     <span class='ocr_line' id='line_1_25' title="bbox 44 1639 1497 1695; baseline 0.004 -18"><span class='ocrx_word' id='word_1_192' title='bbox 44 1639 342 1695; x_wconf 76' lang='lat' dir='ltr'>Ichthyophagis</span> <span class='ocrx_word' id='word_1_193' title='bbox 365 1644 518 1682; x_wconf 85' lang='lat' dir='ltr'>Arrian.</span> <span class='ocrx_word' id='word_1_194' title='bbox 541 1645 707 1683; x_wconf 90' lang='lat' dir='ltr'>Indicor.</span> <span class='ocrx_word' id='word_1_195' title='bbox 737 1658 770 1684; x_wconf 89' lang='lat' dir='ltr'>c.</span> <span class='ocrx_word' id='word_1_196' title='bbox 796 1646 893 1692; x_wconf 55' lang='lat'>29„</span> <span class='ocrx_word' id='word_1_197' title='bbox 920 1658 1065 1681; x_wconf 88' lang='lat' dir='ltr'>morem</span> <span class='ocrx_word' id='word_1_198' title='bbox 1089 1652 1217 1682; x_wconf 84' lang='lat' dir='ltr'>tamen</span> <span class='ocrx_word' id='word_1_199' title='bbox 1242 1645 1409 1694; x_wconf 89' lang='lat' dir='ltr'>piscium</span> <span class='ocrx_word' id='word_1_200' title='bbox 1432 1659 1497 1683; x_wconf 86' lang='lat' dir='ltr'>ca-</span> 
     </span>
     <span class='ocr_line' id='line_1_26' title="bbox 44 1699 1129 1750; baseline 0.002 -15"><span class='ocrx_word' id='word_1_201' title='bbox 44 1699 272 1748; x_wconf 87' lang='lat' dir='ltr'>piendorum</span> <span class='ocrx_word' id='word_1_202' title='bbox 289 1701 417 1750; x_wconf 85' lang='lat' dir='ltr'>paullo</span> <span class='ocrx_word' id='word_1_203' title='bbox 447 1701 699 1739; x_wconf 81' lang='lat' dir='ltr'>diversiorem</span> <span class='ocrx_word' id='word_1_204' title='bbox 721 1701 953 1738; x_wconf 85' lang='lat' dir='ltr'>describens.</span> <span class='ocrx_word' id='word_1_205' title='bbox 992 1701 1129 1738; x_wconf 49' lang='lat' dir='ltr'>WVESS.</span> 
     </span>
    </p>

    <p class='ocr_par' dir='ltr' id='par_1_8' title="bbox 43 1753 1498 2149">
     <span class='ocr_line' id='line_1_27' title="bbox 161 1753 1495 1810; baseline -0.001 -14"><span class='ocrx_word' id='word_1_206' title='bbox 161 1757 262 1796; x_wconf 84' lang='lat'>184.</span> <span class='ocrx_word' id='word_1_207' title='bbox 287 1758 360 1797; x_wconf 87' lang='lat'>67.</span> <span class='ocrx_word' id='word_1_208' title='bbox 389 1754 598 1809; x_wconf 71' lang='grc' dir='ltr'><strong><em>Καθάπερ</em></strong></span> <span class='ocrx_word' id='word_1_209' title='bbox 620 1755 688 1810; x_wconf 60' lang='grc' dir='ltr'>ἀφ)</span> <span class='ocrx_word' id='word_1_210' title='bbox 715 1754 807 1803; x_wconf 73' lang='grc' dir='ltr'><strong><em>ἑνὸς</em></strong></span> <span class='ocrx_word' id='word_1_211' title='bbox 827 1753 1121 1808; x_wconf 76' lang='grc' dir='ltr'><strong><em>κελεύσματος]</em></strong></span> <span class='ocrx_word' id='word_1_212' title='bbox 1145 1756 1233 1794; x_wconf 80' lang='lat' dir='ltr'>Uno</span> <span class='ocrx_word' id='word_1_213' title='bbox 1247 1758 1359 1794; x_wconf 78' lang='lat' dir='ltr'>velut</span> <span class='ocrx_word' id='word_1_214' title='bbox 1375 1758 1495 1795; x_wconf 74' lang='lat' dir='ltr'>iussu.</span> 
     </span>
     <span class='ocr_line' id='line_1_28' title="bbox 45 1809 1492 1865; baseline 0.003 -17"><span class='ocrx_word' id='word_1_215' title='bbox 45 1809 293 1862; x_wconf 81' lang='lat' dir='ltr'>Thucydides</span> <span class='ocrx_word' id='word_1_216' title='bbox 316 1812 366 1850; x_wconf 88' lang='lat' dir='ltr'>II.</span> <span class='ocrx_word' id='word_1_217' title='bbox 395 1814 469 1853; x_wconf 86' lang='lat'>92.</span> <span class='ocrx_word' id='word_1_218' title='bbox 502 1814 569 1852; x_wconf 82' lang='grc' dir='ltr'><strong><em>καὶ</em></strong></span> <span class='ocrx_word' id='word_1_219' title='bbox 591 1812 670 1854; x_wconf 81' lang='grc' dir='ltr'>ἀπὸ</span> <span class='ocrx_word' id='word_1_220' title='bbox 693 1810 784 1860; x_wconf 68' lang='grc' dir='ltr'><strong><em>ἑνὸς</em></strong></span> <span class='ocrx_word' id='word_1_221' title='bbox 803 1810 1080 1864; x_wconf 69' lang='grc' dir='ltr'><strong><em>κελεύσματος</em></strong></span> <span class='ocrx_word' id='word_1_222' title='bbox 1099 1809 1404 1865; x_wconf 73' lang='grc' dir='ltr'><strong><em>ἐμβοήσαντες,</em></strong></span> <span class='ocrx_word' id='word_1_223' title='bbox 1434 1811 1492 1852; x_wconf 70' lang='grc' dir='ltr'>ἐπ’</span> 
     </span>
     <span class='ocr_line' id='line_1_29' title="bbox 44 1865 1498 1923; baseline 0.001 -18"><span class='ocrx_word' id='word_1_224' title='bbox 44 1865 197 1915; x_wconf 68' lang='grc' dir='ltr'><strong><em>αὐτοὺς</em></strong></span> <span class='ocrx_word' id='word_1_225' title='bbox 219 1866 433 1921; x_wconf 76' lang='grc' dir='ltr'><strong><em>ὥρμησαν.</em></strong></span> <span class='ocrx_word' id='word_1_226' title='bbox 470 1869 650 1920; x_wconf 85' lang='lat' dir='ltr'>Sophron</span> <span class='ocrx_word' id='word_1_227' title='bbox 669 1871 770 1920; x_wconf 85' lang='lat' dir='ltr'>apud</span> <span class='ocrx_word' id='word_1_228' title='bbox 791 1870 932 1907; x_wconf 84' lang='lat' dir='ltr'>Athen.</span> <span class='ocrx_word' id='word_1_229' title='bbox 953 1869 1017 1906; x_wconf 89' lang='lat'>111.</span> <span class='ocrx_word' id='word_1_230' title='bbox 1039 1883 1071 1906; x_wconf 93' lang='lat' dir='ltr'>c.</span> <span class='ocrx_word' id='word_1_231' title='bbox 1100 1872 1170 1910; x_wconf 88' lang='lat'>10.</span> <span class='ocrx_word' id='word_1_232' title='bbox 1192 1881 1226 1918; x_wconf 89' lang='lat' dir='ltr'>p.</span> <span class='ocrx_word' id='word_1_233' title='bbox 1249 1872 1320 1910; x_wconf 87' lang='lat'>87.</span> <span class='ocrx_word' id='word_1_234' title='bbox 1352 1866 1498 1923; x_wconf 76' lang='grc' dir='ltr'><strong><em>κόγχαι</em></strong></span> 
     </span>
     <span class='ocr_line' id='line_1_30' title="bbox 43 1921 1498 1979; baseline 0.001 -17"><span class='ocrx_word' id='word_1_235' title='bbox 43 1921 180 1976; x_wconf 73' lang='grc' dir='ltr'><strong><em>ὥσπερ</em></strong></span> <span class='ocrx_word' id='word_1_236' title='bbox 204 1923 255 1964; x_wconf 79' lang='grc' dir='ltr'><strong><em>αἴ</em></strong></span> <span class='ocrx_word' id='word_1_237' title='bbox 276 1922 310 1964; x_wconf 78' lang='grc' dir='ltr'>κ’</span> <span class='ocrx_word' id='word_1_238' title='bbox 343 1924 385 1973; x_wconf 73' lang='grc' dir='ltr'>ἐξ</span> <span class='ocrx_word' id='word_1_239' title='bbox 412 1922 503 1973; x_wconf 71' lang='grc' dir='ltr'><strong><em>ἑνὸς</em></strong></span> <span class='ocrx_word' id='word_1_240' title='bbox 534 1923 811 1979; x_wconf 66' lang='grc' dir='ltr'><strong><em>κελεύσματος</em></strong></span> <span class='ocrx_word' id='word_1_241' title='bbox 833 1922 1069 1977; x_wconf 76' lang='grc' dir='ltr'><strong><em>κεχάναντι,</em></strong></span> <span class='ocrx_word' id='word_1_242' title='bbox 1099 1926 1274 1964; x_wconf 77' lang='lat' dir='ltr'><em>conchae</em></span> <span class='ocrx_word' id='word_1_243' title='bbox 1293 1929 1405 1976; x_wconf 80' lang='lat' dir='ltr'>signo</span> <span class='ocrx_word' id='word_1_244' title='bbox 1429 1939 1498 1964; x_wconf 80' lang='lat' dir='ltr'>ve-</span> 
     </span>
     <span class='ocr_line' id='line_1_31' title="bbox 43 1981 1497 2033; baseline 0.001 -15"><span class='ocrx_word' id='word_1_245' title='bbox 43 1981 120 2018; x_wconf 80' lang='lat' dir='ltr'>luti</span> <span class='ocrx_word' id='word_1_246' title='bbox 137 1983 254 2029; x_wconf 79' lang='lat' dir='ltr'>dato,</span> <span class='ocrx_word' id='word_1_247' title='bbox 284 1989 350 2019; x_wconf 87' lang='lat' dir='ltr'>aut</span> <span class='ocrx_word' id='word_1_248' title='bbox 376 1995 454 2020; x_wconf 84' lang='lat' dir='ltr'>uno</span> <span class='ocrx_word' id='word_1_249' title='bbox 484 1996 533 2020; x_wconf 69' lang='lat' dir='ltr'>ex</span> <span class='ocrx_word' id='word_1_250' title='bbox 563 1985 695 2031; x_wconf 77' lang='lat' dir='ltr'>iussu,</span> <span class='ocrx_word' id='word_1_251' title='bbox 724 1984 851 2020; x_wconf 75' lang='lat' dir='ltr'>hiant.</span> <span class='ocrx_word' id='word_1_252' title='bbox 899 1995 995 2032; x_wconf 86' lang='lat' dir='ltr'>quae</span> <span class='ocrx_word' id='word_1_253' title='bbox 1026 1982 1267 2033; x_wconf 84' lang='lat' dir='ltr'>Diodorique</span> <span class='ocrx_word' id='word_1_254' title='bbox 1300 1985 1385 2020; x_wconf 84' lang='lat' dir='ltr'>loca</span> <span class='ocrx_word' id='word_1_255' title='bbox 1415 1995 1497 2019; x_wconf 88' lang='lat' dir='ltr'>non</span> 
     </span>
     <span class='ocr_line' id='line_1_32' title="bbox 43 2034 1496 2090; baseline 0.001 -17"><span class='ocrx_word' id='word_1_256' title='bbox 43 2034 226 2084; x_wconf 66' lang='lat' dir='ltr'>fugerunt</span> <span class='ocrx_word' id='word_1_257' title='bbox 249 2038 490 2089; x_wconf 85' lang='lat' dir='ltr'>diligentiam</span> <span class='ocrx_word' id='word_1_258' title='bbox 509 2043 789 2078; x_wconf 84' lang='lat' dir='ltr'>accuratissimi</span> <span class='ocrx_word' id='word_1_259' title='bbox 813 2039 944 2089; x_wconf 86' lang='lat' dir='ltr'>Steph.</span> <span class='ocrx_word' id='word_1_260' title='bbox 974 2039 1145 2090; x_wconf 82' lang='lat' dir='ltr'>Bergler.</span> <span class='ocrx_word' id='word_1_261' title='bbox 1175 2041 1216 2076; x_wconf 91' lang='lat' dir='ltr'>in</span> <span class='ocrx_word' id='word_1_262' title='bbox 1244 2038 1287 2075; x_wconf 90' lang='lat' dir='ltr'>L.</span> <span class='ocrx_word' id='word_1_263' title='bbox 1316 2039 1345 2078; x_wconf 90' lang='lat' dir='ltr'>I.</span> <span class='ocrx_word' id='word_1_264' title='bbox 1372 2039 1496 2088; x_wconf 86' lang='lat' dir='ltr'>Epist.</span> 
     </span>
     <span class='ocr_line' id='line_1_33' title="bbox 45 2091 1494 2149; baseline 0.002 -20"><span class='ocrx_word' id='word_1_265' title='bbox 45 2091 120 2130; x_wconf 85' lang='lat'>22.</span> <span class='ocrx_word' id='word_1_266' title='bbox 143 2091 402 2143; x_wconf 83' lang='lat' dir='ltr'>Alciphronis.</span> <span class='ocrx_word' id='word_1_267' title='bbox 433 2092 504 2149; x_wconf 81' lang='grc' dir='ltr'>ἀφ’</span> <span class='ocrx_word' id='word_1_268' title='bbox 530 2092 621 2143; x_wconf 71' lang='grc' dir='ltr'><strong><em>ἑνὸς</em></strong></span> <span class='ocrx_word' id='word_1_269' title='bbox 640 2095 982 2149; x_wconf 65' lang='grc' dir='ltr'><strong><em>παραγγέλ,ιιατος</em></strong></span> <span class='ocrx_word' id='word_1_270' title='bbox 1002 2097 1105 2133; x_wconf 88' lang='lat' dir='ltr'>infra</span> <span class='ocrx_word' id='word_1_271' title='bbox 1122 2095 1234 2135; x_wconf 85' lang='lat' dir='ltr'><strong>XIII.</strong></span> <span class='ocrx_word' id='word_1_272' title='bbox 1253 2097 1329 2135; x_wconf 86' lang='lat'>45.</span> <span class='ocrx_word' id='word_1_273' title='bbox 1358 2096 1494 2133; x_wconf 52' lang='lat' dir='ltr'>WVESS.</span> 
     </span>
    </p>
   </div>
   <div class='ocr_carea' id='block_1_5' title="bbox 44 2159 1499 2500">
    <p class='ocr_par' dir='ltr' id='par_1_9' title="bbox 44 2159 1494 2267">
     <span class='ocr_line' id='line_1_34' title="bbox 155 2159 1494 2217; baseline 0 -17"><span class='ocrx_word' id='word_1_274' title='bbox 155 2159 258 2200; x_wconf 81' lang='lat'>185·</span> <span class='ocrx_word' id='word_1_275' title='bbox 290 2164 362 2203; x_wconf 91' lang='grc'>76.</span> <span class='ocrx_word' id='word_1_276' title='bbox 390 2159 638 2217; x_wconf 74' lang='grc' dir='ltr'><strong><em>Μύραιναι]</em></strong></span> <span class='ocrx_word' id='word_1_277' title='bbox 673 2160 907 2217; x_wconf 68' lang='grc' dir='ltr'><strong><em>Σιιῦραιναι</em></strong></span> <span class='ocrx_word' id='word_1_278' title='bbox 931 2163 1004 2212; x_wconf 85' lang='lat' dir='ltr'>M.,</span> <span class='ocrx_word' id='word_1_279' title='bbox 1031 2177 1106 2214; x_wconf 88' lang='lat' dir='ltr'>quo</span> <span class='ocrx_word' id='word_1_280' title='bbox 1125 2164 1239 2200; x_wconf 84' lang='lat' dir='ltr'>modo</span> <span class='ocrx_word' id='word_1_281' title='bbox 1261 2162 1494 2214; x_wconf 83' lang='lat' dir='ltr'>Agatharch.</span> 
     </span>
     <span class='ocr_line' id='line_1_35' title="bbox 44 2216 1348 2267; baseline 0.006 -17"><span class='ocrx_word' id='word_1_282' title='bbox 44 2225 81 2263; x_wconf 89' lang='lat' dir='ltr'>p.</span> <span class='ocrx_word' id='word_1_283' title='bbox 101 2216 178 2255; x_wconf 84' lang='lat'>28.</span> <span class='ocrx_word' id='word_1_284' title='bbox 211 2222 250 2252; x_wconf 86' lang='lat' dir='ltr'>et</span> <span class='ocrx_word' id='word_1_285' title='bbox 266 2216 427 2258; x_wconf 84' lang='lat' dir='ltr'>Aristot.</span> <span class='ocrx_word' id='word_1_286' title='bbox 447 2220 492 2257; x_wconf 92' lang='lat' dir='ltr'>V.</span> <span class='ocrx_word' id='word_1_287' title='bbox 513 2220 562 2257; x_wconf 90' lang='lat' dir='ltr'>H.</span> <span class='ocrx_word' id='word_1_288' title='bbox 586 2220 632 2259; x_wconf 90' lang='lat' dir='ltr'>A.</span> <span class='ocrx_word' id='word_1_289' title='bbox 661 2222 752 2267; x_wconf 59' lang='lat'>10„</span> <span class='ocrx_word' id='word_1_290' title='bbox 783 2221 851 2257; x_wconf 79' lang='lat' dir='ltr'>sed</span> <span class='ocrx_word' id='word_1_291' title='bbox 882 2221 980 2258; x_wconf 87' lang='lat' dir='ltr'>nihil</span> <span class='ocrx_word' id='word_1_292' title='bbox 1009 2223 1183 2258; x_wconf 85' lang='lat' dir='ltr'>interest.</span> <span class='ocrx_word' id='word_1_293' title='bbox 1212 2220 1348 2258; x_wconf 63' lang='lat' dir='ltr'>Wess.</span> 
     </span>
    </p>

    <p class='ocr_par' dir='ltr' id='par_1_10' title="bbox 44 2272 1499 2500">
     <span class='ocr_line' id='line_1_36' title="bbox 159 2272 1496 2330; baseline 0.001 -18"><span class='ocrx_word' id='word_1_294' title='bbox 159 2272 261 2312; x_wconf 87' lang='lat'>185·</span> <span class='ocrx_word' id='word_1_295' title='bbox 293 2274 367 2314; x_wconf 84' lang='lat'>80.</span> <span class='ocrx_word' id='word_1_296' title='bbox 413 2277 519 2323; x_wconf 77' lang='grc' dir='ltr'><strong><em>Ταῖς</em></strong></span> <span class='ocrx_word' id='word_1_297' title='bbox 547 2274 758 2330; x_wconf 69' lang='grc' dir='ltr'><strong><em>ἀποῤῥῶξι</em></strong></span> <span class='ocrx_word' id='word_1_298' title='bbox 787 2275 957 2329; x_wconf 73' lang='grc' dir='ltr'><strong><em>πέτραις</em></strong></span> <span class='ocrx_word' id='word_1_299' title='bbox 985 2274 1297 2328; x_wconf 72' lang='grc' dir='ltr'><strong><em>ἐπιτέμνοντες]</em></strong></span> <span class='ocrx_word' id='word_1_300' title='bbox 1339 2275 1496 2313; x_wconf 88' lang='lat' dir='ltr'>Mallem</span> 
     </span>
     <span class='ocr_line' id='line_1_37' title="bbox 44 2324 1494 2384; baseline -0.005 -9"><span class='ocrx_word' id='word_1_301' title='bbox 44 2324 119 2363; x_wconf 63' lang='lat'><strong>¹¹⁰0</strong></span> <span class='ocrx_word' id='word_1_302' title='bbox 139 2327 289 2375; x_wconf 77' lang='lat' dir='ltr'>quidem</span> <span class='ocrx_word' id='word_1_303' title='bbox 309 2331 392 2368; x_wconf 91' lang='lat' dir='ltr'>loco</span> <span class='ocrx_word' id='word_1_304' title='bbox 415 2333 589 2384; x_wconf 75' lang='lat' dir='ltr'>lapidum</span> <span class='ocrx_word' id='word_1_305' title='bbox 598 2333 876 2382; x_wconf 79' lang='lat' dir='ltr'>fragmentis,</span> <span class='ocrx_word' id='word_1_306' title='bbox 910 2346 1005 2384; x_wconf 86' lang='lat' dir='ltr'>quae</span> <span class='ocrx_word' id='word_1_307' title='bbox 1035 2334 1083 2370; x_wconf 89' lang='lat' dir='ltr'>ad</span> <span class='ocrx_word' id='word_1_308' title='bbox 1106 2333 1353 2372; x_wconf 84' lang='lat' dir='ltr'>incidendum</span> <span class='ocrx_word' id='word_1_309' title='bbox 1374 2333 1494 2380; x_wconf 70' lang='lat' dir='ltr'>aptis«</span> 
     </span>
     <span class='ocr_line' id='line_1_38' title="bbox 47 2385 1498 2439; baseline 0.004 -21"><span class='ocrx_word' id='word_1_310' title='bbox 47 2385 144 2419; x_wconf 83' lang='lat' dir='ltr'>sima</span> <span class='ocrx_word' id='word_1_311' title='bbox 172 2390 303 2431; x_wconf 82' lang='lat' dir='ltr'>erant,</span> <span class='ocrx_word' id='word_1_312' title='bbox 331 2391 535 2438; x_wconf 84' lang='lat' dir='ltr'>praecipue</span> <span class='ocrx_word' id='word_1_313' title='bbox 566 2391 652 2427; x_wconf 84' lang='lat' dir='ltr'>saxi</span> <span class='ocrx_word' id='word_1_314' title='bbox 685 2389 925 2438; x_wconf 78' lang='lat' dir='ltr'>Aethiopici,</span> <span class='ocrx_word' id='word_1_315' title='bbox 961 2390 1007 2428; x_wconf 90' lang='lat' dir='ltr'>de</span> <span class='ocrx_word' id='word_1_316' title='bbox 1037 2402 1112 2439; x_wconf 92' lang='lat' dir='ltr'>quo</span> <span class='ocrx_word' id='word_1_317' title='bbox 1141 2389 1327 2427; x_wconf 87' lang='lat' dir='ltr'>Herodot.</span> <span class='ocrx_word' id='word_1_318' title='bbox 1353 2388 1401 2425; x_wconf 92' lang='lat' dir='ltr'>ll.</span> <span class='ocrx_word' id='word_1_319' title='bbox 1425 2390 1498 2428; x_wconf 89' lang='lat'>86.</span> 
     </span>
     <span class='ocr_line' id='line_1_39' title="bbox 47 2437 1499 2500; baseline -0.002 -16"><span class='ocrx_word' id='word_1_320' title='bbox 47 2437 158 2476; x_wconf 72' lang='lat' dir='ltr'>Cous·</span> <span class='ocrx_word' id='word_1_321' title='bbox 180 2452 281 2489; x_wconf 70' lang='lat' dir='ltr'>supr·</span> <span class='ocrx_word' id='word_1_322' title='bbox 305 2440 353 2478; x_wconf 86' lang='grc' dir='ltr'>Π-</span> <span class='ocrx_word' id='word_1_323' title='bbox 380 2445 449 2483; x_wconf 83' lang='grc'>14.</span> <span class='ocrx_word' id='word_1_324' title='bbox 489 2446 663 2484; x_wconf 87' lang='lat' dir='ltr'>Praetuli</span> <span class='ocrx_word' id='word_1_325' title='bbox 690 2453 889 2495; x_wconf 86' lang='lat' dir='ltr'>praeterea</span> <span class='ocrx_word' id='word_1_326' title='bbox 913 2441 1222 2500; x_wconf 74' lang='grc' dir='ltr'><strong><em>ἁρμοζομένην,</em></strong></span> <span class='ocrx_word' id='word_1_327' title='bbox 1253 2452 1297 2483; x_wconf 91' lang='lat' dir='ltr'>ut</span> <span class='ocrx_word' id='word_1_328' title='bbox 1320 2452 1499 2482; x_wconf 84' lang='lat' dir='ltr'>naturam</span> 
     </span>
    </p>
   </div>
   <div class='ocr_carea' id='block_1_6' title="bbox 44 2496 402 2545">
    <p class='ocr_par' dir='ltr' id='par_1_11' title="bbox 44 2496 402 2545">
     <span class='ocr_line' id='line_1_40' title="bbox 44 2496 402 2545; baseline 0.008 -12"><span class='ocrx_word' id='word_1_329' title='bbox 44 2497 235 2545; x_wconf 83' lang='lat' dir='ltr'>respiciat.</span> <span class='ocrx_word' id='word_1_330' title='bbox 266 2496 402 2536; x_wconf 45' lang='lat' dir='ltr'>XVESS.</span> 
     </span>
    </p>
   </div>
   <div class='ocr_carea' id='block_1_7' title="bbox 43 2562 1501 2884">
    <p class='ocr_par' dir='ltr' id='par_1_12' title="bbox 43 2562 1501 2884">
     <span class='ocr_line' id='line_1_41' title="bbox 158 2562 1498 2623; baseline 0.001 -20"><span class='ocrx_word' id='word_1_331' title='bbox 158 2562 262 2603; x_wconf 89' lang='lat'>185.</span> <span class='ocrx_word' id='word_1_332' title='bbox 293 2564 367 2604; x_wconf 88' lang='grc'>93.</span> <span class='ocrx_word' id='word_1_333' title='bbox 393 2563 488 2605; x_wconf 83' lang='grc' dir='ltr'>Ἐπί</span> <span class='ocrx_word' id='word_1_334' title='bbox 503 2583 614 2615; x_wconf 90' lang='grc' dir='ltr'><strong><em>τινος</em></strong></span> <span class='ocrx_word' id='word_1_335' title='bbox 632 2567 908 2623; x_wconf 79' lang='grc' dir='ltr'><strong><em>λεωπετρίας]</em></strong></span> <span class='ocrx_word' id='word_1_336' title='bbox 938 2569 1005 2607; x_wconf 87' lang='lat' dir='ltr'>Sic</span> <span class='ocrx_word' id='word_1_337' title='bbox 1025 2576 1204 2619; x_wconf 88' lang='lat' dir='ltr'>praestat.</span> <span class='ocrx_word' id='word_1_338' title='bbox 1225 2568 1498 2621; x_wconf 86' lang='lat' dir='ltr'>Agatharchid.</span> 
     </span>
     <span class='ocr_line' id='line_1_42' title="bbox 46 2616 1500 2680; baseline 0.006 -24"><span class='ocrx_word' id='word_1_339' title='bbox 46 2633 81 2670; x_wconf 88' lang='lat' dir='ltr'>p.</span> <span class='ocrx_word' id='word_1_340' title='bbox 103 2620 179 2660; x_wconf 83' lang='lat'>92.</span> <span class='ocrx_word' id='word_1_341' title='bbox 208 2616 284 2671; x_wconf 75' lang='grc' dir='ltr'>τὴν</span> <span class='ocrx_word' id='word_1_342' title='bbox 317 2619 361 2660; x_wconf 73' lang='grc' dir='ltr'>δὲ</span> <span class='ocrx_word' id='word_1_343' title='bbox 385 2619 518 2677; x_wconf 81' lang='grc' dir='ltr'><strong><em>σάρκα</em></strong></span> <span class='ocrx_word' id='word_1_344' title='bbox 548 2628 632 2664; x_wconf 89' lang='grc' dir='ltr'>τῶν</span> <span class='ocrx_word' id='word_1_345' title='bbox 652 2621 812 2676; x_wconf 73' lang='grc' dir='ltr'><strong><em>ἰχθύων</em></strong></span> <span class='ocrx_word' id='word_1_346' title='bbox 845 2626 900 2672; x_wconf 82' lang='grc' dir='ltr'><strong><em>εἷς</em></strong></span> <span class='ocrx_word' id='word_1_347' title='bbox 920 2627 1169 2680; x_wconf 81' lang='grc' dir='ltr'><strong><em>λεωπετρίαν</em></strong></span> <span class='ocrx_word' id='word_1_348' title='bbox 1201 2622 1500 2678; x_wconf 62' lang='grc' dir='ltr'><strong><em>συναγαγόντες</em></strong></span> 
     </span>
     <span class='ocr_line' id='line_1_43' title="bbox 46 2674 1499 2731; baseline 0.003 -17"><span class='ocrx_word' id='word_1_349' title='bbox 46 2678 248 2716; x_wconf 81' lang='grc' dir='ltr'><strong><em>πατοῦσιν</em></strong></span> <span class='ocrx_word' id='word_1_350' title='bbox 268 2674 452 2724; x_wconf 68' lang='grc' dir='ltr'><strong><em>ἐκτενῶς.</em></strong></span> <span class='ocrx_word' id='word_1_351' title='bbox 485 2679 640 2718; x_wconf 87' lang='lat' dir='ltr'>Habent</span> <span class='ocrx_word' id='word_1_352' title='bbox 661 2689 813 2731; x_wconf 84' lang='lat' dir='ltr'>praeter</span> <span class='ocrx_word' id='word_1_353' title='bbox 844 2682 1004 2720; x_wconf 84' lang='lat' dir='ltr'>Suidam</span> <span class='ocrx_word' id='word_1_354' title='bbox 1023 2683 1278 2720; x_wconf 80' lang='lat' dir='ltr'>Alexandrini</span> <span class='ocrx_word' id='word_1_355' title='bbox 1310 2685 1499 2730; x_wconf 81' lang='lat' dir='ltr'>interpre-</span> 
     </span>
     <span class='ocr_line' id='line_1_44' title="bbox 43 2732 1501 2787; baseline 0.003 -17"><span class='ocrx_word' id='word_1_356' title='bbox 43 2739 102 2770; x_wconf 85' lang='lat' dir='ltr'>tes</span> <span class='ocrx_word' id='word_1_357' title='bbox 121 2732 370 2787; x_wconf 82' lang='grc' dir='ltr'><strong><em>λεωπετριάν</em></strong></span> <span class='ocrx_word' id='word_1_358' title='bbox 396 2734 535 2773; x_wconf 88' lang='lat' dir='ltr'>Ezech.</span> <span class='ocrx_word' id='word_1_359' title='bbox 562 2736 713 2777; x_wconf 89' lang='lat' dir='ltr'>XXIV.</span> <span class='ocrx_word' id='word_1_360' title='bbox 740 2741 780 2779; x_wconf 89' lang='grc'>7.</span> <span class='ocrx_word' id='word_1_361' title='bbox 805 2742 844 2779; x_wconf 90' lang='grc'>8.</span> <span class='ocrx_word' id='word_1_362' title='bbox 874 2738 1022 2777; x_wconf 77' lang='lat' dir='ltr'>XXVI.</span> <span class='ocrx_word' id='word_1_363' title='bbox 1044 2741 1088 2780; x_wconf 84' lang='lat'>4.</span> <span class='ocrx_word' id='word_1_364' title='bbox 1120 2741 1217 2787; x_wconf 82' lang='lat'>1-1.;</span> <span class='ocrx_word' id='word_1_365' title='bbox 1248 2746 1289 2775; x_wconf 90' lang='lat' dir='ltr'>ut</span> <span class='ocrx_word' id='word_1_366' title='bbox 1318 2738 1501 2775; x_wconf 87' lang='lat' dir='ltr'>audiendi</span> 
     </span>
     <span class='ocr_line' id='line_1_45' title="bbox 46 2791 1500 2884; baseline 0.005 -59"><span class='ocrx_word' id='word_1_367' title='bbox 46 2801 126 2826; x_wconf 89' lang='lat' dir='ltr'>non</span> <span class='ocrx_word' id='word_1_368' title='bbox 154 2791 255 2884; x_wconf 41' lang='lat' dir='ltr'>siat,</span> <span class='ocrx_word' id='word_1_369' title='bbox 294 2793 361 2840; x_wconf 84' lang='lat' dir='ltr'>qui</span> <span class='ocrx_word' id='word_1_370' title='bbox 391 2794 434 2830; x_wconf 89' lang='lat' dir='ltr'>in</span> <span class='ocrx_word' id='word_1_371' title='bbox 463 2791 748 2844; x_wconf 83' lang='lat' dir='ltr'>Agatharchide</span> <span class='ocrx_word' id='word_1_372' title='bbox 781 2793 1017 2850; x_wconf 78' lang='grc' dir='ltr'><strong><em>λεωπέτραν</em></strong></span> <span class='ocrx_word' id='word_1_373' title='bbox 1050 2809 1100 2835; x_wconf 81' lang='lat' dir='ltr'>ex</span> <span class='ocrx_word' id='word_1_374' title='bbox 1125 2793 1325 2846; x_wconf 86' lang='lat' dir='ltr'>Hesychio</span> <span class='ocrx_word' id='word_1_375' title='bbox 1354 2796 1500 2833; x_wconf 88' lang='lat' dir='ltr'>malue-</span> 
     </span>
     <span class='ocr_line' id='line_1_46' title="bbox 46 2852 322 2884; baseline 0.004 -1"><span class='ocrx_word' id='word_1_376' title='bbox 46 2852 150 2883; x_wconf 83' lang='lat' dir='ltr'>runt.</span> <span class='ocrx_word' id='word_1_377' title='bbox 237 2855 322 2884; x_wconf 79' lang='lat' dir='ltr'>ESS.</span> 
     </span>
    </p>
   </div>
   <div class='ocr_carea' id='block_1_8' title="bbox 1134 2910 1228 2951">
    <p class='ocr_par' dir='ltr' id='par_1_13' title="bbox 1134 2910 1228 2951">
     <span class='ocr_line' id='line_1_47' title="bbox 1134 2910 1228 2951; baseline 0 0"><span class='ocrx_word' id='word_1_378' title='bbox 1134 2910 1228 2951; x_wconf 61' lang='lat'>16³*</span> 
     </span>
    </p>
   </div>
  </div>
 </body>
</html>
