1828 3253
230 77 324 118 412
697 73 1215 116 ANNOTATIONES

234 189 464 240 Aegyptium
485 187 698 237 frequentis
716 190 808 226 olim
828 202 920 227 usus
939 191 981 227 in
999 202 1041 227 re
1062 196 1146 228 erat
1163 190 1325 238 medica,
1349 203 1459 242 saepe
1478 198 1677 241 propterea

234 251 486 283 memoratum
515 244 560 281 ab
600 244 833 312 Hippocrate
862 246 907 283 de
949 245 1117 284 Ulcerib.
1153 261 1190 297 p.
1225 250 1328 288 876.
1369 255 1408 285 et
1435 260 1514 297 seq.
1573 250 1676 293 Quin

235 304 277 340 in
302 302 477 352 Aegypto
507 307 615 338 tanta
642 304 723 339 eius
752 305 861 351 eopia
890 309 993 349 erat,
1024 309 1068 339 ut
1099 303 1249 341 Amasis
1280 303 1392 354 χίλια
1424 305 1677 357 στυπτηρινς

233 354 366 397 τάλα)
360 372 420 395 τα
434 356 605 406 Delphis,
636 358 736 395 (lona
755 359 924 406 undique
937 359 985 395 ad
1005 361 1138 407 templi
1158 361 1475 398 instaurationem
1491 363 1676 411 colligen-

234 415 350 460 tibus,
370 413 517 450 dederit
529 414 628 463 apud
640 413 877 452 Herodotum
899 414 943 452 ΙΙ.
962 416 1061 455 180.
1054 443 1075 462 .,
1095 427 1168 464 quo
1180 415 1366 454 Historici
1385 419 1469 453 loco
1484 418 1576 465 quid
1588 416 1676 455 Cla-

233 472 374 508 rissim.
395 469 470 506 Iac.
484 469 706 508 Gronovius
721 484 769 507 ex
780 470 872 510 Cod.
889 470 1082 509 Medicaeo
1093 475 1264 520 mutarit,
1284 472 1384 510 haud
1400 473 1574 521 quidem'
1564 486 1678 524 igno-

232 539 299 564 ro:
321 539 391 562 nec
403 538 541 574 sequor
554 533 703 573 tamen,
726 541 815 564 nam
834 534 872 564 et
885 527 1065 580 στυρίης,
1083 541 1177 578 quae
1199 529 1585 581 στυπτηρίης-106613
1596 532 1677 566 eius

231 585 393 632 imperio
413 585 638 631 occupavit,
666 583 850 620 Graeciae
870 586 1002 634 ignota
1024 598 1103 622 vox
1124 592 1202 632 est,
1227 592 1265 622 et
1286 599 1334 622 ex
1353 587 1519 623 alumine
1540 586 1677 623 diven-

233 640 315 676 dito
337 638 478 688 Delphi
496 652 614 689 aeque
633 641 831 688 pecuniam
854 642 893 676 in
913 654 1005 677 usus
1025 643 1156 690 templi
1177 653 1288 689 quam
1308 655 1355 679 ex
1380 650 1561 680 aromate
1583 644 1676 680 odo-

231 704 348 744 rato,
375 695 476 745 quod
499 695 642 749 στυρίη
668 696 811 732 dicitur
838 703 996 744 notare,
1022 699 1214 735 insumere
1232 706 1400 747 potuere.
1438 698 1581 735 Verum
1604 698 1676 735 hoc

233 754 367 790 obiter.
403 751 570 789 Diodori
604 765 772 790 errorem
796 754 926 804 tetigit
955 759 993 790 et
1022 752 1070 791 Is.
1104 751 1318 794 casaubon.
1341 757 1384 793 in
1403 753 1585 792 Strabon.
1608 754 1672 792 Vl.

230 821 267 859 p.
287 809 396 849 423.
424 808 559 845 wisss.

345 866 450 905 338.
486 865 556 903 56.
597 860 746 916 ῙΙΤικρὰ
765 861 841 915 μὲν
864 861 911 903 τὸ
934 861 1135 918 μέγεθος,
1164 860 1432 919 καρποφόρος
1452 864 1526 918 δὲ]
1558 866 1676 904 Insu-

228 922 308 960 lam
332 923 520 958 incultam
541 927 581 957 εἰ
600 927 774 968 tenuem,
802 921 911 957 cuius
941 934 1032 972 ager
1054 924 1175 960 miser
1199 930 1319 973 atque
1340 925 1513 970 ieiunus,
1544 923 1675 972 adpel-

227 979 283 1015 lat
305 976 438 1014 Cicero
460 976 524 1013 Ill.
544 979 584 1013 in
606 977 712 1014 Verr.
733 991 765 1014 e.
790 978 862 1016 37.
876 1004 887 1024 ,
912 984 955 1014 ut
975 985 1082 1015 tanto
1103 979 1229 1016 acrius
1253 981 1402 1016 insulae
1431 979 1676 1027 depeculato-

225 1047 308 1071 rem
338 1040 511 1084 urgeret,
550 1033 684 1071 eredo:
733 1035 878 1082 alioqui
919 1032 1081 1084 Liparae
1117 1037 1194 1087 γῆν
1233 1032 1436 1088 εὔκαρπον
1477 1035 1675 1086 praedicat

227 1089 380 1129 Strabo.
413 1089 547 1126 lVEss.

341 1147 446 1187 338.
485 1147 559 1185 66.
605 1140 836 1198 Ὀστεώδης
865 1143 1179 1199 ὀνομαζομένη]
1223 1146 1324 1184 Mela
1353 1149 1455 1184 inter
1484 1147 1675 1190 vlliAeo-

226 1204 300 1241 lias
319 1205 380 1240 illi
407 1205 534 1240 locum
563 1202 670 1239 dedit
693 1202 803 1240 L.11.
826 1205 865 1243 7.
893 1205 1010 1251 123.,
1036 1211 1192 1242 notatus
1222 1211 1461 1256 proptereaa
1488 1203 1558 1240 Ph.
1583 1203 1674 1241 Clu-

226 1262 336 1298 verio
358 1259 406 1295 Il.
428 1258 470 1296 S.
490 1258 535 1294 A
569 1272 600 1295 e.
627 1260 697 1299 14.
690 1286 715 1307 .‚
744 1271 856 1308 quem
873 1261 976 1299 vide.
1007 1260 1142 1297 WEss.

338 1316 442 1356 338.
470 1317 543 1355 71.
581 1307 706 1355 Οἷτοι
729 1315 772 1355 df*
792 1312 1079 1368 ταραχ(ὖὸεις’
1067 1314 1180 1362 όιτες
1193 1323 1262 1353 etc.
1274 1312 1293 1368 ]
1322 1315 1425 1353 Bene
1445 1315 1556 1353 Plato
1577 1314 1620 1353 L.
1640 1315 1670 1353 Ι.

225 1371 272 1410 de
294 1371 388 1420 Rep
409 1384 444 1420 p.
469 1373 573 1412 630.
593 1371 636 1408 Β.
660 1375 743 1411 τῶν
765 1369 1046 1426 ιιισθοᾳόρων
1067 1388 1104 1411 οι
1124 1374 1306 1411 πλεῖστοι
1330 1372 1383 1424 71'2
1386 1387 1465 1410 νοι
1471 1387 1533 1410 ται
1537 1374 1672 1438 θρα-

224 1443 268 1468 σε
253 1433 308 1476 εἴς
329 1427 395 1467 καὶ
416 1426 546 1468 ἄδικοι
571 1427 637 1467 καὶ
659 1424 851 1479 ὗβοισται
878 1444 944 1467 και
967 1426 1269 1481 ἀφρονέστατοι
1294 1442 1362 1479 σχε
1347 1425 1440 1467 ὸὸν
1463 1423 1670 1467 ἁπάντων.

225 1492 264 1523 et
295 1485 455 1534 Appian.
487 1485 549 1522 IV.
571 1484 669 1524 Bell.
691 1484 761 1523 Civ
752 1487 805 1522 il.
837 1498 874 1534 p.
910 1486 1045 1525 1085.
1058 1513 1069 1532 ‚
1098 1496 1209 1532 quem
1239 1498 1342 1521 nunc
1371 1497 1450 1521 non
1480 1485 1671 1522 exscribo.

224 1541 563 1591 Carthaginienses
581 1545 819 1578 mercenario
838 1543 960 1580 milite
982 1543 1188 1590 plurimum
1207 1542 1313 1578 fuere
1334 1541 1416 1587 usi,
1448 1543 1670 1591 expertique

223 1611 334 1647 saepe
354 1611 493 1648 magno
515 1611 583 1637 suo
602 1599 703 1635 malo
733 1605 844 1646 sunt,
873 1598 972 1635 nihil
993 1611 1038 1635 eo
1064 1600 1186 1649 magis
1217 1597 1377 1634 infidum
1402 1603 1440 1633 et
1460 1597 1508 1634 ad
1538 1598 1669 1635 turbas

222 1654 378 1692 ciendas
399 1657 568 1703 paratius
586 1667 680 1691 esse.
722 1654 808 1691 Hue
827 1661 1001 1703 spectant
1022 1654 1310 1702 prudentissimi
1333 1656 1532 1701 scriptoris
1551 1654 1671 1703 Poly-

221 1711 277 1748 bii
298 1713 456 1759 monita,
488 1711 624 1759 quibus
649 1724 725 1758 res,
752 1711 851 1749 bello
875 1714 976 1748 inter
997 1708 1334 1762 Carthaginienses
1354 1716 1393 1746 et
1411 1712 1669 1747 mercenarios

221 1769 366 1805 milites
387 1775 513 1818 gestas
527 1794 539 1813 ,
569 1767 719 1804 orditur
740 1766 783 1804 L.
804 1767 834 1805 I.
855 1769 928 1808 65.
959 1767 1094 1804 VVESS.
1148 1763 1151 1764 ⁷

335 1825 441 1863 339·
475 1826 547 1865 81·
599 1825 687 1875 Τῆς
713 1823 920 1877 διαφορᾶς
949 1845 999 1852 -
1030 1819 1322 1875 ἐκκαιομένης]
1371 1820 1430 1859 De
1460 1823 1569 1868 rixa,
1595 1822 1668 1869 ira,

221 1880 332 1927 odio,
355 1881 469 1926 bello,
499 1894 583 1917 cum
604 1881 785 1931 gliscunt,
811 1880 907 1917 nihil
928 1882 1072 1917 tritius.
1105 1878 1193 1916 vid.
1213 1878 1322 1917 Xlll.
1348 1880 1452 1919 112.
1472 1877 1579 1916 XIV.
1594 1880 1665 1919 77.

219 1936 309 1975 XV.
336 1939 409 1976 92.
444 1936 540 1974 XX.
567 1937 642 1976 33.
675 1944 713 1973 et
732 1937 867 1986 Polyb.
888 1936 934 1973 ΙΙ.
960 1939 998 1977 1.
1025 1934 1163 1973 VVESS.

336 1994 440 2033 339
464 1996 502 2034 8.
536 1991 800 2059 Κραῖίσῖους
821 1991 864 2031 δὲ
882 1989 979 2039 τοὺς
999 1987 1149 2031 ὀθόνια
1162 1988 1405 2042 ποιοῦντας]
1433 1989 1666 2041 Hesychius,

219 2050 456 2096 Μελιταῖα,
487 2044 638 2088 ὀθόνιά
667 2063 758 2087 τινα
791 2044 974 2100 διάφορα
1001 2046 1044 2087 ἐκ
1065 2046 1253 2098 ΖΙἸελίτης
1276 2049 1350 2098 τῆς
1380 2061 1522 2098 νησου.
1562 2046 1668 2084 Hinc
1718 2059 1721 2062 ’

217 2108 341 2144 vestis
370 2106 612 2152 Melitensis,
644 2112 682 2142 et
711 2104 824 2142 Verri
853 2104 988 2142 Melita
1018 2105 1235 2141 textrinum
1258 2116 1341 2155 per
1374 2105 1587 2140 triennium
1612 2104 1669 2141 ad

218 2163 443 2201 muliebrem
463 2169 608 2200 vestem
631 2163 913 2210 conficiendam
926 2161 1041 2208 fuit,
1066 2163 1107 2197 in
1128 2159 1324 2197 Ciceronis
1346 2159 1393 2195 ll.
1415 2159 1524 2196 Verr.
1544 2174 1575 2196 e.
1590 2162 1663 2199 72.

218 2226 258 2256 et
278 2219 340 2255 lV.
365 2220 439 2259 46.
468 2217 749 2255 Conficiebatur
767 2226 894 2255 autem
920 2219 1145 2254 tenuissima
1165 2216 1257 2252 haec
1276 2219 1396 2253 vestis
1417 2228 1465 2252 ex
1485 2217 1665 2254 arborum

217 2277 330 2321 lana,
357 2288 452 2324 quae
474 2274 630 2311 Graecis
652 2270 882 2322 ἔριόξυλον,
907 2274 1019 2310 nobis
1048 2275 1166 2323 vulgo
1197 2273 1441 2323 Gossz‘pium,
1477 2273 1591 2310 sicuti
1614 2284 1663 2309 ex

219 2333 405 2376 Quintino
426 2331 584 2367 docetur
603 2334 642 2367 in
664 2330 838 2368 Cluverii
857 2330 904 2367 ΙΙ.
936 2329 1043 2367 Sicil.
1063 2330 1151 2366 Ant.
1173 2342 1208 2378 p.
1229 2330 1334 2369 436.
1361 2328 1494 2365 Wssss.

333 2388 439 2427 339.
474 2389 543 2427 11.
570 2384 969 2437 Κατεσκευασμένας
994 2407 1041 2413 -
1067 2384 1267 2438 γείσσοις]
1311 2384 1412 2421 Male
1435 2383 1565 2421 Sehol.
1586 2382 1664 2421 Va-

216 2444 393 2491 ticanus,
418 2445 554 2481 melius
577 2443 858 2480 Grammaticus
880 2445 920 2480 in
931 2441 1114 2479 Biblioth.
1141 2440 1298 2478 Coislin.
1320 2453 1355 2489 p.
1371 2442 1479 2480 470.
1503 2439 1663 2479 Γείσιον

218 2499 284 2538 καὶ
306 2505 463 2552 γεῖσον,
494 2496 542 2538 τὸ
573 2496 701 2552 ἄκρον
732 2499 889 2549 τείχους
919 2496 944 2550 ἢ
968 2494 1220 2551 στεφάνωμα
1254 2495 1390 2543 οἴκου,
1423 2495 1491 2535 καὶ
1520 2501 1663 2548 γεΐσσα

216 2559 361 2606 τειχῶν
389 2553 509 2608 ἄκοα.
538 2567 613 2604 quo
644 2556 757 2593 modo
787 2555 962 2604 Euripid.
994 2554 1194 2591 Phoeniss.
1228 2568 1265 2591 v.
1293 2552 1427 2594 1165.
1460 2555 1593 2593 1187.
1625 2559 1662 2589 et

215 2611 470 2649 Alexandrini
500 2611 732 2662 Interpretes
772 2611 912 2649 Ezeeh.
945 2609 1030 2647 XL.
1058 2610 1132 2650 43.
1180 2609 1243 2647 ubi
1274 2609 1534 2659 Hieronymus
1565 2611 1661 2645 mire

216 2675 385 2715 aestuat,
414 2681 559 2716 neque,
587 2676 630 2705 ut
663 2682 702 2705 se
726 2668 924 2718 expediat,
954 2668 1117 2705 invenit.
1158 2665 1216 2703 De
1237 2666 1474 2703 Martianaeo
1502 2667 1544 2701 in
1566 2663 1661 2700 Hie-

215 2738 286 2762 ron
290 2727 369 2775 ymi
391 2722 437 2762 ’1.
464 2725 511 2761 ll.
542 2739 577 2776 p.
598 2726 704 2766 370.
737 2725 839 2762 idem
859 2737 938 2761 non
960 2725 1104 2761 iniuria
1125 2722 1282 2761 dixeris.
1312 2721 1414 2769 Iam,
1433 2720 1533 2770 quod
1553 2717 1661 2758 Cois-
