1828 3253
456 104 516 142 ΙΝ
548 103 658 142 LlB.
691 105 745 142 Η.
774 103 902 142 CAP.
927 107 1135 148 [10.-44.
1418 113 1512 152 207

59 213 212 271 χρόνον
235 214 277 257 ἓν
295 218 425 271 σχολῇ
445 215 512 256 καὶ
532 212 674 263 τόποις
694 212 715 256 ὁ
737 215 831 267 βίος
851 215 974 265 ἐστὶν,
1004 216 1047 257 ἓν.
1069 221 1143 259 τοῦ
1161 221 1379 270 βασιλικοῦ
1399 222 1509 263 διαι-

61 272 271 324 τωμένοις.
311 275 416 318 Quae
444 273 581 310 Latina
608 271 710 310 hunc
739 276 780 310 in
809 273 963 311 modum
993 275 1188 313 fecerunt:
1226 280 1297 328 qui
1313 280 1507 330 reliquum

63 336 214 381 tempus
245 332 364 367 otiosi
391 335 538 379 agunt,
577 330 616 366 in
639 330 738 366 loeis
756 329 804 366 ab
826 343 921 379 rege
941 333 1190 380 constitutis,
1235 334 1303 371 ubi
1319 342 1360 372 et
1375 338 1506 375 victus

63 387 120 422 eis
138 386 374 437 praebetur.
432 385 558 422 Nimis
578 386 749 433 profecto
766 386 999 424 liberaliter:
1046 387 1144 425 nihil
1164 391 1266 427 enim
1288 390 1435 430 Graeca
1457 394 1504 431 de

59 443 155 479 locis
176 455 199 479 a
219 455 310 493 rege
329 442 563 478 constitutis.
601 440 662 478 Tu
683 443 767 492 lege
789 437 952 489 πότοις,
982 449 1020 479 et
1039 447 1222 482 convivia
1239 448 1428 499 intellige,
1454 450 1505 487 ad

59 509 154 546 quae
175 504 346 547 sumptus
369 499 447 535 illis
470 509 518 534 ex
536 500 684 534 aerario
703 500 812 549 regio
832 498 1182 547 suppeditabantur.
1204 501 1278 538 Per
1300 510 1425 542 autem
1444 507 1504 544 fa·-

57 555 245 591 miliarem
275 554 520 591 librariorum
548 556 698 591 nationi
729 553 861 591 harum
889 568 1026 591 vocum
1061 559 1378 604 permutationem
1406 574 1503 610 esse,

57 608 114 648 Cl.
148 610 358 647 Salmasius
385 610 434 646 ad
456 608 596 646 Achill.
628 608 714 647 Tat.
734 610 778 647 V.
800 624 834 660 p.
856 611 978 657 339.‚
1010 611 1113 649 Gilb.
1139 611 1334 652 Gaulmin.
1358 618 1398 653 in
1420 616 1502 656 Eu-

56 665 238 703 stathium
259 665 304 702 de
317 665 636 703 lsmen.Amorib.
649 665 700 702 X.
719 667 874 716 p.402.
889 673 927 704 et
936 666 1095 718 August.
1108 667 1250 719 Bryan.
1276 671 1324 708 ad
1346 670 1501 711 Plutar-

56 720 119 759 chi
139 720 327 761 Themist.
340 718 389 760 T.
404 721 432 758 Ι.
444 733 479 770 p.
492 723 599 761 249.
621 722 711 759 edit.
721 722 886 760 Loudin.
907 726 1090 773 exemplis
1109 725 1365 775 declararunt,
1376 741 1500 780 neque

51 779 170 815 ullam
191 777 286 815 adeo
306 777 507 816 dubitandi
526 777 598 815 hac
618 778 771 827 quidem
792 778 838 816 de
858 783 1097 818 correctione
1115 784 1314 822 materiam
1332 786 1501 835 relique-

51 840 154 871 runt.
186 834 322 871 VVESS.

166 891 268 938 154.
290 890 363 930 34.
399 887 459 930 Τὸ
484 892 568 930 τῶν
587 885 773 943 ἐφόρων]
794 889 960 928 Arriano
983 890 1194 933 ἐπίσκοποι
1214 893 1336 933 Indic.
1359 910 1391 934 c.
1414 899 1499 947 12.,

51 952 91 983 at
111 944 308 994 Straboni,
335 949 450 984 sicuti
469 954 506 983 et
526 945 698 984 Diodoro
713 972 724 994 ,
750 945 906 1001 ἔφοροι.
933 949 1035 996 quod
1055 957 1256 1000 utrumque
1276 952 1435 991 eandem
1455 957 1498 992 in

51 1005 281 1040 senteutiam
299 1002 447 1040 recidit.
475 1002 609 1040 Wnss.

166 1069 268 1109 154.
294 1070 368 1109 43.
399 1068 482 1108 Καὶ
504 1067 602 1115 τοὺς
622 1066 827 1122 ἄρχοντας
846 1068 888 1108 ἐκ
913 1067 1073 1111 ‘coi-cmv
1094 1069 1262 1127 ἔχουσι]
1294 1073 1371 1113 Hic
1387 1078 1496 1128 sequi

48 1123 279 1172 debuerant,
312 1137 406 1174 quae
427 1133 513 1175 post
531 1123 787 1177 παρέκβασιν
818 1126 863 1163 de
885 1127 1099 1176 elephantis
1119 1131 1320 1181 leguntur,
1350 1131 1427 1172 εἶσὶ
1448 1133 1495 1174 δὲ

48 1177 143 1232 παρ’
171 1178 317 1227 Ἰνδοῖς
343 1179 411 1219 καὶ
441 1179 506 1219 ἐπὶ
534 1179 632 1227 τοὺς
662 1178 801 1228 ξένους
831 1189 904 1219 etc.
938 1196 1058 1232 usque
1090 1189 1177 1232 τοῖς
1205 1181 1495 1241 ἁμαρτάνουσι

46 1234 365 1290 προσφέρονται.
397 1248 492 1285 quae
522 1238 675 1285 quidem
704 1251 776 1289 ego
805 1251 884 1275 non
913 1238 1082 1278 dubitem
1105 1241 1406 1283 exscribentium
1430 1258 1494 1284 so-

46 1292 178 1330 cordia
197 1305 246 1329 ex
267 1292 339 1330 hoc
359 1294 444 1330 loco
465 1306 547 1330 eam
566 1295 607 1330 in
627 1293 755 1331 sedem
773 1296 1034 1346 immigrasse,
1079 1310 1214 1346 parum
1232 1301 1404 1348 profecto
1428 1314 1493 1339 ac-

44 1348 292 1386 commodam.
321 1348 408 1386 Hue
429 1352 462 1387 si
483 1357 737 1398 revocentur,
769 1351 865 1388 bene
887 1353 1017 1390 onmia
1036 1354 1266 1403 procedent,
1301 1369 1373 1394 nec
1395 1370 1493 1408 quae

45 1404 92 1441 de
110 1404 322 1453 elephantis
341 1404 468 1453 addit,
499 1406 627 1443 minus
647 1414 863 1456 opportuna
881 1404 1140 1458 videbuntur,
1167 1413 1285 1450 simili
1304 1413 1389 1452 loco
1411 1416 1492 1453 col-

43 1461 170 1498 locata
191 1461 237 1498 ab
259 1461 427 1499 Arriano
449 1461 569 1499 Indic.
594 1475 626 1499 c.
651 1464 720 1503 13.
753 1463 888 1502 VVESS.

160 1528 262 1567 154.
284 1528 359 1568 45.
393 1525 480 1568 Οὐκ
509 1526 593 1568 ἔστι
621 1527 666 1568 δὲ
683 1535 827 1582 γαμεῖν
849 1529 891 1579 ἐξ
915 1529 1042 1572 ἄλλου
1068 1530 1248 1588 μέρους]
1286 1534 1332 1574 Si
1350 1534 1492 1590 γένους

43 1596 93 1620 ex
126 1584 239 1621 libris
273 1582 389 1622 Coisl.
419 1591 459 1621 et
483 1583 620 1622 Mutin.
655 1588 859 1634 malueris,
891 1587 1164 1640 suffragabitur
1187 1590 1327 1630 Strabo
1346 1593 1434 1632 XV.
1453 1609 1491 1645 p.

49 1640 184 1680 1033.
207 1638 256 1676 D.
284 1637 359 1679 οὐκ
380 1637 463 1680 ἔστι
485 1638 520 1679 δ”
549 1638 642 1680 οἵτε
665 1647 808 1694 γαμεῖν
829 1641 871 1690 ἐξ
891 1641 1018 1683 ἄλλου
1037 1644 1200 1697 γένους,
1241 1644 1325 1687 οὔτ’
1351 1648 1489 1703 ἐπιτή-

42 1695 174 1746 δευμα
196 1693 279 1735 οὔτ’
302 1694 497 1749 ἐργασίαν
514 1694 846 1748 μεταλαμβάνειν
874 1696 1002 1751 ἄλλην
1021 1699 1063 1748 ἐξ
1085 1699 1233 1755 ἄλλης,
1264 1701 1361 1744 οὐδὲ
1380 1706 1490 1746 πλεί-

42 1766 114 1799 ους
131 1751 487 1806 μεταχειρίζεσθαι
506 1750 580 1793 τόν
603 1750 741 1793 αὐτόν.
771 1753 850 1791 Sed
870 1754 910 1792 id
932 1757 1087 1805 perleve
1108 1765 1166 1795 est
1188 1766 1227 1796 et
1245 1773 1364 1809 paene
1384 1764 1489 1801 arbi-

38 1809 213 1846 trarium.
243 1809 346 1847 Illud
367 1809 521 1858 quidem
541 1817 642 1846 certe
663 1822 710 1846 ex
731 1809 920 1848 Strabone
943 1811 1112 1862 adparet,
1133 1816 1174 1851 in
1192 1813 1254 1852 his
1277 1828 1373 1866 quae
1394 1832 1488 1856 con-

40 1871 273 1913 sequuntur,
309 1861 335 1917 ἢ
354 1863 518 1912 πλείους
536 1864 792 1919 προαιρέσεις
813 1868 930 1904 scribi
949 1876 1146 1917 oportere,
1185 1878 1272 1919 aut,
1316 1876 1426 1912 cuius
1444 1877 1487 1913 in

37 1927 204 1958 mentem
222 1920 443 1959 doctissimo
461 1920 649 1961 Rhodom.
674 1923 803 1970 venit,
834 1919 908 1963 δύο
929 1924 1206 1979 προαιρέσεις,
1232 1930 1293 1966 uti
1310 1924 1392 1967 fere
1412 1930 1488 1969 Δι’-’-

36 1979 134 2015 rian.
169 1990 202 2014 c.
238 1979 309 2018 12.
340 1977 474 2015 WEss.

149 2045 250 2083 Ibid.
279 2041 342 2084 ‘H
362 2043 617 2099 προαιρέσεις
643 2042 669 2098 ἢ
690 2043 863 2097 τέχνας]
897 2045 991 2085 Post
1014 2039 1288 2090 disiunctivam
1310 2052 1485 2092 inseren-

38 2099 128 2138 dum
145 2101 300 2139 videtur
322 2096 423 2149 δύο,
449 2114 493 2140 ac
514 2114 676 2150 sequens
698 2099 724 2154 ἢ
747 2105 788 2140 in
808 2103 875 2141 καὶ
898 2104 998 2141 forte
1023 2106 1260 2145 mutandum.
1292 2107 1427 2148 Rnon.

151 2168 254 2208 154.
279 2168 350 2209 52.
379 2165 540 2209 Κύουσι
561 2168 605 2208 δὲ
630 2166 727 2216 τοὺς
746 2168 823 2220 μὲν
844 2169 1083 2221 ἐλαχίστους
1105 2172 1206 2224 eta]
1251 2173 1392 2214 Strabo
1412 2179 1483 2215 iis-

39 2222 124 2260 dem
145 2224 272 2262 verbis
300 2227 524 2275 exsequitur
541 2225 630 2263 XV.
652 2239 686 2275 p.
705 2226 838 2267 1031.
858 2225 926 2274 Β.;
945 2233 988 2264 ut
1007 2227 1164 2267 dubium
1182 2243 1265 2268 esse
1290 2245 1368 2270 non
1386 2247 1481 2283 pos-

0 2315 1 2320 ,
38 2280 112 2325 sit,
140 2280 272 2317 eodem
297 2294 347 2318 ex
366 2282 626 2334 Megasthenis
653 2282 760 2319 fonte
782 2289 983 2331 utrumque
1006 2282 1192 2325 hausisse.
1251 2287 1481 2327 Aristoteles

37 2333 191 2373 biennio
211 2342 359 2374 uterum
377 2339 479 2376 ferre
498 2339 542 2376 V.
565 2338 669 2375 Hist.
692 2338 819 2375 Anim.
848 2340 917 2379 14.
938 2339 1135 2389 adfirmat,
1171 2354 1245 2391 quo
1263 2348 1479 2395 respexisse

37 2391 201 2428 arbitror
224 2391 369 2430 Aelian.
393 2394 455 2432 IV.
476 2394 526 2432 H.
548 2394 593 2431 A.
617 2396 690 2434 31.
721 2393 858 2432 Paullo
879 2402 967 2432 ante
988 2393 1208 2449 τετράποσι
1228 2395 1347 2448 ζώοις
1366 2413 1479 2451 opor-

35 2451 184 2494 tuerat,
212 2448 312 2496 quod
331 2462 453 2499 neque
473 2448 752 2488 Rhodomnnno
772 2451 895 2488 latuit.
929 2451 1063 2489 Wssss.

152 2515 254 2554 154-
279 2515 348 2555 57.
366 2514 467 2569 ’Έτη
496 2514 716 2568 διακόσια]
760 2517 820 2554 Ad
844 2524 1039 2556 trecentos
1060 2533 1183 2559 annos
1203 2523 1396 2573 elephanti
1418 2528 1478 2563 vi-

0 2585 3 2611 ÷
35 2575 114 2607 tam
133 2578 313 2622 prorogat
330 2571 585 2622 Philosophus
605 2573 706 2611 Vlll.
719 2573 820 2611 Hist.
833 2573 998 2612 Animal.
1013 2577 1054 2615 9.
1078 2590 1190 2626 quem
1213 2580 1363 2617 Plinius
1374 2581 1476 2618 Vlll.

1 2622 4 2660 Ῐ
33 2624 83 2662 Η.
103 2625 151 2663 Ν.
176 2628 246 2669 10.
266 2629 447 2676 sequitur.
478 2629 609 2681 Longe
627 2643 720 2667 vero
740 2633 928 2668 seniorem
947 2631 1055 2669 dabit
1075 2632 1298 2673 Philostrat.
1320 2636 1369 2672 11.
1395 2637 1473 2674 Vit.

1 2675 5 2702 ⁴¹
34 2681 159 2732 Apoll.
177 2684 246 2723 12.
269 2690 308 2720 et
326 2684 473 2722 Aelian.
497 2685 625 2723 1X.H.
638 2685 680 2722 A.
700 2687 796 2732 58.;
825 2687 926 2724 unde
949 2701 1018 2725 suo
1038 2691 1176 2728 merito
1198 2688 1475 2746 ἅμετροβίους

2 2735 5 2794 l
34 2737 215 2776 Manetho
238 2738 264 2776 1.
291 2741 362 2781 53.
384 2740 604 2792 elephantos
623 2749 829 2791 nuncupat.
863 2742 997 2783 VVnss.
