1828 3253
352 201 417 242 ΙΝ
445 201 558 242 LIB.
587 201 726 243 XIII.
757 201 883 244 CAP.
918 204 990 246 51.
1013 223 1061 233 —
1088 204 1161 247 54.
1395 209 1486 250 665

43 314 87 353 L.
108 314 137 352 1.
171 326 205 365 p.
229 315 336 356 335.
367 322 405 353 et
424 315 525 356 Plut.
554 315 740 354 Alcibiad.
765 329 801 366 p.
822 316 928 357 207.
954 315 996 354 C.
1025 323 1063 354 et
1092 316 1267 356 Eustath.
1300 320 1342 357 in
1370 319 1486 362 Hom.

45 385 82 423 p.
107 373 205 418 63.,
232 373 298 409 ubi
318 373 459 409 rectius
490 371 711 424 ,Μίιὸαρος
738 369 963 412 ἀπέσσουα.
991 372 1127 411 Wess.

160 429 263 469 582
288 429 363 468 67.
404 425 775 478 Παραπιμψαντες
797 427 840 467 ὸὲ
870 425 942 468 τὸν
962 426 1061 479 ἐμὸν
1081 425 1231 481 7όγον]
1273 429 1402 469 SicL.
1425 431 1488 474 lv.

45 484 120 524 34.
150 482 434 535 παραπέμψας
461 498 537 535 Tru
567 479 811 536 οἰκειότητα.
848 484 900 522 Et
927 484 1040 523 huius
1069 485 1154 522 lib.
1177 499 1210 523 c.
1241 488 1279 527 l.
1305 495 1342 525 et
1363 488 1489 527 XVII.

48 541 121 580 79.
151 540 285 578 wizss.

160 597 264 637 582.
298 595 371 636 80.
412 589 596 647 Σκὰφεσι
626 597 847 643 πολιτικοῖς
875 597 1034 647 μᾶλλον
1067 593 1381 649 κινδυνεύομεν]
1421 598 1491 637 Ιη-

44 658 211 701 terpres,
253 652 504 700 navigiorum
534 654 685 701 magite,
723 665 838 703 quam
877 655 1020 690 civium
1052 654 1261 691 discrimen
1293 656 1488 694 subimus:

45 710 155 759 quasi
173 709 329 758 legisset
350 702 522 772 σκάφεσι
540 709 699 757 μᾶλλον
724 706 747 759 ι’]-
769 709 1012 756 πολιτικοῖς,
1042 708 1143 757 quod
1163 717 1201 746 et
1228 724 1300 761 ego
1320 714 1490 761 praefer-

43 776 144 802 rem:
181 775 275 812 quae
305 764 407 799 enim
437 775 527 800 mox
557 763 602 800 (le
635 763 934 801 Atheniensibus
963 766 1186 816 subiungit,
1225 767 1264 803 id
1295 770 1490 816 requirere

43 820 248 866 videntur,
277 830 326 855 ne
354 818 479 856 dicam
508 819 554 856 de
586 819 865 868 Spartanorum
895 821 1197 868 consuetudine,
1228 834 1302 871 qua
1333 837 1490 862 suorum

43 876 318 926 paucissimos,
355 877 546 912 sociorum
577 877 703 924 plures
733 879 828 914 mari
858 878 1144 915 conmittebant.
1196 878 1411 919 Πολιτικοὶ
1442 880 1489 918 de

45 931 194 970 civibus
216 943 326 980 saepe
347 933 388 967 in
419 930 477 968 his
496 931 630 979 libris,
662 933 785 970 veluti
812 932 1016 971 πο7ιτικαὶ
1046 928 1260 985 δυνάμεις,
1290 935 1491 976 πολιτικοὶ

44 989 317 1041 στρατιῶται,
351 993 390 1023 ct
420 985 655 1026 πολιτικοὶ“
644 1003 737 1027 mne
742 993 777 1034 ἴς
805 989 904 1037 apud
924 989 1060 1040 Polyb.
1083 989 1112 1026 I.
1137 991 1210 1057 73.
1242 990 1290 1028 W
1296 1001 1376 1027 Ess.

158 1045 262 1083 582⁶.
294 1045 365 1083 86
400 1037 539 1094 ίΥμεῖς
562 1043 605 1082 ὸὲ
625 1047 699 1095 τῆς
718 1041 956 1096 θαλάττης,
984 1060 1059 1096 ουχ
1078 1040 1180 1097 ὖπέρ
1204 1055 1273 1085 etc.
1283 1046 1296 1097 ]
1324 1047 1409 1085 Nisi
1430 1047 1490 1085 his

48 1106 243 1137 succurrat
272 1100 417 1148 ellipsis
444 1101 738 1150 praepositionis
769 1099 812 1139 ἐκ
843 1107 909 1138 aut
940 1099 1031 1148 ὁια,
1063 1102 1214 1139 sublata
1243 1103 1491 1141 distinctione

44 1157 275 1204 inductaque
302 1154 423 1206 πεζῆς
449 1169 566 1202 voce,
608 1157 774 1193 scribere
801 1157 900 1193 forte
930 1160 1048 1195 satius
1077 1160 1161 1195 erit.
1209 1157 1360 1197 Revera
1389 1163 1491 1198 enim

46 1211 299 1249 Athenienses
329 1224 413 1248 cum
433 1213 622 1259 maxime,
650 1225 730 1249 non
754 1212 800 1250 de
829 1215 944 1250 maris
974 1215 1156 1263 imperio,
1183 1215 1248 1252 sed
1277 1228 1325 1252 ne
1355 1216 1396 1253 in
1425 1230 1491 1266 pe-

44 1270 208 1306 riculum
229 1266 457 1305 evertendae
478 1269 582 1305 urbis
603 1281 692 1305 suae
714 1270 905 1315 venirent,
932 1269 1169 1321 pugnabant.
1205 1269 1284 1308 Sed
1306 1270 1378 1309 hoc
1397 1285 1492 1324 quo-

47 1326 151 1362 niam
171 1325 403 1369 violentum,
431 1325 537 1373 prius
556 1325 786 1372 amplector(
802 1325 937 1362 WVESS.

163 1380 265 1420 583.
293 1381 332 1420 8.
383 1377 616 1432 Κλεοφῶν]
649 1378 921 1429 cleophontem
939 1380 1033 1419 haec
1053 1383 1157 1430 pacis
1177 1383 1405 1421 sanciendae
1430 1398 1492 1422 sa-

45 1435 252 1474 luberrima
282 1436 445 1473 consilia
475 1435 672 1473 disiecisse
703 1449 751 1473 ex
771 1436 1004 1475 Philochoro
1036 1437 1196 1485 docent,
1223 1441 1280 1476 uti
1311 1440 1493 1488 diximus,

45 1490 181 1529 Critici
212 1491 261 1529 ad
289 1490 422 1539 Eurip.
452 1490 577 1529 Orest.
606 1505 644 1530 v.
675 1494 780 1533 770.
811 1500 849 1530 et
877 1495 982 1533 900.
994 1525 1004 1542 ‚
1045 1505 1157 1542 quem
1187 1496 1221 1533 si
1249 1507 1319 1545 per
1349 1496 1494 1548 figuras

46 1546 166 1587 Poeta
188 1548 402 1599 designarit
430 1555 622 1596 postremo
653 1562 697 1586 eo
720 1550 828 1596 loco,
858 1557 901 1586 ut
926 1551 1078 1598 volunt,

219 1624 268 1632 --
304 1624 352 1631 -
388 1624 436 1632 --
467 1601 584 1643 Κάπι
614 1601 718 1643 τῶι)
747 1601 978 1653 ἀνίσταται,

213 1655 354 1711 ’Λνήρ
374 1674 436 1706 τις
457 1645 807 1712 αθυρόγλωσσος,
838 1657 992 1712 ἰσχύων
1005 1657 1162 1731 θράσει

211 1712 427 1782 ’Λργεΐος,
456 1713 530 1755 οὐκ
543 1713 743 1768 Ἀργεῖος,
774 1715 1035 1769 ηναγκασμει
1039 1732 1097 1765 ος,

219 1767 399 1825 Θορύβῳ
424 1786 466 1811 τε
488 1770 679 1820 πίσωος,
703 1769 894 1828 καμαθεΐ
917 1771 1144 1830 παρρησία,

215 1825 449 1875 Πιθανὸς
436 1825 487 1867 ἔτ’
512 1825 664 1875 αὐτοὺς
683 1830 916 1881 περιβαλεῖν
938 1831 1050 1884 κακῷ
1071 1844 1161 1869 τινι.

50 1887 201 1931 oportet
223 1883 417 1921 hominem
446 1886 645 1935 ingeniose
675 1897 838 1933 nequam
858 1886 998 1933 fuisse,
1030 1885 1132 1935 quod
1154 1890 1192 1922 et
1209 1884 1372 1934 fatetur,
1401 1900 1497 1925 eun-

49 1938 136 1975 dem
155 1951 204 1975 ex
224 1941 432 1978 virtutibus
454 1953 618 1987 ornans,
647 1940 892 1990 Aristophan.
914 1940 1012 1979 Ran.
1041 1955 1080 1980 v.
1104 1941 1239 1982 1580.
1277 1942 1377 1980 Nam
1395 1942 1498 1981 haud

50 1996 169 2032 alium
188 2008 294 2044 esse,
319 1995 453 2034 Critici
473 2004 700 2047 agnoscunt:
728 2001 923 2046 ceteroqui
943 2012 988 2035 eo
1008 1999 1161 2035 nomine
1183 1999 1311 2046 plures
1334 1998 1497 2038 Athenis

50 2051 181 2099 fuere,
211 2052 257 2089 de
277 2053 413 2102 quibus
431 2053 478 2089 ad
495 2055 603 2090 illum
625 2053 818 2103 Aristoph.
840 2068 993 2091 versum
1017 2055 1242 2092 Palmerius.
1271 2054 1410 2093 WVESS.

168 2108 271 2149 583.
307 2110 377 2149 13.
417 2105 644 2162 Βραβεύειν
676 2106 728 2147 τὰ
759 2107 865 2148 κατὰ
885 2107 1065 2162 πόλεμον
1095 2106 1422 2163 προτερήματα]
1454 2111 1499 2150 In

50 2176 94 2202 re
111 2176 192 2201 non
220 2165 420 2212 dissimili,
445 2165 511 2202 sed
530 2168 653 2216 magis
672 2178 721 2202 ex
748 2179 863 2213 vero,
897 2165 1043 2217 Ioseph.
1072 2166 1305 2215 Antiq.1ud.
1325 2167 1366 2205 L.
1391 2168 1498 2206 XIV.

53 2221 97 2259 9.
131 2221 170 2260 5.
197 2221 432 2272 λογίζεσθαι
463 2220 532 2268 δὲ,
573 2218 650 2269 ὡς,
695 2221 729 2260 εἴ
755 2221 822 2261 καὶ
856 2220 1037 2274 πολέμου
1070 2219 1201 2275 ῥοπὰς
1229 2220 1421 2274 βραβεύει
1447 2221 1496 2264 τὸ

53 2277 183 2322 θεῖον,
207 2275 328 2316 πλέον
347 2276 432 2316 ἐστὶ
452 2281 526 2329 τῆς
546 2276 762 2326 στρατείας
779 2275 826 2317 τὸ
851 2275 1015 2330 ἄδηλον.
1047 2279 1380 2318 Considerandum
1404 2293 1502 2327 esse,

54 2333 161 2382 quod
186 2334 223 2369 si
249 2333 343 2370 belli
366 2341 560 2371 momenta
580 2333 691 2371 Deus
718 2336 969 2381 moderetur,
1009 2347 1053 2372 eo
1081 2337 1210 2384 magis
1237 2339 1502 2388 expeditionis

56 2394 236 2426 eventum
266 2391 306 2426 in
326 2389 440 2427 dubio
460 2390 575 2437 fore.
625 2389 734 2427 Conf.
756 2391 803 2427 ad
833 2390 874 2427 L.
893 2390 999 2430 XIV.
1026 2392 1100 2432 65.
1127 2392 1262 2429 Wnss.

172 2445 275 2484 583.
306 2447 381 2486 28.
428 2442 539 2493 Τούς
565 2443 597 2486 τ’
632 2444 674 2493 ἐξ
688 2443 870 2500 Ἰβηρίας
891 2445 1236 2500 ξενολογηθέντας
1255 2455 1328 2488 etc.
1341 2448 1360 2499 ]
1403 2448 1501 2487 Vide

56 2511 137 2550 cap.
157 2501 232 2540 44.
262 2501 399 2541 Wssss.

169 2557 274 2598 583.
296 2558 371 2598 46.
398 2555 522 2597 Μετὰ
542 2556 586 2597 δὲ
606 2560 739 2597 ταῦτα
754 2555 953 2606 πολλοῖς
939 2557 1043 2599 ἔτεσι
1064 2555 1168 2613 πρὸς
1186 2556 1299 2599 αὐτῶ
1321 2557 1488 2598 κτισθέ
1471 2576 1502 2597 ι-

58 2625 135 2663 σης
151 2619 222 2650 etc.
233 2610 249 2664 ]
284 2611 447 2650 Condita
466 2627 488 2650 a
506 2612 885 2665 Carthaginiensibus
903 2617 994 2653 urbs
1013 2623 1083 2662 est,
1111 2622 1310 2665 postquam
1330 2614 1502 2665 Motyam

58 2667 272 2719 Dionysius
305 2676 516 2716 everterat,
546 2670 689 2708 Nostro
718 2677 813 2707 teste
838 2671 970 2723 Eclog.
992 2671 1096 2709 XIV.
1118 2673 1185 2709 lib.
1205 2671 1362 2717 XXII-3
1390 2684 1503 2721 quam

59 2738 146 2761 cum
173 2731 361 2774 tyrannus
382 2728 613 2775 oppresserit
633 2740 734 2763 anno
763 2735 898 2776 quarto
931 2728 1085 2778 Olymp.
1106 2738 1225 2774 XCV„
1254 2729 1311 2764 uti
1344 2699 1502 2765 docetur

59 2779 103 2819 L.
125 2779 233 2820 XIV.
263 2782 354 2826 50„
383 2794 462 2818 non
480 2783 592 2833 longe
613 2783 659 2820 ab
680 2796 724 2819 eo
743 2789 909 2833 tempore
933 2785 1063 2834 oppidi
1082 2786 1191 2834 origo
1211 2784 1342 2820 abesse
1362 2790 1500 2831 potest.

60 2836 114 2874 Et
134 2845 260 2874 tamen
281 2836 550 2888 Lilybaetanos
570 2838 764 2876 Diodorus
783 2851 869 2877 cum
893 2839 1117 2892 Segestanis
1139 2843 1180 2878 in
1201 2845 1392 2877 certamen
1413 2852 1506 2877 con-
