1828 3253
258 185 349 224 806
725 183 1243 223 ANNOTATIONES

367 296 472 336 73]-
510 295 584 337 85.
624 291 807 348 ῙΙῚάρκον
843 292 1051 348 Φούριον]
1095 296 1302 334 Adleverat
1330 294 1418 335 libri
1440 301 1497 335 sui
1532 301 1700 349 margini

251 349 419 387 Ursinus
440 350 563 391 λείπει
585 367 635 390 τι.
696 352 808 396 (Quod
829 355 1072 389 verissimum
1096 356 1192 399 crit,
1221 354 1297 391 nisi
1320 356 1352 390 si
1371 356 1537 392 remedio
1561 359 1696 402 utaris,

251 407 298 443 de
318 420 394 457 quo
415 408 463 444 ad
485 407 519 443 h.
540 410 666 459 iocum
684 413 905 446 memoravi.
941 409 1074 446 Wnss.
1097 411 1137 445 in
1153 410 1250 446 Add.

366 476 472 514 731.
504 476 580 515 95.
615 471 719 514 ίΥπὸ
755 473 954 528 Αἴκλων]
1005 475 1167 512 Rectum
1201 483 1258 512 est
1285 477 1443 516 Αἷκῶν.
1486 477 1597 515 Conf.
1626 478 1693 515 Li-

247 531 355 568 vium
376 530 419 568 L.
430 530 494 568 Vl.
514 533 558 571 2.
590 539 629 568 et
649 532 718 568 Ph.
741 531 893 570 Cluver.
915 532 1000 569 Ital.
1017 533 1104 569 Ant.
1120 533 1165 570 ll.
1189 545 1223 580 p
1240 534 1537 572 774.W-:1³s‚

363 599 467 638 731.
498 599 572 638 97
609 599 683 644 Εἷς
716 598 996 652 Σοιτοιανῆν]
1034 599 1200 636 InfraL.
1217 600 1314 638 XX.
1337 602 1409 640 35
1436 597 1554 655 716712·
1584 597 1692 639 Σου-

245 667 383 706 τριον,
421 651 592 694 ἄποικον
613 650 830 705 Ρωμαίων
861 663 998 693 vocat:
1038 657 1137 706 quod
1165 664 1201 692 et
1232 656 1293 693 hic
1325 664 1537 705 praestare,
1578 659 1693 694 siculi

245 721 336 746 mox
349 709 601 763 Σουτρίνοις,
622 710 689 748 Ph.
699 710 795 750 Clux
786 725 852 751 er.
868 711 952 752 ltal.
969 712 1099 762 Antiq.
1122 711 1164 749 L.
1178 712 1225 749 H.
1244 726 1280 762 p.
1295 715 1398 753 555.
1418 714 1514 750 bene
1534 716 1692 751 monuit.

244 764 381 802 Wnss.

360 835 464 874 731.
493 837 536 875 2.
579 830 806 874 Οῧεάσκιον
834 831 910 887 τὴν
941 830 1083 884 πόλιν]
1135 836 1330 879 Quaenam
1360 848 1403 872 ea
1423 839 1474 873 sit
1502 837 1616 884 urbs,
1643 836 1691 873 ad

244 888 525 927 adfirmandum
547 891 700 927 difficile
719 899 788 929 est.
844 890 1111 943 Cogitaveram
1136 892 1179 929 de
1207 892 1332 938 Veiis,
1371 893 1471 939 quod
1492 906 1592 929 nunc
1613 895 1693 942 pla-

243 956 292 982 ne
321 947 509 996 displicet.
573 945 774 985 Cluverius
799 947 826 984 I.
859 948 906 985 A.
938 947 980 985 L.
1002 947 1069 985 lll.
1105 960 1139 995 p.
1162 949 1268 987 955.
1313 947 1494 997 Γαβίους
1522 951 1692 997 corrigit,

242 1005 421 1051 quoniam
445 1003 548 1040 Galli
577 1011 730 1051 postero
761 1004 844 1051 die„
880 1016 991 1052 quam
1011 1004 1104 1040 urbe
1126 1005 1273 1052 expulsi
1299 1010 1426 1050 erant,
1462 1005 1518 1042 acl
1540 1005 1688 1043 Gabios

243 1070 266 1094 a
288 1055 448 1096 Camillo
470 1060 548 1095 sint
567 1062 692 1108 caesi,
718 1067 872 1097 auctore
889 1061 999 1098 Livio
1023 1059 1066 1098 L.
1082 1060 1128 1096 V.
1150 1061 1224 1099 49.
1254 1066 1289 1096 et
1308 1059 1348 1096 L.
1364 1059 1426 1096 Vl.
1451 1063 1524 1101 28.
1565 1060 1687 1109 Atque

241 1112 316 1149 hoc
337 1116 430 1152 ferri
453 1123 646 1165 utcunque
670 1124 808 1165 posset.
867 1117 977 1160 Quod
1006 1129 1098 1153 vero
1125 1118 1334 1153 orationem
1361 1123 1502 1163 mutat,
1538 1119 1620 1155 τῶν
1646 1115 1690 1155 δὲ

242 1170 445 1210 Γαλατῶν
464 1168 791 1223 ἀπεληλυθότων
811 1170 891 1211 ἀπὸ
908 1169 1068 1222 Ῥι,ι’ν,((ης
1089 1171 1155 1210 καὶ
1178 1171 1358 1222 Γαβίους
1378 1170 1452 1222 τὴν
1474 1167 1589 1211 πόλιν
1614 1180 1686 1212 etc.

241 1228 437 1274 scribens,
474 1228 513 1265 id
545 1230 627 1265 sine
655 1231 756 1266 iusta
778 1241 913 1266 caussa
931 1228 1037 1275 fieri,
1076 1237 1246 1277 apertum
1267 1235 1335 1265 est.
1391 1227 1554 1265 Dubites
1575 1232 1688 1266 etiam

242 1283 287 1319 de
308 1286 549 1322 coniecturae
569 1287 753 1332 veritate,
780 1292 860 1323 tum
881 1287 969 1334 quia
989 1286 1211 1335 longissime
1229 1298 1250 1321 a
1270 1286 1427 1335 vulgato
1451 1285 1578 1331 distet,
1608 1293 1687 1323 tum

240 1341 379 1387 etiam,
418 1341 519 1389 quod
546 1349 634 1378 ante
664 1355 708 1379 ea
733 1344 863 1381 onmia
893 1343 1101 1392 contigerit
1120 1342 1158 1379 id
1186 1342 1392 1390 praelium,
1432 1353 1527 1389 quae
1556 1355 1578 1377 a
1611 1340 1688 1378 Ca-

238 1397 347 1432 millo
383 1395 582 1435 Dictatore
621 1397 684 1436 hic
723 1406 831 1449 gesta
872 1404 1142 1435 memorantur.
1220 1398 1307 1448 Ego
1342 1403 1444 1434 certe
1487 1398 1688 1446 ampliabo.

238 1451 376 1491 Wssss.

356 1509 460 1548 731.
493 1509 536 1548 4.
566 1505 619 1549 ιὈ
642 1505 878 1562 εἷλῆφεισαν
897 1507 952 1555 εἷς
969 1504 1151 1559 (Ρώίιιηιῇ
1191 1506 1340 1544 Tritius
1360 1508 1510 1558 quidem
1531 1507 1572 1546 ἔν
1586 1503 1685 1547 εΡῶ-

236 1579 318 1616 μῃ,
355 1564 458 1612 quod
486 1563 787 1602 Rhodomaunus
813 1568 853 1602 in
883 1572 1010 1601 notar.
1056 1564 1229 1602 Addend.
1250 1563 1312 1600 hic
1336 1566 1471 1601 iterum
1495 1567 1683 1601 inculcat:

237 1628 278 1656 at
294 1621 474 1669 frequens
496 1620 629 1658 harum
649 1623 976 1671 praepositionum
1008 1623 1193 1671 enallage.
1239 1620 1324 1657 vid.
1345 1621 1393 1657 ad
1413 1620 1455 1659 L.
1471 1621 1583 1657 Xlll.
1616 1623 1683 1660 12.

235 1674 376 1724 Liquet
392 1683 517 1713 autem
536 1676 625 1714 hinc
649 1679 873 1724 manifeste,
911 1680 952 1715 in
982 1678 1209 1723 annalibus,
1247 1677 1383 1724 quibus
1406 1691 1495 1714 usus
1513 1685 1569 1714 est
1588 1676 1683 1715 Dio-

236 1732 376 1781 dorus,
421 1732 521 1769 nihil
556 1734 761 1771 admodum
786 1735 906 1771 fuisse
939 1734 983 1770 de
1013 1735 1262 1770 altercatione
1293 1732 1485 1770 Romanos
1511 1736 1613 1770 inter
1645 1740 1683 1770 et

235 1787 390 1835 Gallos,
424 1790 534 1825 cuius
555 1793 756 1827 occasione
776 1789 953 1827 Dictator
974 1788 1156 1826 Camillus
1175 1790 1317 1826 auferri
1336 1803 1468 1826 aurum
1491 1790 1535 1826 de
1557 1790 1680 1826 medio

234 1850 273 1880 et
292 1844 426 1881 Gallos
447 1846 667 1884 submoveri
682 1849 836 1883 iusserit
853 1846 951 1896 apud
973 1847 1122 1883 Livium
1147 1846 1190 1885 L.
1205 1846 1249 1882 V.
1268 1847 1366 1893 48„
1393 1848 1507 1882 nimis
1529 1860 1570 1882 ea
1593 1849 1681 1895 qui-

233 1900 317 1937 dem
336 1904 376 1938 in
394 1915 435 1938 re
456 1900 715 1940 Romanorum
735 1905 883 1954 gloriae
904 1903 1130 1939 studiosum.
1188 1900 1329 1939 Confer
1349 1901 1425 1940 lac.
1450 1903 1680 1939 Palmerium

233 1956 449 1996 Exercitat.
470 1969 507 2006 p.
526 1961 630 1999 188.
654 1967 691 1997 et
712 1972 815 2009 seqq.
872 1959 1012 1997 W'Ess.

346 2025 450 2065 731-
483 2026 524 2065 7.
558 2023 772 2079 Έκωλῦθη
802 2025 1017 2078 θρίαμβον
1049 2023 1236 2079 ἀγαγεῖν]
1285 2025 1424 2062 Omnia
1444 2027 1520 2062 alia
1544 2025 1678 2063 Livius

229 2079 345 2118 LVI.
366 2082 431 2127 4.,
466 2094 488 2118 a
509 2094 583 2130 quo
604 2091 641 2120 et
660 2085 717 2121 illi
739 2086 942 2133 plurimum
971 2083 1182 2130 dissident,
1212 2083 1275 2131 qui
1299 2083 1342 2118 de
1373 2081 1511 2118 Tuscis
1535 2081 1677 2119 Camil-

228 2138 308 2174 lum
336 2138 435 2173 albis
466 2139 662 2190 quadrigis
692 2139 970 2189 triumphasse,
1010 2146 1048 2176 et
1077 2146 1277 2189 propterea
1304 2152 1326 2175 a
1357 2139 1496 2186 populo
1526 2139 1676 2189 ingenti

227 2195 388 2241 pecunia
408 2196 610 2233 multatum
625 2197 746 2234 fuisse
767 2196 995 2234 referebant.
1027 2196 1123 2234 Vide
1147 2209 1233 2232 eum
1259 2193 1301 2231 L.
1317 2195 1361 2232 V.
1381 2195 1456 2234 23.
1479 2201 1516 2231 et
1539 2208 1572 2230 e.
1597 2196 1672 2233 33.

225 2248 304 2286 W}
308 2260 360 2286 ss.

341 2307 446 2345 731.
476 2308 547 2346 10.
586 2306 694 2358 Περ
684 2324 693 2345 ι
717 2323 765 2346 m
786 2304 891 2346 κατὰ
908 2304 1006 2354 τοὺς
1035 2306 1207 2353 οικειόνς
1220 2321 1399 2358 >somme
1419 2304 1676 2402 ἒπιμνησθνέ-

225 2355 408 2413 σοίιεθα]
442 2361 531 2399 Non
553 2371 610 2400 est
629 2377 696 2400 cur
717 2363 787 2401 hoc
808 2365 1016 2401 concedere
1033 2366 1243 2412 scripturae
1263 2365 1328 2400 lib.
1352 2362 1452 2400 Clar.
1471 2371 1508 2399 et
1524 2362 1615 2413 ch.

224 2416 370 2455 debeat.
402 2417 530 2455 Rem
519 2433 640 2469 ipsam
663 2423 785 2458 altero
805 2420 943 2458 abhinc
962 2434 1064 2458 anno
1083 2422 1226 2457 frustra
1249 2432 1418 2468 quaeres,
1479 2419 1529 2456 Vv
1535 2430 1617 2455 Fss.

337 2487 441 2525 731-
476 2488 548 2526 13.
583 2482 693 2526 (17πό
714 2487 898 2540 Kene'wv]
947 2487 1156 2539 Καιρίων,
1191 2495 1234 2524 ut
1255 2488 1435 2524 Cum-ires
1454 2488 1552 2533 sint,
1597 2486 1670 2522 Or-

221 2542 335 2578 telius
359 2549 396 2578 ct
419 2541 574 2579 Sinison
597 2542 737 2581 Chron.
760 2545 807 2582 ad
828 2545 899 2582 An.
921 2544 974 2584 M.
992 2547 1073 2585 36}
1091 2546 1127 2583 5.
1157 2545 1337 2594 probasse
1359 2545 1551 2580 videntur.
1595 2542 1624 2578 1
1627 2556 1669 2578 .ι-

220 2604 288 2635 τοί
308 2596 354 2634 St
359 2599 449 2635 rabo
468 2598 509 2635 L.
522 2599 565 2635 V.
586 2612 621 2647 p.
634 2601 738 2640 337.
768 2615 852 2639 cum
875 2602 921 2638 de
941 2600 1179 2647 Caeretanis,
1222 2616 1289 2639 και
1317 2597 1394 2652 γὰο
1426 2614 1523 2644 τοις
1556 2595 1669 2637 2762-

219 2668 296 2699 τας
327 2651 401 2703 τὴν
427 2649 589 2706 Ῥώμην
613 2652 807 2703 Γαλάτας
833 2656 1194 2709 κατεποὶέιιησαν,
1233 2655 1408 2694 ἐπιοῖσιι
1437 2653 1556 2693 grul-:75
1544 2670 1675 2704 μενοι,

220 2707 326 2747 κατὰ
352 2709 570 2760 Σαμίνοῑς.
602 2715 666 2762 qui
687 2716 719 2749 si
739 2714 783 2750 de
804 2715 933 2752 eadem
951 2728 992 2752 re
1011 2715 1199 2764 loquatur,
1232 2726 1384 2762 campus
1407 2714 1519 2748 etiam
1536 2711 1667 2748 'lmu-

218 2767 300 2802 δίας
319 2768 359 2802 in
384 2765 540 2803 Sabinis
560 2771 634 2805 erit
653 2771 904 2818 quaerendus.
963 2769 1060 2808 Mihi
1083 2770 1253 2808 nondum
1273 2770 1322 2806 ad
1354 2768 1540 2818 liquidum
1571 2767 1664 2805 haec

218 2822 380 2860 deducta
399 2822 591 2861 videntur.
649 2824 782 2865 Wssss.
