1828 3253
400 180 461 220 [N
491 178 603 218 Lm.
627 172 771 219 xm.
801 177 930 218 CAP.
963 178 1189 221 56.·-·59.
1414 183 1508 223 669

68 290 225 343 κοντός.
275 293 318 332 Id
340 295 443 332 enim
471 284 629 331 ‘firmant
656 299 832 331 veterum
855 293 940 331 loca
960 305 983 331 a
1003 290 1135 343 Lipsio
1153 291 1356 331 Poliorcet.
1382 292 1446 331 IV.
1466 294 1510 334 4.

69 359 181 401 atque
202 352 288 389 aliis
311 347 506 402 produeta.
543 349 678 387 wass.

186 414 562 459 587.87.‘1'E2eua
582 418 655 455 τοῦ
677 432 734 468 μη
726 414 806 455 δέν
827 412 1017 468 ἀσεβεῖν]
1058 414 1244 454 Graeciae
1272 418 1442 454 moribus
1470 418 1511 454 id

68 477 237 514 valuisse
262 487 372 511 nemo
391 475 557 540 ignorat.
602 474 704 516 Quin
728 480 765 509 et
790 474 852 509 lex
873 471 1035 508 Athenis
1052 480 1155 518 crat,
1181 471 1253 512 τόι
1274 472 1315 512 ἕν
1334 476 1392 528 τῷ
1414 471 1510 525 iem&

58 526 288 585 ‘xataqu‘
259 545 368 570 οντα
396 526 455 581 μὴ
486 522 766 580 ἀποθνήσκειι
780 555 792 575 ,
821 529 933 566 modo
964 541 1012 565 ne
1039 529 1149 565 fallat
1169 529 1393 579 Anonymus
1414 530 1512 567 Pro-

68 588 183 627 blem.
208 585 363 624 Rhetor.
382 598 414 622 c.
437 586 508 625 15.
537 585 751 631 Persarum,
770 598 930 634 quorum
950 585 1186 621 atrocitatem
1204 585 1287 621 heic
1304 587 1424 623 Poeni
1446 600 1510 622 ae-

69 645 277 692 mulantur,
303 643 380 679 alia
398 640 647 687 consuetudo,
677 641 742 677 sed
763 642 809 677 ab
832 640 1074 687 Alexandro,
1103 655 1187 678 cum
1212 642 1333 678 vicem
1351 642 1510 679 reddere

68 701 148 738 illis
165 704 309 748 posset,
338 699 441 735 ultro
459 696 668 745 repudiata.
697 697 727 734 Ι
733 697 792 734 ide
814 697 1016 746 Polybium
1037 696 1079 734 Ι.
1098 697 1142 733 V.
1171 699 1239 737 10.
1264 697 1313 734 w
1317 709 1398 735 1,.38

188 767 292 806 587
316 765 391 805 94.
430 762 516 804 Καὶ
539 763 668 817 χωρὶς
689 759 932 814 αἷγμάὶωτα
954 760 1143 818 συνήχθη
1167 763 1291 803 πλείω
1310 767 1392 803 τῶν
1415 760 1508 817 etc]

68 820 220 871 Sequor
241 819 358 858 Coisl.
389 821 595 871 Vulgatum
627 822 727 857 enim
755 820 974 871 ambiguum
993 829 1087 860 erat.
1116 816 1284 871 -1171100
1290 835 1399 867 ωτα,
1427 822 1511 859 sive

70 873 315 927 αἰχμάλωτα
339 872 528 928 σώματα,
550 883 592 913 ut
611 889 734 925 saepe,
756 879 900 924 captivi
921 883 1025 923 sunt,
1051 884 1088 914 et
1107 877 1173 916 καὶ
1191 891 1318 929 χωρις
1339 879 1513 930 insuper,

60 941 234 986 praeter
237 947 298 981 ea,
325 932 640 982 quemadmodum
658 931 701 969 L.
725 932 795 969 Xl.
817 934 893 973 20.
915 940 1103 971 notatum.
1123 933 1257 972 less.

185 1002 288 1042 587.
314 1004 353 1041 8.
387 995 574 1046 Τούτους
594 997 635 1038 (5'
662 995 818 1051 δρῶσαι
840 993 1037 1040 ἆσυιετον
1056 1016 1106 1051 με
1091 999 1132 1041 ἐν
1152 1016 1227 1052 την
1251 1016 1394 1068 ᾳωιην
1416 1000 1510 1055 etc.]

70 1055 140 1094 Sic
161 1070 194 1095 c.
218 1058 289 1097 57.
306 1053 419 1108 παρὰ
437 1054 512 1106 μὲν
532 1060 617 1102 τοῖς
626 1048 863 1107 ‘'Enerv'
839 1072 889 1109 ην
909 1053 1117 1110 ὀδυρμοίς
1136 1057 1205 1096 καὶ
1225 1053 1385 1110 δάκρυα
1403 1059 1513 1098 θεω-

69 1118 167 1167 ρεῖν.
197 1112 412 1163 Aeschylus
430 1111 625 1151 Prometh.
647 1126 685 1149 v.
706 1084 780 1152 211.

227 1166 296 1208 ‘'Iv’
321 1182 413 1208 ουτε
436 1164 602 1222 φωνὴν,
631 1182 724 1207 ουτε
747 1183 820 1208 του
838 1166 1009 1223 μορᾳὴν
1029 1170 1194 1222 βροτῶν

226 1221 352 1275 ’Όψει
376 1245 424 1251 --
449 1244 498 1252 -·

58 1280 195 1329 ,Atque
214 1282 270 1318 ita
289 1281 428 1327 verba,
460 1281 584 1317 visum
607 1279 835 1332 indicantia,
860 1280 910 1318 ad
929 1283 1026 1318 alios
1050 1295 1184 1318 sensus
1204 1282 1512 1332 frequentissime

69 1343 283 1374 transeunt.
323 1334 510 1385 Exempla
532 1334 712 1372 Barthius
731 1329 780 1372 ad
799 1335 916 1374 Statii
934 1336 1058 1376 Theb.
1081 1337 1127 1374 11.
1155 1339 1257 1378 101.
1289 1346 1328 1375 et
1346 1338 1408 1376 F.r
1431 1339 1514 1377 Ou-

70 1392 241 1441 dendorp
263 1395 305 1430 in
325 1392 472 1429 Lucani
491 1390 534 1428 L.
555 1390 583 1428 Ι.
605 1393 712 1432 254
736 1392 935 1430 dederunt.
966 1393 1107 1430 Wssss.

189 1460 397 1500 587.11.
444 1456 580 1498 Οἶονεὶ
614 1456 795 1511 νυῃιοίς
827 1458 883 1506 εἷς
910 1457 986 1512 τὴν
1015 1457 1157 1512 ψυχὴν
1193 1457 1514 1513 λαμβάιουσαι]

62 1516 210 1554 >Simile
233 1523 311 1563 est,
341 1516 409 1553 sed
437 1517 579 1552 maiore
607 1516 811 1552 verborum
840 1517 1074 1567 granditate,
1095 1520 1135 1554 in
1157 1516 1196 1554 S.
1217 1517 1343 1556 Lucae
1362 1518 1514 1570 Evang.

73 1586 107 1612 c.
131 1572 178 1609 ΙΙ.
203 1573 276 1611 35.
321 1571 389 1611 καὶ
419 1573 494 1610 σοῦ
524 1569 568 1609 de*
599 1568 728 1622 αὐτῆς
755 1569 831 1622 τὴν
860 1569 1002 1624 ψυχὴν
1032 1569 1278 1613 διελεύσεται
1313 1572 1515 1628 ῥομφαία

72 1629 204 1666 Animi
226 1630 329 1665 enim
348 1628 551 1676 utrobique
572 1626 723 1663 dolores
741 1600 974 1675 indicantur,
988 1629 1054 1665 sed
1072 1632 1284 1677 posteriore
1303 1632 1388 1668 loco
1410 1639 1516 1668 atro-

71 1687 208 1723 ciores.
241 1683 351 1728 Quod
368 1684 592 1729 subiicitur,
623 1680 721 1747 τοὺς
747 1683 791 1722 ὁὲ
809 1683 991 1736 πατέρας
1015 1705 1063 1713 —-
1087 1681 1355 1735 ἐμακάριζον,
1382 1695 1516 1726 natum

65 1747 134 1778 -est
154 1753 202 1777 ex
223 1753 268 1777 ea
289 1742 552 1790 plerorumque
572 1739 776 1788 opinione,
801 1751 875 1787 qua
894 1753 1000 1777 suam
1019 1742 1286 1789 calamitatem,
1315 1743 1518 1782 defuncto·

71 1810 159 1836 rum
176 1798 343 1834 miseriis
362 1809 457 1847 grai
461 1797 595 1842 iorem,
615 1795 790 1832 miserari
813 1797 950 1833 solent.
988 1795 1151 1848 Ulysses
1174 1797 1315 1849 Odyss.
1337 1799 1387 1848 E,
1410 1801 1516 1842 306.

186 1851 289 1904 Τρις
306 1865 490 1904 μακαρες
508 1849 692 1897 Δαναοὶ,
720 1865 788 1890 και
809 1847 1017 1906 τετράκις,
1038 1851 1084 1893 οι
1097 1849 1179 1893 τότ’
1204 1851 1350 1896 όλοντο

63 1929 66 1933 ’
187 1908 318 1961 Τροίῃ
347 1907 388 1946 ἐν
419 1906 562 1960 εὐοείῃ.
593 1927 639 1935 —-
674 1927 722 1935 -

72 1965 150 2005 Pro
169 1964 309 2015 quibus
328 1963 514 2014 Virgilius
533 1963 628 2001 Aen.
651 1961 678 2000 Ι.
696 1963 769 2003 94.

189 2041 238 2050 -
276 2041 324 2048 —-
362 2019 397 2058 Ο
420 2027 556 2071 terque
578 2026 799 2070 quaterque
820 2011 930 2057 beati

187 2077 287 2124 Quis
307 2083 400 2113 unte
418 2090 491 2113 ora
505 2083 670 2128 patrum
697 2075 845 2115 Troiae
865 2076 934 2114 sub
956 2077 1153 2116 moenibus
1172 2079 1270 2117 altit

193 2134 371 2182 Contigit
391 2132 604 2184 oppetere!
634 2153 682 2159 —
717 2153 766 2159 —

73 2189 182 2227 Adde
211 2190 340 2227 virum
368 2191 565 2240 egregium
585 2188 629 2228 L.
650 2187 726 2225 Bos
748 2187 920 2226 Exercit.
940 2188 1132 2241 philolog.
1156 2192 1199 2228 in
1222 2190 1452 2242 Apocalyps.
1483 2204 1517 2229 e.

74 2245 184 2285 xlv.
207 2246 278 2285 13.
305 2244 440 2282 Wnss.

190 2311 292 2353 587.
317 2312 389 2351 31.
423 2308 534 2358 Τοὺς
555 2309 600 2351 δὲ
617 2307 745 2357 θεοὺς
764 2307 880 2357 ἐκτὸς
900 2308 1166 2357 Σελινοῦντος
1186 2309 1396 2365 οἴχεσθαι]
1419 2314 1517 2352 Vide

76 2368 214 2407 Muret.
236 2367 326 2406 Var.
349 2366 455 2407 Lect.
477 2367 519 2404 L.
543 2368 587 2405 V.
613 2370 683 2408 18.
714 2374 753 2403 et
781 2365 1003 2404 Turnebum
1023 2367 1229 2406 Adversar.
1252 2369 1295 2407 L.
1314 2370 1422 2407 XIV.
1446 2372 1515 2411 15.

74 2425 268 2463 Putabant
295 2422 397 2460 Deos
417 2436 464 2462 ex
483 2425 665 2470 urbibus,
708 2423 843 2473 quibus
864 2435 1043 2471 praesens
1072 2425 1264 2463 excidium
1293 2428 1519 2474 inminebat,

74 2481 178 2519 ultro
199 2479 405 2526 excedere,
431 2482 580 2529 templis
602 2480 774 2516 desertis.
803 2478 1016 2530 Aeschylus
1038 2480 1119 2518 VH.
1137 2479 1178 2517 C.
1204 2480 1326 2556 Theb.
1348 2496 1386 2520 v.
1405 2483 1514 2523 223.

195 2557 243 2563 —
280 2556 329 2563 —-
366 2556 405 2563 —
438 2533 543 2574 Ἀλλ’
577 2551 650 2575 ου1
678 2532 806 2582 θεοὺς

191 2589 302 2638 Τους
323 2593 397 2642 τῆς
415 2587 594 2642 ἁλούσης
616 2587 762 2637 πόλεος
785 2590 975 2630 ἐκλείπειν
994 2587 1125 2644 λόγος.

76 2648 154 2685 Ubi
174 2646 380 2684 Stanleius.
412 2648 536 2692 Quare
556 2646 691 2698 Tyrii,
714 2648 831 2685 veriti
849 2660 897 2684 ne
925 2647 1062 2696 Apollo
1093 2649 1314 2700 aufugeret,
1338 2662 1421 2686 cum
1453 2663 1518 2686 ur-

75 2704 162 2742 bem
184 2703 403 2740 Alexander
421 2703 624 2751 obsideret,
651 2703 778 2741 aureis
798 2717 884 2741 eum
906 2707 1051 2742 catenis
1072 2706 1389 2742 constrinxerunt
1417 2706 1519 2742 infra

78 2760 121 2799 1..
145 2758 272 2798 Xvfl.
291 2760 365 2799 41.
399 2758 534 2798 Wuss.

192 2817 295 2857 588.
317 2816 390 2856 34.
434 2811 606 2855 Τούτων
632 2813 709 2866 μὲν
739 2810 761 2855 ὃ
786 2811 978 2867 Ἀννίβας
1008 2814 1112 2869 etc.]
1153 2815 1244 2854 Fuit
1263 2812 1396 2871 τούτῳ
1418 2818 1519 2853 olim.
