1828 3253
483 220 548 262 ΙΝ
588 219 830 262 Maxu.
869 220 994 260 CAP.
1025 223 1256 263 :za—29.
1500 226 1591 267 583

141 336 242 388 quod
264 335 399 375 lectica
418 335 466 375 ob
485 336 688 374 mollitiem
711 335 1093 387 circumgestat-etur,
1123 334 1287 383 dictum,
1316 334 1464 374 Pericle
1485 340 1589 387 prio-

141 408 221 433 rem
241 393 462 445 perhibente
493 392 593 440 apud
614 391 714 429 Plut.
737 392 875 430 Pericl.
896 405 932 441 p.
963 393 1060 432 167.
1080 390 1126 428 A.
1164 391 1302 428 WVEss.

252 451 360 490 496.
383 450 459 489 93.
495 447 763 500 ΖΙἸυριχίδου]
792 446 850 485 De
871 447 983 485 huius
1006 450 1173 484 nominis
1195 451 1383 496 scriptura
1407 464 1442 486 v.
1468 448 1585 486 Scid-

137 508 209 544 leri
220 505 382 543 Dissert.
403 503 448 541 de
470 511 637 552 tempore
648 517 722 553 quo
740 507 902 553 primum
914 511 997 540 acta
1010 510 1068 540 cst
1081 503 1287 554 Antigona,
1306 507 1508 553 praelixam
1523 506 1580 542 ed.

135 562 372 609 Hermanni‚
406 573 441 610 p.
460 559 591 597 XXII.
631 559 868 612 Zlffopaeygt'd‘tyg
902 561 1082 597 scribitur
1114 562 1155 596 in
1189 561 1313 607 lapide
1344 562 1390 596 ab
1417 562 1582 598 Oderico

135 618 193 656 De
214 619 421 656 didascalia
440 629 652 653 marmorea
673 616 775 652 edito
796 629 830 664 p.
854 618 945 663 67.,
971 622 1014 652 ut
1034 615 1298 668 lvsovptgz‘oojg
1318 618 1488 655 eiusdem
1511 631 1581 654 no-

133 677 252 713 minis
273 675 371 711 alius
393 673 435 709 in
457 672 684 722 quibusdam
704 673 816 709 libris
837 671 1023 709 Herodoti
1044 671 1112 709 IX.
1135 672 1178 711 4.
1202 685 1232 709 s,

243 731 352 781 496.
384 730 458 773 94.
501 724 684 781 Μάρκον
714 723 954 780 Γιγάντων]
1003 727 1157 777 Repoue
1191 724 1397 781 Γεγάνιον.
1440 728 1575 766 Ruon.

130 780 353 838 Γεγάνὶον]
398 784 548 834 Sequor
575 790 794 823 monentem
823 783 1162 831 Rhodomanuum,
1202 792 1284 822 tum
1313 786 1412 833 quod
1444 788 1575 835 scripti

129 841 246 879 Codd.
273 843 444 892 proxime
467 842 621 887 abeant,
642 848 722 878 tum
741 843 923 891 quoniam
943 847 1079 878 auctor
1100 842 1156 878 ita
1178 843 1324 878 scribat
1344 843 1423 889 ipse
1445 856 1476 879 c.
1499 843 1572 881 33.

127 898 237 935 Alter
255 897 465 935 Consulum
483 896 523 934 C.
544 897 664 934 lulius
685 896 797 934 Livio
814 897 963 938 111.65.
988 897 1126 934 WVESS.
1150 896 1338 934 Macerini
1359 911 1574 949 cognomen

126 955 274 993 addunt
297 954 482 1004 Geganiis
502 952 739 1002 Capitolinae
761 955 925 1000 tabulae,
954 961 992 990 et
1016 956 1068 990 ita
1086 956 1278 1001 reperitur
1300 956 1413 991 etiam
1434 957 1473 991 in
1495 968 1575 991 ma-

125 1012 335 1061 nuscriptis
356 1009 518 1048 Diodori
538 1010 734 1047 codicibus
748 1037 760 1055 ,
790 1012 831 1047 iu
852 1012 1020 1061 vulgatis
1042 1023 1238 1060 perperam
1258 1009 1454 1048 Macrinus
1476 1012 1573 1061 legi-

125 1074 200 1104 tur.
232 1066 406 1103 Plufflus
427 1066 565 1104 Annal.
584 1065 626 1103 L.
638 1066 702 1104 111.
717 1077 754 1115 p.
775 1067 877 1108 158.
909 1068 983 1112 Qui
997 1069 1126 1104 nescio
1141 1078 1236 1116 quos
1247 1074 1315 1104 aut
1334 1069 1497 1117 scriptos
1509 1074 1575 1105 aut

125 1123 250 1161 editos
271 1123 391 1160 libros
411 1122 525 1160 dicat.

234 1180 342 1220 496.
364 1180 438 1220 97.
473 1175 533 1218 Τὸ
564 1173 786 1231 δεύτερον]
819 1178 986 1216 Pravum
1017 1185 1074 1216 est
1102 1185 1141 1216 et
1171 1180 1212 1216 in
1235 1175 1282 1218 τὸ
1309 1177 1448 1231 τρίτον
1478 1192 1571 1216 con-

121 1236 359 1288 mutandum.
395 1235 567 1284 Namque
585 1233 723 1271 Crison
752 1234 814 1271 hic
839 1242 897 1272 ter
918 1235 1098 1285 Olympia
1121 1236 1232 1283 vicit,
1251 1235 1322 1273 hac
1352 1246 1509 1272 Lxxxv.
1531 1242 1569 1272 et

123 1292 269 1329 duabus
293 1291 565 1340 superioribus.
592 1290 677 1328 vid.
701 1305 733 1327 c.
760 1292 798 1339 5„
823 1298 861 1328 et
880 1293 956 1330 23.
986 1291 1121 1328 Wnss.

231 1348 340 1387 496.
366 1348 441 1387 99.
485 1344 574 1396 Τὴν
596 1348 680 1385 τῶν
699 1346 996 1398 Καλλατίνων]
1031 1347 1171 1384 Verum
1195 1354 1254 1384 est
1275 1345 1562 1387 Καλακτίνων.

118 1401 221 1441 Urbs
244 1404 444 1440 dicebatur
462 1399 584 1454 Καλὴ
603 1399 725 1454 Ἀκτὴ
751 1416 865 1452 supra
885 1416 916 1440 c.
939 1406 978 1443 8.
1007 1402 1110 1440 Hinc
1131 1405 1275 1454 gentile
1300 1404 1565 1442 Καλακτῖνοι.

119 1459 286 1509 Lapsum
314 1459 416 1496 hunc
442 1459 687 1496 librariorum
715 1459 898 1496 viderunt
921 1461 998 1497 viri
1027 1461 1176 1510 egregii
1207 1459 1256 1498 Is.
1280 1458 1491 1496 casaubon.
1523 1463 1566 1497 in

118 1515 259 1553 Athen.
282 1515 487 1555 L.V1.2l.
510 1514 580 1553 Ph.
600 1513 803 1552 Cluverius
824 1514 904 1552 Sic.
924 1515 1053 1565 Antiq.
1078 1515 1120 1553 L.
1142 1515 1190 1554 Il.
1219 1529 1255 1565 p.
1279 1517 1386 1556 291.
1412 1522 1450 1552 et
1471 1514 1566 1553 Bar-

120 1571 477 1623 heyraciusHistor.
488 1570 646 1608 Foeder.
658 1570 701 1610 P.
719 1570 746 1607 1·
761 1583 797 1620 p.
816 1574 833 1611 l
850 1573 917 1611 14.
936 1585 1058 1621 neque
1079 1573 1241 1609 obscura
1254 1585 1315 1609 res
1338 1578 1406 1609 est.
1427 1572 1567 1610 Wssss.

228 1629 335 1668 496.
358 1629 398 1667 2.
431 1626 760 1677 Ζῑῖῐεσολαβηθιὶς
778 1626 822 1666 δὲ
841 1624 950 1683 νόσῳ
971 1626 1044 1667 τὸν
1060 1627 1154 1680 βίον
1170 1628 1271 1679 etc.]
1301 1627 1359 1665 De
1379 1629 1565 1679 loquendi

117 1696 259 1736 genere
282 1684 365 1720 dixi
385 1682 429 1725 L.
455 1683 528 1720 XI.
551 1684 592 1722 2.
622 1683 757 1722 5Vnss.

229 1741 338 1780 496.
368 1741 410 1779 4.
453 1736 577 1790 Πλὴν
595 1741 670 1790 τῆς
688 1736 992 1790 ὀνομαζομένης
1016 1737 1263 1792 Τρινακιής]
1298 1739 1386 1776 Non
1409 1753 1564 1789 possum

119 1798 214 1833 satis
233 1798 387 1843 mirari,
418 1796 606 1845 quomodo
627 1796 771 1832 factum
791 1797 861 1841 sit,
895 1802 937 1831 ut
959 1796 1004 1831 dc
1027 1794 1095 1832 hac
1117 1797 1211 1832 urbe
1235 1803 1313 1832 tam
1337 1797 1491 1842 celebri,
1522 1802 1561 1832 et

117 1864 230 1901 quam
259 1852 452 1890 Diodorus
479 1852 635 1889 videtur
664 1851 870 1887 secundam
900 1858 985 1899 post
1008 1850 1220 1901 Syracusas
1251 1854 1370 1889 totius
1404 1851 1562 1888 Siciliae

115 1909 265 1957 facere,
297 1909 443 1946 nullam
474 1910 706 1945 mentionem
735 1908 900 1944 fecerint
917 1909 983 1943 alii
1003 1921 1147 1954 omnes,
1179 1921 1274 1957 quos
1294 1908 1474 1945 habemus
1493 1921 1561 1945 au·-

117 1971 256 2005 ctores.
298 1964 397 2002 Nam
432 1963 685 2010 Trinaciam,
711 1965 774 2001 vel
795 1965 920 2011 potius
947 1963 1216 2011 Trinacriam,
1247 1977 1392 2011 omnes,
1421 1966 1487 2012 qui
1513 1964 1558 2000 de

116 2020 254 2059 Sicilia
281 2023 540 2070 scripserunt,
583 2021 720 2058 volunt
737 2020 857 2056 fuisse
878 2032 1017 2057 nomen
1038 2022 1238 2069 antiquum
1257 2022 1404 2057 insulae
1426 2022 1558 2067 totius,

116 2078 162 2114 de
192 2078 286 2114 urbe
314 2090 407 2125 yero
445 2079 525 2113 eius
556 2078 723 2113 nominis
751 2075 850 2124 apud
871 2074 1120 2123 Strabonem,
1146 2075 1383 2126 Stephanum
1402 2083 1440 2113 et
1461 2078 1558 2113 alios

116 2131 212 2174 οὐδὲ
231 2129 320 2187 γρῦ.
355 2132 437 2170 Nec
454 2131 677 2179 Cluverius,
705 2133 771 2182 qui
789 2139 867 2169 tam
889 2139 1023 2170 exacte
1045 2133 1091 2170 de
1112 2131 1248 2170 Sicilia
1267 2136 1424 2181 antiqua
1445 2134 1557 2170 volu-

114 2203 204 2227 men
233 2192 426 2240 integrum
447 2191 635 2236 exaravit,
667 2188 712 2225 de
735 2202 779 2225 ea
798 2188 891 2225 urbe
912 2189 1091 2237 loquutus
1111 2194 1182 2236 est,
1216 2196 1253 2225 et
1271 2188 1373 2226 hunc
1396 2188 1559 2226 Diodori

116 2247 243 2283 locum
264 2245 536 2292 dissimulavit,
567 2246 698 2282 nescio
719 2257 846 2293 quare.
888 2244 990 2281 Num
1013 2245 1050 2281 id
1073 2247 1219 2294 accepit
1237 2258 1259 2282 a
1283 2244 1441 2282 Timaeo
1461 2244 1558 2282 Dio-

117 2299 258 2339 dorus?
281 2301 469 2338 sublestae
488 2302 579 2338 fidei
598 2301 808 2348 historico,
840 2306 879 2337 et
910 2303 976 2350 qui
1007 2298 1074 2339 διὰ
1100 2298 1146 2340 τὸ
1178 2298 1231 2340 τὰ
1252 2298 1431 2352 τυχόντα
1453 2298 1557 2340 ἀνα-

115 2353 311 2410 γράφειν,
340 2356 692 2409 γραοσυλλεκτριά
712 2357 835 2394 dictus
857 2364 938 2404 est,
963 2364 1005 2394 ut
1028 2370 1099 2394 nos
1125 2356 1236 2394 docet
1256 2356 1396 2395 Suidas
1416 2361 1457 2394 in
1482 2359 1558 2395 Τι-

115 2417 252 2465 μαΐος.
280 2412 396 2450 Forte
416 2415 470 2450 ita
488 2420 557 2460 est,
584 2415 683 2450 forte
705 2426 797 2452 non.
835 2412 933 2450 Nam
953 2414 994 2450 in
1015 2416 1062 2450 iis
1083 2415 1251 2451 tenebris
1269 2416 1478 2451 scintillam
1497 2415 1558 2449 lu-

118 2471 174 2506 cis
196 2481 274 2505 non
294 2469 422 2508 video.
463 2470 592 2507 PALM.
630 2469 773 2506 Verum
791 2472 823 2505 si
845 2469 966 2517 foret,
1000 2468 1221 2507 Trinaciam
1239 2477 1325 2520 post
1344 2470 1557 2520 Syracusas

119 2524 325 2562 secundam
358 2527 477 2562 totius
504 2526 624 2563 fuisse
652 2524 809 2561 Siciliae
832 2527 984 2572 urbem,
1018 2528 1157 2562 mirum
1178 2529 1335 2563 omniuo
1353 2526 1557 2570 accideret,

120 2593 305 2630 nusquam
325 2583 420 2618 alias
438 2583 519 2618 eius
538 2584 756 2619 memoriam
783 2580 932 2619 durare.
962 2581 1013 2618 At
1034 2582 1071 2619 id
1093 2581 1286 2619 Diodorus
1309 2595 1382 2620 non
1404 2582 1558 2631 profite-

120 2644 195 2674 tur.
227 2636 334 2673 Inter
354 2636 506 2674 Siculas
528 2651 570 2674 ea
591 2639 705 2674 urbes
726 2637 928 2686 eminebat,
955 2638 1156 2675 distinctas
1172 2640 1218 2675 ab
1240 2639 1398 2675 urbibus
1420 2638 1559 2673 Gracci

120 2694 288 2730 nominis
320 2705 386 2741 per
415 2691 599 2731 Siciliam.
638 2693 797 2730 Distant
815 2697 916 2731 enim
941 2693 1100 2733 Σικελοὶ
1121 2701 1158 2730 et
1179 2694 1417 2733 Σικελιῶται
1438 2694 1559 2741 pluri-

121 2762 238 2795 mum,
265 2751 378 2786 sicuti
396 2755 530 2786 auctor
549 2751 727 2798 patefecit
747 2749 789 2786 L.
810 2749 856 2786 V.
878 2753 919 2791 6.
956 2749 1001 2786 ln
1021 2748 1165 2788 Siculis
1184 2763 1278 2789 vero
1303 2751 1362 2787 his
1388 2750 1561 2795 urbibus,

122 2806 270 2842 insulae
299 2804 577 2842 mediterranea
607 2806 903 2855 occupantibus,
944 2808 1071 2856 plures
1091 2807 1249 2844 fuerunt
1276 2808 1486 2851 obscurae,
1523 2811 1561 2841 et

125 2874 285 2910 quarum
306 2861 447 2899 notitia
467 2863 534 2899 uni
555 2861 713 2900 debetur
735 2861 920 2901 Diodoro.
967 2862 1089 2901 Porro
1108 2863 1154 2900 de
1174 2862 1243 2899 Ph.
1266 2860 1446 2900 Cluverio
1464 2860 1564 2910 quod
