1828 3253
465 119 523 157 IN
558 117 743 157 1.1B.v.
788 118 912 157 CAI'.
947 122 1016 159 72.
1053 122 1125 159 73.
1435 127 1520 164 471

190 233 296 274 389.
321 232 391 273 19.
417 230 501 271 Καὶ
520 233 594 271 τοῦ
618 231 903 284 σχηματίζειν]
941 231 1159 281 scripserat
1187 233 1253 271 καὶ
1285 232 1330 273 τὸ
1361 248 1519 285 σχημα-

76 287 222 338 τίζειν,
252 289 354 337 quod
383 301 461 326 non
488 289 603 324 latuit
628 287 681 325 lo.
705 287 832 326 lensio
853 288 976 336 Epist.
1001 288 1047 323 ad
1075 288 1100 325 l.
1123 289 1169 325 G.
1193 289 1331 326 Gracv.
1353 304 1385 339 p.
1408 293 1514 330 420.

77 346 295 383 Gratiarum
325 351 450 382 autem
477 346 633 380 nomina
656 350 694 380 et
724 357 923 382 numerum
944 345 1176 381 multimodis
1200 348 1238 382 in
1261 353 1430 383 veterum
1453 361 1514 384 sa·

76 404 154 439 cris
176 403 337 451 proponi
355 407 466 448 atque
488 401 685 449 explicari,
719 409 868 450 praeter
889 400 1073 438 Senecam
1094 401 1136 437 L.
1158 400 1184 437 Ι.
1206 401 1336 438 Benef.
1357 417 1388 439 c.
1414 404 1454 442 3.
1476 411 1515 440 et

73 456 323 495 Plutarchum
342 455 390 493 T.
417 454 464 493 lI.
495 468 528 503 p.
552 458 655 497 778.
675 454 716 493 C.
746 459 1031 494 accuratissime
1060 457 1170 494 docet
1202 458 1411 495 Pausanias
1443 459 1514 496 IX.

76 507 150 554 35.
168 527 254 550 cum
273 511 442 549 Cornuto
463 510 521 548 De
540 511 631 550 Nat.
655 511 771 549 Deor.
794 527 826 550 c.
854 515 921 553 15.
963 513 1098 551 ivl-:ss

87 565 91 569 ⁵
187 569 292 610 389.
322 569 399 608 26.
430 564 740 606 Ἐπικαλεΐσθαι
766 565 949 619 μάὶιστα
978 567 1054 620 τὴν
1084 565 1187 607 θεὸν
1216 566 1402 621 tauma]
1445 569 1514 608 Sic

72 625 273 692 gravidam
299 636 340 660 se
368 625 553 661 simulans
586 625 732 662 femina
757 627 800 662 in
831 624 1026 673 Aristoph.
1063 624 1224 676 Lysistr.
1256 639 1293 664 v.
1325 627 1430 667 743.

229 673 285 719 Ὦ
311 675 439 719 πότνι’
471 677 666 718 Εἰλείθυι’
700 679 860 732 ἐπίσχες
888 684 963 720 τοῦ
994 677 1132 721 τόκου.

73 736 185 781 Quod
209 749 300 774 vero
324 735 473 773 Gratiis
494 738 669 773 evenisse
694 736 874 784 diximus,
903 737 1035 775 itidem
1057 738 1102 774 de
1124 750 1264 788 genere
1283 745 1321 775 et
1338 751 1513 786 numero,

70 805 199 832 unane
217 804 267 830 an
288 792 416 841 plures
436 791 618 842 Ilithyiae
633 800 783 840 essent,
816 794 1010 831 discordia
1028 794 1298 832 intercedebat.
1342 794 1512 832 Homero

70 849 117 888 11.
136 848 202 895 A,
231 850 337 888 270.
371 844 620 914 μογοστόκοι
642 848 879 916 εΕἶλείθῑιαι
898 847 1032 901 ‘Hom-
1059 849 1299 902 θυγατέρες.
1341 851 1443 887 unde
1470 853 1513 887 in

68 894 290 955 Hesychio,
325 900 572 955 Εἷλήθυιαι,
612 902 654 943 αἶ
685 903 748 943 ἐπὶ
775 908 859 944 τῶν
887 909 1114 945 τικτουσιῦι
1141 906 1254 946 θεαί.
1302 905 1433 943 Genus
1453 908 1514 944 illi

70 963 186 1012 longe
219 962 522 998 vetustissimum
552 967 590 997 et
609 959 779 998 Saturno
811 964 916 1010 prius
935 963 1131 999 tribuebat
1152 962 1251 999 Olen
1271 962 1434 1012 LyciuS,
1469 964 1514 1000 in

69 1017 246 1064 adfecto,
280 1016 347 1053 sed
367 1017 526 1053 salutari
546 1017 737 1054 medicina
766 1018 897 1056 adiuto
924 1032 947 1056 a
973 1018 1193 1056 doctissimo
1212 1019 1384 1066 Kuhnio,
1410 1019 1513 1056 Pau·

71 1075 203 1111 saniae
230 1073 316 1109 loco
348 1070 391 1109 L.
424 1071 525 1109 VIII.
554 1075 630 1113 21.
668 1073 803 1113 lVEss.

183 1129 289 1169 389.
313 1129 390 1167 29.
410 1124 714 1182 Κουροτρόφον
735 1126 864 1181 αὐτὴν
886 1126 1186 1181 ὀνομάζεσθαι]
1199 1130 1354 1180 Orpheo
1365 1130 1510 1181 Hymn.

68 1184 239 1224 XXXV.
263 1186 302 1224 8
335 1196 415 1221 non
445 1191 594 1222 tantum
624 1188 791 1239 βροτῶν
820 1182 1075 1240 κουροτρόφε
1099 1187 1250 1238 ὁάἴμον
1269 1186 1417 1235 Diana,
1444 1187 1514 1224 sed

69 1248 110 1294 et
130 1254 171 1280 v.
194 1241 239 1281 4-

229 1293 404 1335 Ὠδίνων
436 1292 620 1348 ἓπαρωγὲ
649 1296 718 1335 καὶ
749 1294 906 1336 ωὸ”ἰιων
935 1294 1105 1349 ἀμύητε.
1449 1328 1452 1330 v

66 1352 258 1392 Nimirum
285 1351 412 1389 Diana
438 1354 742 1401 parturientibus
766 1356 913 1391 auxilio
945 1356 1078 1391 venire
1107 1354 1322 1401 ferebatur,
1370 1352 1511 1404 λοχεία

68 1416 269 1459 propterea
297 1408 399 1445 dicta
426 1408 587 1445 Aristidi
616 1407 665 1446 Τ.
685 1409 714 1446 Ι.
745 1424 781 1459 p.
802 1412 876 1449 25.
910 1417 947 1447 et
965 1410 1180 1449 Εἰλείθυια
1200 1409 1362 1447 Horatio
1382 1409 1508 1449 Carm.

69 1465 199 1509 Secul.
229 1478 269 1504 v.
299 1465 369 1504 14.
399 1464 498 1501 lenis
527 1464 719 1514 Ilithyia,
750 1462 993 1513 πολύλλιτος
1024 1466 1241 1506 Εἰλείθυια
1273 1466 1511 1504 Manethoni.

69 1521 138 1560 Sic
159 1524 261 1560 enim
280 1522 360 1571 legi
378 1520 491 1557 debet
509 1519 550 1557 L.
572 1521 635 1558 VI.
660 1523 765 1562 740.

238 1598 287 1604 -
312 1597 360 1604 —-
386 1574 427 1614 ἐν
452 1572 513 1622 οἷς
543 1572 629 1628 ὥρη
661 1575 745 1616 πέλ
770 1575 897 1630 ἐκείνη

239 1629 327 1683 Τὴν
348 1628 426 1670 ἀπὸ
449 1631 630 1684 γαστρὸς
655 1629 778 1686 ἕφῃνε
799 1631 1041 1680 πολύλλιτος
1061 1632 1289 1674 Ειλείθυια.

69 1685 192 1728 Non
179 1687 227 1742 {q
233 1704 282 1740 ην
301 1684 575 1736 ἐπολὺλλιτος,
597 1690 698 1737 quod
717 1703 828 1727 nemo
841 1692 1036 1741 intelligit.
1066 1690 1110 1726 Id
1129 1698 1256 1728 autem
1275 1703 1414 1727 nomen
1426 1703 1513 1728 cum

71 1746 321 1784 Grammatici
340 1744 386 1782 ab
408 1740 580 1790 ἐλεύθω,
606 1748 734 1793 venio,
755 1747 945 1794 derivant,
967 1759 1088 1796 nugas
1107 1754 1239 1797 agunt.
1274 1746 1511 1784 Phoenicum

71 1804 259 1841 sermonis
278 1807 337 1837 est
357 1795 433 1847 7¹7³,
454 1803 594 1852 pario,
613 1816 673 1854 pr
675 1815 814 1849 ocre0,
840 1802 930 1839 hinc
951 1802 1110 1839 Graecis
1131 1801 1346 1841 Εἰλείθυια
1360 1809 1512 1853 partus

61 1870 255 1912 praeses,
285 1863 323 1909 et
349 1856 520 1907 Assyriis
547 1859 647 1906 apud
677 1857 917 1897 Herodotum
950 1858 977 1895 Ι.
1003 1860 1105 1898 199.
1143 1858 1274 1895 Venus
1299 1856 1511 1904 ΖΙἸύλιττα,

70 1914 242 1952 eiusdem
269 1915 328 1949 rei
346 1926 477 1950 curam
503 1914 799 1963 administrans,
829 1922 870 1952 ut
889 1917 1020 1965 pulc-re
1043 1915 1172 1952 docuit
1192 1913 1382 1952 Seldenus
1404 1914 1510 1964 Syn-

71 1979 190 2023 tagm.
212 1970 258 2006 de
276 1967 363 2006 Diis
383 1968 473 2020 Syr.
493 1970 541 2007 ΙΙ.
561 1973 603 2010 2.
636 1971 772 2009 WVESS.

182 2026 287 2067 389
312 2026 385 2066 30
417 2027 513 2065 Τῶν
535 2024 569 2065 ὸὗ
591 2025 708 2077 ὄνομ.
721 2020 896 2078 ζΩρῶνε
878 2020 1029 2079 ἑκάστῃ
1049 2025 1230 2076 ὃοθηναι
1251 2032 1322 2062 etc.
1333 2026 1350 2075 ]
1378 2024 1511 2073 Neque

73 2082 117 2120 in
144 2081 216 2120 hac
243 2088 349 2131 parte
378 2080 615 2134 Theologiae
643 2085 852 2133 paganicae
878 2083 958 2118 ulla
987 2082 1204 2119 concordia.
1235 2080 1406 2118 Diodoro
1426 2085 1512 2131 qui-

73 2139 161 2176 dem
191 2138 460 2175 adsentiuntur
489 2139 665 2187 Orpheus
695 2137 839 2189 Hymn.
858 2137 985 2177 XLII.
1020 2145 1059 2176 et
1076 2138 1331 2187 Apollodorus
1356 2138 1398 2174 L.
1416 2137 1444 2174 Ι.
1469 2138 1510 2176 3.

76 2197 137 2241 1„
158 2201 272 2244 atque
307 2195 387 2231 alii.
429 2193 571 2242 Verum
616 2208 666 2232 ex
690 2195 882 2232 Pausania
921 2193 992 2231 IX.
1035 2194 1110 2234 35.
1149 2200 1187 2230 et
1223 2193 1383 2244 Hygino
1418 2193 1509 2230 Fab.

74 2249 330 2288 CLXXXIII.
354 2255 392 2286 et
412 2250 458 2286 de
479 2263 636 2289 numero
657 2259 695 2288 et
714 2252 760 2288 de
780 2251 1000 2289 nominibus
1024 2263 1155 2288 earum
1181 2253 1370 2288 variatum
1392 2250 1513 2287 fuisse

76 2306 342 2353 vehementer,
373 2306 542 2354 adparet.
578 2308 712 2345 WVEss.

189 2363 294 2402 389.
316 2363 388 2401 31
414 2359 592 2418 Ἀθηνᾷ
612 2363 655 2402 de*
676 2358 960 2414 προσάπτουσι
981 2358 1056 2415 τήν
1075 2377 1119 2402 τε
1139 2369 1211 2400 etc.
1221 2360 1240 2414 ]
1272 2362 1316 2399 In
1337 2362 1511 2400 Addend

77 2419 428 2469 praestantissimus
460 2406 646 2458 Rhodom.
679 2420 787 2456 addit
816 2418 906 2455 huic
925 2421 1010 2456 loco
1029 2417 1076 2458 τὸ
1107 2415 1183 2470 τήν
1203 2432 1246 2457 τε
1265 2420 1349 2457 τῶν
1370 2418 1515 2457 ἐλαιῶν

79 2471 151 2525 l‘m·
183 2474 285 2524 quod
313 2481 351 2510 et
380 2479 639 2513 necessarium
666 2479 760 2522 erit,
797 2476 875 2512 nisi
899 2478 933 2512 si
963 2474 1029 2514 καὶ
1058 2473 1230 2527 φυτείαν
1257 2474 1499 2525 π.αοαδ(ιῖ·ἰι(
1491 2490 1518 2511 ι

80 2534 166 2569 loco
186 2530 253 2569 καὶ
271 2529 440 2582 φυτείας
460 2528 691 2582 παράδοσιν
707 2534 872 2580 positum
890 2532 1100 2569 arbitreris.
1118 2530 1319 2580 oleaeque
1335 2531 1520 2567 Minerva

83 2588 297 2627 Inventriae
318 2598 367 2622 ex
386 2585 503 2624 Poeta
522 2588 663 2639 Georg.
685 2588 714 2624 Ι.
743 2591 811 2628 18.
832 2589 1034 2624 notissima
1052 2593 1130 2624 est:
1152 2586 1314 2623 Servius
1336 2588 1389 2623 ibi
1410 2587 1520 2623 fabu-

83 2646 160 2681 lam
179 2645 424 2690 exsequitur,
450 2654 563 2692 quam
581 2642 711 2682 Schol.
732 2647 776 2682 in
794 2643 990 2692 Aristoph.
1012 2642 1114 2680 Nub.
1134 2657 1172 2681 v.
1197 2644 1331 2684 1001.
1353 2655 1432 2679 non
1454 2655 1523 2679 ne-

87 2702 304 2753 glexerunt.
329 2697 469 2738 WEss.

204 2757 310 2797 389.
329 2755 404 2794 43.
429 2750 574 2808 Εὑρεῖν
589 2753 712 2799 δὲκαὶ
731 2752 807 2807 τὴν
823 2757 906 2796 τῶν
927 2751 1065 2795 αὐλῶν
1084 2751 1341 2805 κατασκευὴν
1360 2752 1529 2800 etc.]1n-
