1828 3253
264 40 357 82 592
721 35 1236 80 ANNOTATIONES

265 151 336 190 bus
356 148 403 188 ad
426 149 500 188 alia
527 148 696 189 curanda
716 150 888 189 homines
920 150 1209 201 distrahuntur,
1237 163 1328 192 usus
1351 160 1419 192 est.
1459 153 1706 203 Πολιτικοῦς

265 205 578 260 περισπασμοὺς
610 207 652 244 L.
672 206 699 244 I.
724 209 795 248 74.
839 221 949 246 curas
979 222 1108 246 rerum
1135 211 1330 258 civilium,
1360 222 1518 259 quarum
1542 212 1704 250 admini-

265 266 452 301 stratione
476 263 632 311 opifices
650 266 729 301 suis
748 278 770 301 a
792 265 906 301 rebus
932 264 1226 314 abstrahuntur,
1263 265 1306 303 L.
1335 266 1461 306 XVII.
1497 268 1569 307 65.
1597 282 1706 319 περι-

266 315 510 369 σπασμοὺς,
542 326 580 355 et
602 319 645 356 L.
666 319 811 357 XVIII.
837 323 906 360 16.
933 318 1096 372 ἀγῶνας
1115 321 1182 360 καὶ
1206 320 1540 374 περισπασμοὺς,
1570 324 1706 371 quibus

265 375 486 414 Alexander
507 374 784 423 distinebatur,
821 377 998 425 adpellat.
1034 377 1142 414 Adde
1170 377 1373 429 πολέμους
1406 378 1472 417 καὶ
1503 394 1707 432 περισπα-

269 428 404 482 σμοὺς
427 443 475 468 cx
495 429 536 467 L.
555 431 698 469 XVIII.
721 433 792 472 54.
823 431 943 469 XIX.
963 435 1036 473 68.
1065 440 1104 470 et
1123 431 1368 485 ἀναγκαίους
1397 433 1707 486 περισπασμοὺς

267 488 462 528 Hieroclis
482 488 580 536 apud
604 488 657 524 Io.
682 488 888 526 Stobaeum
910 488 1042 527 Floril.
1064 488 1143 527 Tit.
1165 489 1284 528 LXV.
1318 505 1352 540 p.
1372 492 1480 530 415.
1512 491 1649 528 WVEss.

381 544 483 583 503.
518 546 590 584 71.
624 541 682 583 T&
705 547 778 596 τῆς
792 541 975 596 Ἀθηνᾶς
997 542 1162 597 ἄγαλμα
1187 546 1377 596 Φειδίας]
1406 547 1492 586 Vid.
1515 547 1707 598 Aristoph.

237 606 239 608 “
266 596 357 636 Pac.
379 614 418 638 v.
439 601 543 640 604.
574 612 742 650 quaeque
774 601 827 638 ibi
855 614 903 637 ex
924 600 1154 639 Philochoro
1182 610 1330 640 veteres
1359 602 1492 641 Critici
1520 604 1709 653 produxe-

266 663 371 692 runt.
429 656 700 694 Subornarunt
741 663 865 694 autem
894 657 1054 694 Periclis
1090 660 1239 695 inimici
1270 658 1474 696 Menonem
1507 661 1709 708 quendam,

268 716 378 750 cuius
403 726 516 762 opera
547 712 704 750 Phidias
722 714 779 749 uti
806 714 933 749 fuerat
951 715 1107 761 solitus,
1136 728 1220 751 eum
1241 715 1336 752 furti
1363 728 1469 753 reum
1497 717 1562 767 qui
1582 717 1709 755 defer-

269 777 351 817 ret,
374 769 472 818 apud
494 768 741 806 Plutarchum
759 768 896 805 Pericl.
919 783 953 819 p.
980 771 1080 809 169.
1102 769 1144 806 B.
1171 770 1307 807 WVESS.

385 826 488 865 503.
523 826 595 864 73.
625 823 916 876 Διενεχθέντες
937 820 1015 864 ὑπὸ
1038 827 1122 864 τῶν
1140 824 1332 878 ἐχθρῶν]
1366 825 1472 864 Haec
1495 827 1628 864 scabra
1648 831 1708 866 vi·-

267 881 417 919 dentur.
447 880 647 918 Succurrit
675 881 732 918 Ill.
769 880 944 932 Scaliger
974 882 1157 930 probante
1186 882 1235 919 Is.
1267 882 1407 919 Vossio
1445 882 1709 933 διδαχθέντες

264 934 345 978 ὑπὸ
366 938 572 988 refingcnS.
615 937 719 975 Idem
742 938 812 977 85.
843 933 1085 985 σπεύδοντες
1114 939 1364 989 καταβαλεῖν
1393 936 1469 990 τὴν
1481 946 1580 987 etc..
1609 939 1710 978 haud

264 995 440 1033 absurde.
476 994 612 1033 WEss.
635 995 676 1031 in
697 993 794 1031 Add.

381 1051 484 1091 503.
515 1052 586 1091 82.
627 1046 895 1091 Διδάσκαλον
926 1047 1026 1090 ὄντα
1055 1047 1337 1103 Περικλέους]
1368 1051 1621 1103 Anaxagorae
1645 1052 1710 1090 di-

265 1109 423 1157 scipulis
462 1114 612 1155 praeter
650 1106 879 1144 Archelaum
910 1113 948 1144 et
978 1106 1201 1156 Euripidem
1234 1114 1411 1144 accenset
1450 1115 1487 1144 et
1520 1108 1711 1146 Eusebius

265 1163 401 1213 Praep.
431 1163 619 1214 Evangel.
646 1162 688 1200 L.
715 1162 770 1200 Χ.
796 1164 866 1203 14.
896 1163 1097 1202 Periclem.
1132 1162 1190 1200 De
1215 1166 1457 1200 accusatione
1485 1164 1711 1213 Philosophi

268 1219 464 1257 discordia
494 1227 573 1256 est:
616 1232 705 1257 nam
732 1218 961 1256 Plutarchus
991 1218 1127 1256 Pericl.
1157 1232 1191 1269 p·
1221 1221 1322 1260 169.
1344 1219 1390 1259 E.
1441 1219 1711 1271 Anaxagoram

264 1275 428 1314 Periclis
445 1276 591 1312 artibus
614 1282 804 1325 ereptum,
831 1288 879 1312 ne
909 1275 1176 1323 damnaretur,
1202 1273 1366 1326 Diogen.
1395 1290 1488 1314 vero
1512 1276 1634 1313 Lacrt.
1661 1277 1708 1314 II.

268 1334 341 1373 12.
372 1334 490 1369 exilio
520 1339 558 1368 et
586 1334 754 1383 quinque
774 1333 930 1369 talentis
957 1333 1158 1369 multatum
1179 1332 1319 1379 refert,
1344 1332 1413 1369 ubi
1433 1332 1710 1371 Aldrohandin.

262 1388 421 1438 inspice.
455 1388 591 1425 Wssss.

382 1446 486 1484 503.
505 1446 578 1484 96.
607 1441 831 1497 ,Μεγαρέας
853 1441 1062 1497 εἴργεσθαι
1083 1445 1158 1495 τῆς
1175 1458 1218 1483 τε
1239 1440 1392 1497 ἀγορᾶς
1411 1443 1477 1483 καὶ
1499 1445 1582 1484 τῶν
1601 1442 1711 1496 λιμέ-

263 1500 365 1554 νων]
396 1500 551 1537 Decreti
570 1503 651 1538 eius
663 1514 835 1538 caussam
856 1499 1287 1538 deelaratPhilochorus
1307 1503 1346 1538 in
1360 1499 1488 1537 Schol.
1508 1501 1556 1538 ad
1567 1499 1713 1539 Comici

263 1558 352 1596 Pac.
372 1571 410 1596 v.
424 1558 528 1597 604.
553 1556 595 1593 ld
615 1570 706 1594 vero
726 1557 878 1594 abolere
901 1570 986 1594 cuni
999 1559 1149 1594 nollent
1163 1556 1427 1604 Athenienses,
1452 1558 1527 1596 τοῦ
1546 1559 1709 1610 μακροῦ

261 1610 443 1664 πολέμου
477 1609 743 1665 τοῖςτΈλλησι
763 1609 809 1653 τὸ
831 1609 1014 1652 πινάκιον
1035 1610 1083 1652 τὸ
1115 1610 1221 1652 κατὰ
1244 1615 1327 1652 τῶν
1346 1610 1576 1665 Μεγαρέιι)ν
1606 1616 1723 1665 prin-¹

264 1673 407 1721 cipium
434 1670 529 1716 fuit,
564 1676 607 1706 ut
626 1668 775 1707 Aelian.
798 1669 844 1706 de
867 1669 1032 1706 Animal.
1053 1668 1098 1708 L.
1120 1669 1193 1707 XI.
1216 1670 1291 1709 27.
1326 1670 1508 1719 loquitur.
1537 1669 1671 1707 wass.

379 1727 483 1766 503.
509 1726 547 1765 5-
571 1722 740 1765 ”Emtae
759 1730 846 1772 τοῖς
860 1722 1123 1777 Ἀθηναίοις]
1158 1724 1403 1763 Constructio
1425 1726 1535 1763 verbi
1552 1724 1710 1765 πείθειν

264 1782 453 1834 efflagitat
475 1779 572 1828 τοὺς
583 1778 846 1833 Ἀθηναίους.
868 1780 1004 1818 ΒΗοι).
1030 1778 1199 1820 ”Enetos
1220 1779 1316 1827 τοὺς
1331 1779 1609 1833 Ἀθηναίους]
1643 1781 1710 1819 Sic

263 1841 487 1889 praeferunt
513 1839 604 1875 libri
634 1838 727 1875 editi
748 1845 786 1875 et
813 1851 929 1876 manu
952 1840 1123 1885 exarati3
1154 1851 1276 1888 neque
1309 1837 1403 1875 adeo
1433 1838 1592 1885 divino,
1617 1837 1708 1885 quid

264 1908 310 1933 ea
327 1894 660 1933 animadversione
678 1893 978 1932 Rhodomannus
1000 1893 1222 1931 intenderit.
1249 1893 1383 1930 Wnss.

381 1951 487 1991 504.
511 1953 581 1992 18.
610 1948 731 2003 Πρὸς
751 1948 827 2002 τὴν
847 1947 1103 2002 κατασκευὴν
1120 1952 1204 1989 τῶν
1225 1946 1520 2002 προπυλαίων]
1549 1948 1710 1987 Exstrui

265 2014 399 2057 coepta
419 2014 510 2044 sunt
539 2014 628 2044 ante
648 2006 717 2044 hos
749 2009 916 2055 quinque
938 2019 1060 2043 annos
1083 2005 1276 2042 Archonte
1305 2005 1546 2056 Euthymene
1561 2033 1572 2053 ,
1596 2006 1727 2042 abso-⁷

262 2065 420 2112 lutaque
442 2064 704 2114 quinquennio
729 2063 927 2101 Mnesiclis
948 2061 1146 2099 architecti
1168 2062 1382 2112 diligentia.
1426 2061 1632 2110 Inpensae,
1666 2064 1707 2098 in

265 2134 311 2157 ea
333 2123 520 2157 insumtae
531 2150 543 2168 ,
577 2127 788 2168 aequarunt
808 2120 1038 2156 talentorum
1058 2118 1133 2155 duo
1152 2119 1273 2155 millia
1293 2117 1513 2164 duodecim,
1546 2118 1709 2155 testibus

263 2175 494 2213 Philochoro
514 2183 552 2213 et
570 2175 780 2213 Heliodoro
810 2178 852 2212 in
867 2174 1094 2225 Harpocrat.
1114 2188 1151 2213 v.
1173 2169 1427 2227 Προπύλαια
1449 2181 1487 2210 et
1503 2173 1709 2212 Plutarcho

263 2232 401 2270 Periel.
434 2244 471 2280 p.
498 2234 599 2273 160.
619 2231 661 2268 Β.
690 2232 827 2271 Wass,

381 2289 486 2328 504.
524 2290 598 2328 21.
651 2283 849 2327 Τάλαντα
878 2282 1124 2341 τετρακόσια
1153 2280 1377 2337 ἑξήκοντα]
1428 2285 1536 2323 Haec
1563 2297 1709 2322 summa

264 2345 422 2391 tributi,
461 2345 562 2392 quod
592 2343 783 2381 Aristides
812 2347 927 2380 sociis
959 2342 1232 2381 conferendum
1260 2342 1534 2392 descripserat,
1573 2342 1630 2378 uti
1664 2341 1707 2378 L.

264 2400 338 2439 XI.
359 2401 434 2441 47.
464 2401 716 2438 observatum.
744 2400 913 2437 Pericles
933 2400 981 2436 ad
1004 2405 1186 2436 sexcenta
1204 2398 1405 2448 redegerat
1426 2400 1584 2445 talenta,
1613 2410 1707 2446 quae

264 2464 304 2495 et
323 2459 403 2507 ipsc
423 2463 649 2495 annumerat
667 2459 708 2493 in
729 2454 947 2506 Thucydid.
969 2455 1017 2492 ΙΙ.
1041 2456 1111 2495 13.
1141 2455 1274 2491 WEss.

382 2514 483 2552 Joid.
503 2510 566 2552 ‘H
580 2527 622 2551 τε
645 2511 806 2563 πομπιά
827 2508 974 2563 σκευὴ]
1014 2510 1143 2548 Series
1167 2513 1352 2548 orationis
1376 2517 1412 2548 et
1440 2511 1626 2547 sermonis
1645 2511 1707 2546 in-

264 2570 371 2607 doles
392 2565 442 2608 τά
462 2583 505 2608 τε
525 2573 706 2620 πομπεῖα
727 2563 847 2619 σκεύη
861 2567 1087 2618 efflagitant.
1110 2567 1383 2616 Intelliguntur
1401 2564 1452 2605 τὰ
1473 2563 1561 2618 ἱερὰ
1583 2560 1705 2616 σκεύη

265 2626 360 2677 περί
376 2641 416 2664 τε
437 2622 511 2671 τὰς
530 2621 699 2676 πομπὰς
718 2624 786 2662 καὶ
813 2621 911 2670 τοὺς
931 2621 1114 2675 ἀγῶνας,
1143 2623 1457 2671 quemadmodum
1480 2622 1576 2672 apud
1599 2620 1706 2658 Thu-

265 2682 442 2732 cydidem
464 2682 510 2722 11.
538 2682 608 2723 13.
637 2680 806 2719 Pericles
826 2680 1114 2718 circumscribit.
1145 2678 1248 2716 Bene
1267 2678 1560 2727 Harpocration,
1585 2677 1705 2726 Πομ-
