1828 3253
490 152 553 191 IN
597 149 710 190 [ΑΒ.
758 151 788 189 1.
835 148 960 189 CAP.
988 152 1060 192 39.
1088 153 1162 194 40.
1489 156 1550 197 69

115 269 172 306 rei
190 265 441 314 adhibebant,
478 265 722 303 adfirmantes
763 261 810 305 τὸ
842 263 999 304 δίκαιοι
1026 261 1074 304 τὸ
1103 260 1403 313 ἀντιπεπονθὸς
1432 262 1542 307 amco

116 319 217 363 εἶναι
254 326 296 361 in
341 320 562 372 Philosophi
604 321 729 359 Ethie.
768 321 927 359 Eudem.
967 321 1094 361 1V.3.
1151 320 1295 361 lustum
1329 325 1430 361 euim
1456 309 1545 360 tali‘·

115 393 187 417 one
222 380 381 429 quadam
421 378 595 425 absolvi,
640 385 678 415 et
694 380 963 426 aequissimum
981 391 1085 425 esse,
1120 384 1163 415 ut
1183 391 1227 415 ea
1244 380 1422 427 patiaris,
1449 392 1543 430 quae

113 439 218 486 prior
247 439 325 486 ipse
351 436 521 473 fecisses.
584 431 646 474 Οὐ
677 432 753 484 μεί
757 449 816 473 τοι
839 448 894 480 ως
921 449 960 473 οι
979 429 1160 486 IIvffay‘
1141 449 1262 485 ορειοι
1291 433 1355 487 (τὸ
1383 433 1544 475 ἀντιπε-

111 490 290 544 πονθὸς)
319 488 465 542 ἔλεγον.
498 505 599 529 elem
602 506 638 529 οι
665 489 740 541 μὲν
768 487 845 542 γὰρ
875 486 1003 543 ᾠοιτο
1033 489 1190 529 δίκαιον
1220 505 1248 529 e:
1254 506 1333 537 ναι,
1362 489 1387 529 ἃ
1408 491 1544 544 &coln-

113 547 164 589 σε’
177 562 260 595 τις,
287 550 420 586 ταῦτα
439 544 693 594 ἇιτιπαθεῖι,
722 548 763 584 in
787 547 956 584 eiusdem
973 545 1099 584 Ethic.
1120 545 1255 584 Maior.
1279 547 1307 584 1.
1329 548 1400 586 34.
1422 560 1457 596 p.
1473 549 1546 588 31.

110 604 221 642 Hanc
251 617 344 642 vero
378 603 423 640 de
453 603 536 642 Nili
566 605 715 654 origine
747 605 965 653 opinionem
985 601 1170 640 Eudoxus
1197 603 1436 640 sacerdotum
1463 617 1545 642 esso

109 661 384 712 Aegyptiorum
414 662 469 696 ait
494 662 536 697 in
560 658 758 697 Plutarchi
792 658 855 696 1V.
885 659 986 698 Plac.
1006 658 1107 699 Phil.
1133 662 1184 706 l..
1221 656 1433 711 Nicagorae
1451 673 1544 698 vero

109 716 242 754 critici
262 718 302 753 in
323 716 500 764 Apollon.
519 714 645 756 Rhod.
668 716 732 755 lv.
750 716 857 757 269.
886 715 996 754 Conf.
1015 715 1064 756 Ο.
1102 714 1343 756 Borrichium
1374 715 1544 754 Hermet.

107 787 139 812 c.
165 776 205 816 8.
232 772 368 812 Wnss.

218 829 295 870 49.
322 831 393 870 17.
424 825 509 868 Διὰ
531 830 672 880 καῦμα
693 824 902 880 ἀοίκητον]
945 828 1127 866 valuerat
1145 829 1236 867 olim
1264 831 1393 879 opinio
1417 831 1544 880 regio-

106 898 197 933 nes,
226 899 345 924 zonae
375 885 544 923 torridae
572 886 785 933 subiectas,
822 892 977 935 propter
998 884 1262 923 vehementem
1284 887 1376 923 solis
1399 893 1545 923 aestum

106 944 254 980 incolas
275 954 352 980 non
371 943 472 992 pati:
515 955 627 993 quam
653 943 789 980 falsam
830 955 912 979 esse
946 954 1049 979 nunc
1086 941 1238 992 quidem
1256 944 1325 980 vix
1345 943 1544 990 quisquam

107 998 267 1036 dubitat.
321 997 380 1035 De
402 997 622 1049 Aethiopiae
644 1001 908 1046 locorumque,
941 1010 1007 1047 per
1027 1010 1121 1046 quae
1138 998 1249 1036 Nilus
1269 1001 1311 1036 in
1328 998 1545 1049 Aegyptum

106 1057 299 1093 evolvitur
319 1082 332 1102 ‚
393 1061 600 1104 temperato
649 1059 734 1092 acre
784 1054 946 1094 Hieron.
1000 1054 1127 1092 Lobus
1172 1054 1319 1095 Hister.
1364 1055 1544 1105 Abyssin.

107 1123 145 1160 Ρ.
172 1112 244 1154 85.
267 1109 400 1147 Wnss.

217 1167 292 1207 49.
315 1168 390 1207 23.
431 1165 492 1206 Τὸ
526 1163 746 1216 πὶεονάζον
776 1167 876 1217 τῶι]
914 1167 1020 1205 Haec
1049 1169 1183 1218 procul
1215 1168 1329 1206 dubio
1361 1179 1543 1219 germana

105 1230 164 1260 est
183 1224 308 1260 lectio.
366 1223 471 1267 Quae
504 1226 606 1260 enim
637 1225 732 1260 alias
758 1223 861 1260 foret
891 1223 1092 1274 syntaxis?
1134 1237 1219 1261 cum
1238 1238 1305 1277 cpe
1273 1223 1439 1263 ὀεσθαι
1464 1236 1542 1262 non

103 1279 152 1317 ad
164 1281 393 1330 χειμῶνας,
420 1279 486 1315 sed
506 1279 554 1316 ad
571 1274 736 1319 ὑδάτων
755 1276 802 1318 τὸ
824 1276 1045 1329 πλεονάζον
1069 1281 1270 1319 referatur.
1300 1279 1435 1317 ΚΗοο.

216 1335 291 1377 49
314 1337 388 1376 26.
421 1336 620 1388 Hamae-e
625 1333 680 1385 ΐι]
709 1335 881 1384 Utmque
909 1338 1024 1374 lectio
1050 1343 1150 1374 stare
1183 1343 1319 1386 potest
1379 1335 1457 1374 Sed
1475 1349 1543 1374 vo·

103 1393 176 1430 luit
208 1392 408 1429 Glossator
441 1393 541 1428 forte
568 1393 880 1443 ambiguitatem,
918 1405 1014 1442 quae
1042 1400 1101 1431 est
1127 1394 1169 1430 in
1199 1394 1445 1445 παρελθεῖν,
1475 1403 1543 1429 suo

103 1451 180 1486 isto
200 1450 403 1498 explicare.
435 1446 569 1486 Ruon.
628 1447 695 1486 Sic
711 1447 763 1487 ll.
788 1450 858 1489 14.
886 1450 1102 1501 παρῆλθεν
1124 1446 1410 1499 εῗςἌμμωνα,
1434 1462 1542 1500 χρη-

105 1503 258 1557 σοιιένη
289 1506 347 1544 τῶ
379 1506 488 1543 θεῶ·
529 1505 776 1557 pluribusque
806 1506 893 1543 aliis
925 1508 969 1544 in
998 1507 1117 1554 locis,
1155 1513 1199 1544 ut
1216 1512 1362 1544 mutare
1381 1512 1543 1543 temera-

102 1563 203 1599 rium
222 1563 284 1598 sit.
312 1546 361 1598 W
365 1571 444 1598 Ess.

217 1617 293 1658 49.
322 1618 395 1657 33
429 1614 619 1669 Φανερὰν
647 1616 715 1656 καὶ
733 1613 949 1671 πρόχειοον
968 1614 1222 1672 αντίῤῥησιν]
1256 1617 1428 1656 Tametsi
1444 1632 1543 1670 προ·

104 1689 133 1726 ᾳ
139 1671 231 1719 avgg
260 1669 387 1711 ἅπασι
416 1674 512 1711 illud
540 1680 644 1711 recte
665 1673 833 1721 dicatur,
872 1675 974 1724 quod
994 1676 1169 1712 omnibus
1197 1676 1392 1726 cognitum
1412 1674 1543 1723 explo⁸

103 1738 301 1778 ratumque
320 1736 378 1766 est
416 1728 561 1777 111.2.,
602 1731 766 1767 arbitror
784 1736 911 1769 tamen
929 1745 952 1768 a
971 1732 1131 1769 librario
1149 1733 1323 1778 venisse,
1353 1730 1453 1781 quod
1477 1742 1543 1766 co—

104 1787 210 1824 dices
235 1785 287 1824 M.
316 1792 355 1822 et
384 1784 542 1825 Coislin.
574 1799 663 1836 prae
685 1799 725 1822 se
746 1786 887 1824 ferunt.
943 1787 1054 1831 Quod
1075 1799 1168 1824 vero
1191 1786 1384 1824 Diodorus
1409 1798 1457 1823 ex
1477 1798 1543 1822 ro-

102 1842 280 1880 tundiorc
314 1849 438 1879 terrae
470 1842 594 1893 figura
620 1841 864 1891 philosophos
894 1845 1141 1881 conclusione
1160 1843 1320 1893 quadam
1344 1849 1476 1893 urget,
1505 1849 1543 1878 et

103 1898 236 1936 Nilum
266 1910 315 1935 ex
336 1900 508 1948 opposita
536 1911 634 1935 zona
651 1899 832 1949 progredi
850 1911 960 1947 posse
978 1906 1115 1950 negat,
1147 1899 1186 1936 id
1208 1911 1403 1949 perperam
1425 1897 1471 1935 ab
1497 1908 1542 1934 eo

103 1957 256 1993 institui
300 1962 411 2004 atque
440 1967 465 1991 a
485 1967 577 1993 vcro
609 1955 832 2005 longissime
858 1955 1041 1992 recedere
1071 1955 1356 1993 admonuerunt
1377 1955 1455 1991 viri
1474 1952 1541 1990 do·

102 2013 268 2049 ctissimi
296 2010 420 2048 Latin.
450 2010 637 2048 >Latinius
663 2009 846 2048 Biblioth.
877 2024 967 2049 suae
994 2024 1031 2062 p.
1053 2013 1126 2053 76.
1156 2019 1194 2048 et
1219 2011 1270 2050 M.
1290 2010 1395 2049 Frid.
1421 2008 1542 2050 ΝΘΕ·

106 2066 702 2108 delin.Adn1irand.Nilic.8.
737 2067 872 2105 lVssss.

214 2123 290 2164 49.
311 2124 384 2163 37.
397 2119 606 2191 Βιάζηται
623 2121 700 2191 τὴν
727 2120 954 2177 ἐνάργειαν]
996 2122 1147 2174 Sequor
1167 2121 1543 2162 schedasCoislinia-

103 2192 185 2218 nas.
225 2177 315 2232 Τὴν
340 2175 548 2232 {moyam
573 2175 794 2230 βιάζεσθαι
831 2188 890 2218 est
911 2183 992 2218 vim
1011 2182 1071 2218 illi
1088 2180 1219 2218 facere
1262 2187 1300 2217 et
1329 2185 1462 2218 contra
1481 2189 1542 2214 res

103 2206 302 2275 evidentels
310 2237 502 2304 quaesitis
521 2237 757 2274 sermonibus
777 2239 927 2284 venire,
950 2238 1055 2284 sive,
1081 2244 1125 2274 ut
1146 2249 1226 2286 cap.
1247 2247 1325 2284 seq.
1353 2230 1543 2284 καταμά-

100 2294 254 2344 χεσθαι
275 2307 351 2344 την
381 2288 592 2344 ἀλήθειαν.
649 2291 710 2329 Ad
732 2304 843 2341 quem
861 2292 1016 2330 modum
1032 2288 1250 2343 βιάζεσθαι
1269 2293 1373 2331 θεοι-
1391 2287 1542 2340 βουλη-

107 2363 171 2388 σιν
220 2356 352 2386 contra
389 2347 464 2386 Dei
499 2350 737 2387 voluntatem
763 2351 838 2386 niti
882 2347 1030 2415 Ioseph.
1061 2348 1126 2387 lv.
1146 2349 1190 2386 A.
1211 2347 1240 2385 1.
1262 2350 1302 2387 6.
1327 2348 1380 2394 5.,
1407 2353 1445 2384 et
1467 2343 1541 2396 τὴν

104 2400 288 2456 πάροδον
331 2401 550 2456 βιάζεσθαι
583 2407 628 2444 vi
654 2407 858 2443 transitum
886 2407 1034 2457 aperire
1072 2403 1218 2444 Zosim.
1257 2404 1304 2442 V.
1331 2374 1406 2444 29.
1436 2404 1542 2440 simi·

106 2461 246 2512 linque.
275 2459 409 2498 Wnss.

217 2518 292 2558 49.
313 2519 387 2558 46.
424 2514 546 2564 Εἲκός
572 2514 650 2571 7129
681 2513 801 2569 εἶναι]
844 2515 1154 2568 Theophylactus
1193 2513 1299 2563 εὲκὸς
1325 2513 1403 2568 γὰρ
1440 2509 1540 2554 εἶναι

108 2570 176 2610 καὶ
196 2568 355 2626 ἕτέοους
387 2573 470 2613 ἐκεῖ
488 2571 720 2624 ποταμοὺς,
750 2576 832 2611 sive
851 2577 1068 2612 coniectura
1091 2575 1251 2620 ductus,
1292 2585 1357 2609 seu
1380 2570 1480 2619 quod
1500 2567 1541 2606 id

107 2629 150 2664 in
179 2641 224 2666 eo
254 2637 353 2666 esset
384 2630 502 2678 libro,
540 2643 651 2680 quem
671 2630 931 2678 exscribebat,
957 2632 1064 2681 legit.
1120 2628 1324 2677 Utcunque
1345 2627 1539 2672 decernas,

108 2687 336 2722 sententiam
362 2683 524 2723 Diodori
552 2687 688 2724 melius
727 2685 1003 2724 Rhodomanno
1042 2688 1220 2735 percepit.
1280 2683 1391 2720 lette
1426 2693 1539 2733 ergo:

101 2752 202 2777 ὐονο
235 2744 334 2778 enim
360 2743 486 2779 simile
513 2754 616 2791 esse,
640 2743 783 2795 plures
815 2744 898 2780 illic
918 2744 1091 2794 fluvios,
1125 2743 1247 2779 sicuti
1274 2747 1314 2777 et
1331 2739 1441 2791 apud
1458 2749 1542 2781 noe,

110 2798 292 2834 inveniri.
320 2797 453 2834 Wass.
