1828 3253
318 195 411 236 256
782 188 1293 229 ANNOTATIONES

435 304 639 342 Cernimus
656 304 844 354 antiquas
871 305 976 341 nullo
1009 304 1168 341 custode
1191 305 1344 349 ruinas,

484 360 540 396 Et
557 360 759 397 desolatae
790 362 944 397 moenia
965 360 1098 407 foeda
1124 360 1260 397 Cosae.

431 417 659 455 Ridiculum
680 417 806 454 cladis
825 418 957 467 pudet
984 419 1090 453 inter
1110 418 1219 453 seria
1243 426 1426 452 caussam

487 472 696 518 Promem,
726 474 797 510 sed
823 475 946 510 risum
976 474 1226 510 dissimulare
1241 474 1372 523 piget,

429 527 631 566 Dicuntur
651 531 778 576 cives,
818 531 1011 578 quondam
1031 532 1208 578 migrare
1235 528 1370 565 coacti

485 585 666 623 Muribus
695 585 865 632 infestos
890 587 1111 624 deseruisse
1140 586 1260 623 lares.

316 653 424 691 Vidit
444 659 483 689 et
500 652 573 689 hoc
592 651 633 690 S.
656 651 833 689 Bochart.
854 652 896 689 P.
917 651 945 689 1.
970 651 1126 688 Hieroz.
1147 650 1213 688 111.
1237 651 1310 691 34.
1340 655 1378 686 et
1399 654 1487 686 ante
1509 661 1596 686 eum
1616 648 1665 686 Is.
1689 645 1762 686 Ca·-

317 710 425 748 saub.
444 711 485 746 in
507 708 685 746 Strabon.
706 708 773 745 III.
794 722 830 758 p.
851 709 958 748 251.
987 707 1120 745 WEss.

431 777 534 816 196
566 776 606 815 3.
646 772 769 814 Κατὰ
802 773 846 813 δὲ
873 772 948 826 τὴν
981 773 1156 826 ,Μηδίαν
1193 769 1512 819 ἐπιπολάσαντες
1537 771 1760 824 στρουθοὶ]

315 832 420 871 Ηὶηο
439 839 551 881 atque
572 845 621 869 ex
634 830 916 882 Agatharchide
936 831 1163 882 corrigenda
1183 829 1276 867 haec
1296 838 1386 867 sunt
1405 830 1556 866 Aeliani
1566 829 1690 865 XVII.
1709 828 1760 865 H.

315 890 362 927 A.
383 890 458 929 41
495 890 546 941 τῆ
581 888 755 941 ῙΠηὸικῆ
785 886 828 926 δὲ
859 884 1198 940 ἔπιφοιτήσαντες
1225 889 1275 939 τῆ
1307 888 1420 955 φορᾷ
1452 881 1544 937 ἔξηλ
1550 899 1656 923 ασαν
1692 885 1762 923 καὶ

315 945 455 985 ἐκεῖνοι
474 942 571 990 τοίς
590 946 896 990 κατοικοῦντας,
911 942 1225 996 ὁιαφθείοοντες
1246 939 1297 980 τὰ
1319 939 1535 993 σπέρματα
1557 941 1624 979 καὶ
1646 937 1760 993 ἀφα-

313 1001 490 1050 νίζοντες
519 995 789 1039 αὐτά.1)ε·.ἣί;
819 1001 898 1036 illis
929 1012 1068 1036 nomen
1098 999 1297 1044 animalis,
1327 998 1428 1046 quod
1454 997 1602 1034 Mediae
1622 998 1761 1034 incolis

317 1061 399 1094 eius
419 1057 539 1093 cladis
559 1063 703 1092 auctor.
732 1054 867 1093 Scribe
888 1067 980 1106 ergo
1012 1057 1063 1109 τῇ
1084 1054 1258 1108 Μηδικῃ
1292 1053 1336 1093 δὲ
1367 1052 1570 1107 στρουθοὶ
1599 1052 1761 1106 ἐπιφοι-

313 1110 512 1166 τήσαντες
533 1118 605 1149 etc.
637 1112 687 1149 W
692 1122 773 1149 ESS.

430 1182 533 1220 196.
636 1176 747 1225 Τους
769 1177 814 1218 ὁὲ
833 1180 908 1218 καλ
900 1175 1111 1230 ,ουμὲνους
1130 1173 1404 1229 Αὖταριάτας
1427 1173 1632 1246 βάτραχοι
1660 1183 1730 1214 etc.
1741 1176 1758 1227 ]

314 1237 458 1275 Iterum
478 1193 676 1282 Aelianus,
690 1232 892 1302 βάτραχοι
915 1235 958 1274 δὲ
980 1231 1181 1287 ιῑιιιτελεις
1200 1234 1344 1274 πολλοὶ
1364 1230 1556 1280 πεσόιτες
1579 1233 1621 1281 ἐξ
1639 1231 1760 1286 ἀέοος

311 1289 584 1345 Αὐταοιάτας
611 1289 750 1330 Ἰνδῶν
773 1287 1012 1357 ,μετῴκισαν
1039 1292 1096 1338 εἰς
1119 1305 1260 1342 χωοον
1280 1289 1429 1343 ἕτερον.
1469 1292 1605 1339 quibus
1625 1268 1758 1326 Indiae

313 1350 549 1395 Autariatas,
576 1355 731 1398 gentem
751 1350 833 1385 sine
856 1350 1120 1385 controversia
1143 1347 1350 1397 illyricam,
1380 1347 1615 1393 transcribit,
1643 1347 1757 1383 modo

314 1420 407 1443 sana
438 1408 538 1452 sint,
576 1404 677 1454 quod
697 1404 918 1453 persuaderi
942 1417 1082 1455 magno
1102 1402 1326 1441 casaubono
1347 1405 1388 1439 in
1409 1402 1589 1442 Strabon.
1612 1402 1696 1438 VII.
1718 1414 1755 1449 p.

313 1464 421 1502 489.
446 1461 545 1498 haud
568 1463 702 1509 potuit,
731 1473 810 1497 voa:
826 1458 988 1507 Ἰνὸὥν,
1018 1462 1221 1510 inquienti,
1263 1460 1326 1496 vel
1351 1461 1389 1496 in
1411 1461 1533 1496 aliam
1554 1460 1758 1505 mutanda,

311 1520 377 1556 vel
410 1520 562 1555 omnino
594 1519 816 1554 reiiciemloe
849 1524 917 1554 est.
956 1516 1007 1553 Et
1025 1519 1182 1563 merito,
1213 1516 1369 1552 videtur
1390 1522 1457 1552 aut
1477 1517 1598 1564 inepti
1619 1514 1756 1551 Gram-

311 1576 443 1612 matici
464 1587 545 1610 esse
565 1575 709 1623 glossa,
723 1573 936 1610 cuiusmodi
955 1572 1015 1609 hic
1036 1576 1077 1609 in
1100 1571 1196 1622 Reg.
1221 1570 1373 1618 Codice,
1392 1579 1459 1609 aut
1478 1570 1520 1610 ἐκ
1539 1574 1622 1611 τῶν
1641 1570 1756 1610 ἰδίων

311 1638 414 1668 nata.
447 1630 642 1667 Potuisset
662 1629 814 1677 quidem
833 1637 934 1666 certe
954 1628 1092 1666 honori
1113 1642 1182 1665 suo
1202 1630 1338 1665 melius
1367 1629 1568 1665 consulere
1588 1627 1662 1664 Th.
1688 1627 1756 1665 Pi-

310 1687 424 1733 nedo,
454 1689 488 1723 si
511 1685 559 1722 ad
581 1684 767 1734 Stephani
786 1680 1056 1734 Αὐταριάτας
1087 1698 1109 1722 a
1126 1683 1392 1735 redarguendo
1415 1683 1640 1721 casaubono
1669 1684 1757 1721 abs-

311 1744 503 1781 tinuisset.
546 1740 707 1778 Constat
734 1744 835 1778 enim
865 1741 1083 1779 Autariatas
1118 1753 1166 1777 ex
1199 1740 1356 1790 Illyrico
1379 1754 1560 1778 ranarum
1588 1741 1756 1777 incredi-

310 1800 380 1837 bili
399 1798 645 1835 multitudine
668 1798 871 1835 divexatos
890 1800 1016 1835 exisse
1044 1805 1081 1835 et
1101 1799 1196 1834 alias
1215 1799 1450 1846 quaesivisse
1480 1797 1600 1834 sedes.
1640 1796 1755 1834 Iusti-

311 1869 384 1893 nus
406 1854 495 1892 XV.
511 1856 552 1894 2.
573 1860 611 1891 et
630 1853 854 1891 Heraclides
872 1854 1035 1891 Lenibus
1061 1857 1101 1891 in
1123 1853 1259 1890 Athen.
1283 1852 1386 1889 VIII.
1406 1867 1441 1902 p.
1455 1853 1559 1894 383.
1579 1853 1637 1900 A„
1659 1865 1754 1901 quos

308 1919 519 1950 antestatus
550 1917 608 1947 est
635 1911 917 1948 eruditissimus
936 1909 1215 1960 Barbeyracius
1234 1912 1274 1946 in
1300 1911 1466 1959 eleganti
1488 1918 1661 1947 veterum
1682 1909 1756 1946 Pa-

310 1976 458 2006 ctorum
477 1974 514 2004 et
532 1966 745 2004 Foederum
765 1966 914 2004 Histor.
933 1966 976 2004 P.
1002 1967 1029 2005 I.
1054 1979 1090 2015 p.
1106 1967 1213 2006 254.
1244 1964 1510 2002 casaubonum
1532 1964 1755 2013 defendens,

311 2024 352 2063 id
380 2025 584 2061 memoriae
614 2024 877 2073 prodiderunt.
915 2022 1040 2060 Docet
1069 2024 1183 2059 etiam
1226 2022 1386 2071 Appian.
1420 2022 1528 2072 lllyr.
1559 2035 1595 2071 p.
1621 2023 1755 2062 1196.

308 2079 565 2132 ἐπιγενέσθαι
589 2079 633 2119 δὲ
654 2085 739 2125 τοῖς
757 2075 1084 2146 υποστοέψασιι,
1100 2076 1360 2124 Autariatis,
1344 2075 1510 2129 α’ῑτειοον
1529 2073 1753 2129 βατοὰχων

308 2138 497 2188 πλῆθος,
526 2133 565 2174 οἵ
586 2133 852 2181 ὁιασαπέντες
870 2132 920 2174 τὰ
940 2151 962 2174 ν
966 2130 1106 2186 ἄματα
1126 2134 1182 2173 (513
1176 2132 1380 2188 ᾳθειοαι.
1411 2132 1514 2181 hinc,
1536 2136 1756 2183 pestilentia

310 2196 537 2244 ingruente,
562 2193 723 2240 patriam
746 2191 978 2229 deseruisse:
1018 2191 1209 2229 dissidens
1230 2198 1357 2227 tamen
1383 2204 1405 2227 a
1429 2190 1576 2227 Iustino
1597 2191 1636 2226 in
1658 2198 1754 2227 tem-

309 2252 414 2299 poris
435 2248 664 2295 intervallo,
698 2260 772 2297 quo
802 2261 847 2285 ea
877 2249 1094 2286 calamitate
1123 2249 1245 2296 pressi
1268 2248 1436 2284 fuerunt.
1472 2246 1569 2285 Vide
1587 2247 1691 2284 infra
1710 2246 1753 2284 L.

309 2305 406 2344 XX.
431 2306 501 2345 19.
535 2303 669 2341 Wssss.

429 2373 529 2412 196.
565 2373 635 2411 12.
661 2368 729 2409 Ἐκ
750 2372 824 2423 τῆς
845 2369 1161 2425 Στυμᾳαλίὸος]
1202 2370 1261 2408 De
1284 2369 1344 2408 his
1367 2369 1430 2407 IV.
1458 2371 1528 2410 13.
1556 2368 1693 2411 WESS.

425 2440 528 2479 197.
561 2439 636 2477 20.
674 2434 935 2488 Καλούμείὀι
964 2434 1235 2490 Ῑίῗυνάμυνοι]
1280 2437 1578 2489 Agatharchidi,
1607 2451 1655 2476 ex
1676 2451 1751 2488 quo

309 2494 403 2532 haec
424 2495 609 2532 (lesumsit
627 2490 841 2541 DiOdOrus‚
882 2494 1149 2548 Κυναμολγοὶ
1174 2502 1444 2544 nuncupantur
1463 2494 1596 2546 Eclog.
1618 2509 1650 2534 c.
1676 2497 1750 2535 29.

308 2550 442 2589 RHoD.
474 2549 733 2601 Cynamolgos
752 2564 838 2587 cum
857 2552 1026 2603 Poggius
1046 2554 1219 2598 verterit,
1244 2563 1380 2599 parum
1397 2551 1443 2587 ab
1464 2552 1543 2588 illis
1561 2554 1751 2601 recipien-

309 2608 368 2645 dis
391 2608 544 2645 absum:
582 2619 653 2656 ego
682 2606 835 2654 quidem
863 2621 941 2644 non
963 2608 1109 2654 dubito,
1138 2610 1231 2655 quin
1250 2610 1376 2658 gentis
1396 2620 1528 2644 verum
1550 2607 1590 2644 id
1610 2621 1748 2644 nomen

309 2667 381 2711 sit;
409 2664 511 2714 quod
529 2668 566 2699 et
588 2661 727 2699 Strabo
744 2662 848 2699 XVI.
870 2678 905 2713 p.
931 2666 1062 2704 1116.
1081 2662 1120 2700 C.
1154 2665 1305 2701 Plinius
1315 2662 1418 2700 VIII.
1437 2662 1485 2700 H.
1506 2663 1554 2702 N.
1569 2665 1643 2704 29.
1673 2663 1748 2700 Ae-

306 2722 397 2757 lian.
421 2719 526 2757 XVI.
549 2717 599 2755 H.
620 2715 663 2755 A.
688 2719 761 2758 31.
791 2723 1055 2767 retinuerunt,
1097 2725 1135 2756 et
1163 2722 1265 2757 vitae
1293 2731 1438 2770 genus,
1470 2733 1544 2769 quo
1574 2722 1747 2771 insignes

306 2782 439 2823 erant,
465 2776 647 2825 requirit:
684 2787 798 2812 carne
820 2779 921 2814 enim
943 2776 1055 2814 boum
1075 2776 1274 2814 deficiente
1298 2773 1378 2822 ‘cccc
1400 2776 1484 2814 τῶν
1513 2777 1646 2815 κυνῶν
1666 2778 1748 2827 θη-

303 2831 412 2879 λείας
433 2828 677 2885 ἀμέλγοντες
702 2831 761 2887 τῷ
783 2827 954 2884 γάλακτι
976 2828 1222 2887 τρέφονται,
1265 2830 1461 2881 femellas
1480 2843 1621 2871 canum
1649 2833 1748 2871 mul-
