1828 3253
407 172 470 211 {N
501 170 612 211 LlB.
636 169 780 211 xiil.
808 169 936 210 CAP.
966 171 1192 213 59.—-62.
1424 176 1510 218 671

191 286 294 327 589
318 287 359 326 7
393 281 515 337 Πρὸς
544 281 678 336 φυγὴν
707 279 926 337 ὥρμησεν]
957 282 1002 321 Si
1023 284 1149 333 plures
1166 284 1408 324 membranae
1435 283 1517 342 ὤρ-

77 356 215 394 ιιησαν
236 343 452 392 probarent,
474 342 592 390 recipi
613 348 752 388 posset.
776 340 863 379 Vid.
885 339 994 377 adl..
1018 341 1062 379 V.
1084 342 1126 380 4
1153 341 1203 378 W
1207 352 1290 379 Ess.

193 400 399 440 589-11.
437 394 568 436 Πίιτε
604 411 707 446 προς
739 401 830 440 ταῖς
860 394 1010 445 εἴκοσι]
1040 395 1256 446 Scripserat
1284 395 1388 450 πρὸς
1423 403 1517 447 ταῖς

75 468 241 505 τριακοι
245 469 306 492 τα
346 454 444 490 Nam
472 463 592 488 xxxv
624 455 799 490 triremes
828 466 849 489 a
871 452 1126 502 Syracusanis
1146 456 1291 492 auxilio
1312 455 1515 504 Spartanis

77 518 211 548 contra
233 510 485 547 Athenienses
505 510 622 546 fuisse
645 511 780 546 missas
798 509 937 546 diserte
958 509 1116 546 tradidit
1136 522 1167 546 c.
1192 511 1280 557 34,
1299 513 1514 561 repetitque

79 567 197 606 ⁰·63.
222 565 345 603 Habet
363 565 514 615 quidem
535 563 750 614 Xenophon
766 564 806 601 L.
821 564 847 602 l.
861 564 1011 603 Hellen.
1035 579 1070 614 p.
1086 566 1204 612 338„
1227 578 1321 615 quae
1343 579 1431 604 xxv
1453 569 1513 606 his

77 623 295 660 triremibus
323 624 557 671 patrocinari
583 622 788 668 videntur,
826 621 893 658 sed
924 624 954 658 is
978 634 1063 658 cum
1088 621 1315 673 Thucydide
1342 624 1384 660 L.
1411 623 1511 664 Vlll.

78 680 154 719 26.
182 692 205 716 a
224 677 368 716 Nostro
390 679 627 728 apertissime
648 678 837 716 dissentit.
869 677 1004 716 w1-:s-s.

192 736 294 775 589·
321 737 391 774 16.
421 729 679 784 Πορεύονται
702 739 787 779 τοῖς
804 730 1019 784 ‘I1cae9u1'mg
1038 730 1292 785 ,θον-θήσειν]
1327 734 1392 772 Sic
1415 738 1516 774 malo

79 803 128 826 ex
147 789 241 840 Reg.
261 793 302 830 2.
333 792 405 827 etsi
424 804 501 827 non
523 794 696 839 ignorem
724 802 903 838 praesens
922 791 1043 826 futuri
1062 798 1125 839 pot
1114 804 1167 826 es
1174 799 1284 827 tatem
1308 791 1405 829 haud
1428 806 1515 830 raro

79 847 306 885 adsciscere.
327 846 513 896 Exempla
532 846 636 883 dabit
655 846 731 882 Cel.
743 845 889 883 Duker.
910 849 948 883 in
971 845 1187 898 'lhnejdnl
1212 847 1345 887 1141.
1381 849 1513 885 xvh-ss.

193 904 297 944 589
328 905 403 943 27.
443 905 541 948 Ίοῖς
570 900 612 939 ὁ)
647 897 810 953 ἢιιίσεσι
845 917 885 940 τι
882 902 1009 953 [¹951]
1040 902 1126 939 Nisi
1156 904 1247 952 quid
1280 905 1364 940 dees
1372 912 1386 940 t
1416 907 1517 943 inter

78 952 243 1010 ἡμίσεσι
275 965 312 996 et
339 964 476 1011 τηρεῖι
487 988 498 1006 ,
537 958 740 1023 legendum
770 958 924 996 videtur
957 956 1051 1004 τοῖς
1082 957 1115 997 δ’
1149 955 1319 1011 ἡμίσεις.
1360 960 1517 999 Smin.

77 1014 290 1053 Verborum
314 1015 407 1053 ordo
428 1028 525 1060 τοις
544 989 597 1052 ὸΡ
600 1009 759 1065 ημίσεις
779 1016 1010 1063 expostulat,
1038 1027 1148 1063 quem
1168 1017 1435 1064 intempestive
1457 1020 1518 1055 in-

78 1079 247 1110 mutasse
264 1071 446 1109 videntur
465 1071 512 1108 ob
534 1085 647 1123 σιμᾳ
653 1068 768 1123 έρειν,
795 1071 896 1120 quod
916 1074 1141 1120 praecessit·
1176 1085 1264 1110 nam
1288 1074 1432 1123 aliquid
1451 1074 1518 1111 do-

82 1141 178 1176 esse,
205 1141 284 1165 non
305 1127 480 1164 dixerim.
508 1127 557 1163 W
561 1137 642 1163 ESS.

198 1185 301 1225 589.
336 1185 409 1223 33.
450 1181 538 1222 Ἐπὶ
568 1178 726 1221 τούτων
757 1177 1074 1232 ἀποπλεόντων]
1114 1182 1251 1220 Valere
1273 1183 1335 1221 hic
1359 1185 1519 1233 diceres,

81 1241 182 1291 quod
221 1241 267 1277 de
293 1245 505 1290 permutata
535 1242 745 1287 praesentis
778 1240 818 1275 in
852 1239 1022 1275 futurum
1055 1240 1336 1289 significatione
1370 1249 1519 1280 tantum

82 1298 182 1346 quod
214 1297 423 1345 adscripsi,
467 1298 542 1332 nisi
566 1294 613 1331 ad
642 1297 698 1330 rei
727 1300 857 1344 gestae
887 1296 1119 1332 celeritatem
1144 1295 1215 1332 hoc
1236 1297 1431 1334 videretur
1451 1312 1520 1349 op-

80 1355 302 1404 portunius:
340 1354 402 1388 cui
432 1353 466 1389 si
491 1349 558 1389 καὶ
587 1351 736 1398 pondus
764 1350 904 1387 addere
934 1363 1044 1400 posse
1073 1358 1196 1401 puteS,
1224 1352 1264 1389 id
1286 1366 1334 1390 ex
1356 1352 1518 1393 Clarom.

78 1411 245 1448 adstrue.
272 1407 424 1447 wass..

195 1467 298 1506 590
329 1465 403 1504 35
439 1459 550 1510 Τους
567 1457 770 1508 πεσόντας
790 1458 832 1500 ἓν
856 1462 906 1515 τῇ
925 1455 1039 1516 μάχῃ
1060 1460 1313 1510 καταλιπὼν]
1344 1465 1441 1503 Vide
1461 1469 1523 1505 in-

78 1523 199 1561 ferius
220 1535 299 1572 cap.
320 1521 393 1560 75.
421 1519 555 1557 Wnss.

198 1579 301 1618 590
336 1577 407 1616 5'1.)
448 1573 704 1626 Εὐδαιμονιά
733 1571 987 1627 διεφορεῖτο]
1042 1573 1109 1612 Sic
1136 1574 1180 1612 L.
1208 1575 1317 1614 XVI.
1353 1579 1423 1617 19.
1454 1575 1522 1617 καὶ

83 1632 217 1674 πολλὰ
244 1632 319 1683 μὲν
344 1627 541 1683 χρήματα
574 1632 800 1683 διεφορεῖτο
841 1632 865 1667 i.
897 1643 928 1666 e.
959 1632 1266 1682 diripiebantmu
1312 1633 1363 1670 Et
1393 1634 1468 1671 Χῖ
1475 1635 1520 1671 ΙΙ.

86 1692 158 1732 70
185 1686 314 1735 πολις
331 1688 406 1739 μέν
427 1685 603 1741 α’ρὶυρος
620 1686 709 1739 ὸιεᾳ
707 1700 861 1736 ορειτο.
889 1683 1096 1724 Diversum
1114 1687 1185 1725 hoc
1205 1689 1432 1737 Pausaniae,
1454 1689 1521 1740 sed

81 1749 162 1786 vim
182 1746 289 1784 verbi
308 1745 529 1791 declarans,
567 1742 610 1779 L.
631 1742 681 1781 ΙΙ.
706 1743 779 1781 34.
803 1754 839 1791 p.
867 1743 971 1782 192.
1002 1740 1107 1781 ἀλλὰ
1136 1747 1417 1812 περιοφθῆναι
1448 1745 1522 1792 τὸν

81 1798 224 1853 νεκρόν
253 1815 357 1854 φασι
386 1797 699 1853 ὁιαᾳοριθέντα
720 1793 799 1837 υπὸ
831 1800 914 1837 τῶν
935 1797 977 1837 ἐκ
997 1794 1219 1851 θαλάσσης
1238 1798 1434 1849 ὀρν’.ιθων
1472 1802 1524 1839 Et

82 1858 216 1897 L.1X.
240 1859 283 1898 2
304 1870 339 1906 Ρ.
358 1858 461 1897 714.
481 1856 526 1892 de
546 1855 704 1892 canibus
722 1855 926 1891 Actaeonis
947 1851 1174 1907 ὁιαᾳορήσε
1178 1871 1214 1904 ιν
1230 1854 1401 1906 ἓίιειλον
1423 1874 1522 1896 παν-

83 1931 137 1956 τα
165 1912 256 1955 τινὰ
289 1911 370 1953 ὅτι)
403 1908 664 1964 περιτύχοιεν.
704 1910 800 1947 lide
831 1923 921 1948 vero
953 1910 1024 1948 hoc
1054 1912 1222 1949 eiusdem
1245 1912 1458 1950 Pausaniae
1477 1914 1519 1951 L.

83 1971 168 2011 vu.
195 1973 264 2011 17
285 1969 326 2016 ἐς
346 1966 456 2008 ἅπαν
478 1967 521 2007 ὸέ
541 1965 760 2012 ἀσθενείας
780 1962 872 2005 τότε
893 1962 1074 2015 μαλιστα
1098 1969 1307 2018 κατῆλθεν
1330 1985 1360 2034 rs
1375 1965 1522 2037 Ελὶὰς

83 2029 346 2078 λυμανθεῖσα
377 2039 483 2064 κατα
510 2038 615 2076 μερη
649 2021 716 2061 καὶ
755 2021 1224 2062 AIAJIOPHGJEIJSi
1257 2046 1303 2051 ——
1336 2017 1415 2064 ὗπὸ
1447 2029 1521 2066 τοῦ

85 2083 159 2123 dal
155 2096 304 2135 ιἰοιος,
343 2088 382 2118 et
412 2083 604 2118 iustumne
634 2079 674 2116 id
704 2081 755 2116 sit
786 2078 989 2128 perpende.
1050 2078 1170 2126 Mihi,
1207 2093 1254 2116 ne
1276 2080 1398 2118 dicam
1421 2081 1522 2134 dolo,

83 2136 554 2181 AlAtDOPHOEIEA
580 2137 699 2180 fuisse
727 2135 780 2172 ibi
802 2135 966 2182 videtur,
999 2136 1342 2184 quemadmodum
1332 2150 1374 2174 m
1398 2136 1523 2175 Dione

85 2195 282 2245 Chrysost.
304 2194 412 2232 Orat.
433 2191 626 2230 XXXVI
655 2205 690 2241 p.
709 2191 816 2231 446
838 2189 886 2229 D.
917 2186 1075 2237 πολιςι
1057 2189 1135 2230 υπὸ
1161 2187 1370 2243 τυράννων
1391 2208 1432 2232 τε
1454 2210 1522 2233 και

86 2249 228 2303 ὸήμιυν
256 2250 323 2288 καὶ
353 2249 575 2302 δεκαρχιῶν
605 2245 654 2315 dt}
681 2247 747 2286 καὶ
771 2244 858 2286 ὀλι
837 2249 1027 2298 χαρχιῶν,
1060 2246 1133 2285 καί
1148 2262 1268 2287 τινων
1289 2245 1467 2289 ἅλλων’
1446 2250 1523 2305 α’ῤ-

89 2302 371 2361 ῥωστημάτων
394 2302 653 2373 ὁιαςιοροεέμ
633 2319 713 2369 (Ινη.
748 2278 858 2339 Nihi‘l
878 2305 1030 2340 certius.
1057 2303 1153 2340 We
1146 2315 1189 2340 s.

203 2364 306 2402 590,
333 2363 404 2401 59.
419 2358 518 2412 Ἐτη
538 2355 726 2398 διακόσια
747 2354 1086 2412 τεσσαράκοντα]
1113 2360 1244 2408 ltaque
1263 2359 1472 2398 Himerae
1464 2375 1523 2399 in-

88 2420 157 2456 itia
179 2421 219 2455 in
239 2431 382 2455 annum
403 2417 555 2467 Olymp.
581 2426 717 2452 xxxii.
739 2422 914 2464 quartum
930 2416 1120 2462 incidunt,
1159 2429 1233 2467 quo
1252 2417 1384 2454 eodem
1403 2419 1522 2455 ferme

88 2483 255 2521 tempore
275 2472 518 2510 Selinuntem
537 2473 729 2509 conditam
747 2473 865 2508 fuisse
885 2484 999 2520 supra
1017 2472 1129 2511 dixit.
1171 2472 1313 2522 Oppidi
1330 2474 1522 2511 excidium

89 2533 219 2582 attigit
236 2528 371 2566 Cicero
392 2528 435 2568 L.
459 2529 505 2567 ΙΙ.
532 2529 640 2565 Verr.
663 2541 695 2564 c.
712 2528 784 2566 35.
824 2526 874 2563 W
878 2538 958 2564 Ess.

207 2587 312 2625 590.
339 2586 411 2625 64
449 2584 534 2624 Και
555 2600 635 2623 παι
639 2597 712 2630 τας
735 2579 994 2634 αι’κισάμενος
1016 2581 1276 2637 κατέσφαξε]
1304 2584 1377 2622 Axi
1397 2588 1522 2623 mani—

91 2641 162 2679 bus
182 2640 313 2678 horum
333 2644 518 2691 sanguine
537 2642 699 2678 sortasse
721 2646 1001 2689 parentaturus,
1033 2647 1076 2676 ut
1094 2639 1302 2689 Spartacus
1320 2643 1523 2678 interfecto

93 2696 209 2734 Crixo
240 2697 337 2747 apud
370 2697 530 2745 Appian.
557 2696 600 2733 L.
631 2696 658 2733 Ι.
688 2695 767 2732 Bel.
798 2694 912 2734 Civil.
943 2709 978 2745 p.
1003 2696 1239 2742 70.3.4Nota
1257 2697 1428 2745 alioqui
1419 2700 1525 2746 inpia

91 2754 306 2847 lx’ocnorum
319 2754 457 2805 religio
468 2759 526 2791 est
539 2759 577 2790 et
586 2752 700 2791 caede
719 2751 913 2790 hominum
931 2753 1100 2801 infamis,
1118 2765 1192 2803 qua
1213 2753 1259 2790 de
1280 2753 1382 2790 infra
1400 2767 1431 2790 c.
1449 2757 1521 2795 &U-

112 2809 226 2847 Vnss.
