1828 3253
412 224 476 265 IN
507 224 621 263 LIB.
648 223 763 266 X11.
793 223 920 264 CAP.
945 226 1172 268 80.·-83.
1427 234 1517 274 627

193 337 297 379 536
328 339 403 378 90.
431 336 516 378 Καὶ
541 334 697 389 πολλην
718 351 793 389 τνς
813 333 956 389 χώρας
983 333 1250 404 δῃώσαντες]
1295 340 1340 379 In
1363 341 1520 394 Thucy-

77 393 154 433 did.
176 393 240 432 Vl.
269 396 308 434 7.
344 397 419 446 τῆς
450 409 492 433 τε
512 396 586 446 γῆς
615 391 756 444 ἔτεμον
787 391 835 433 οὐ
864 390 1029 445 nomwyv·
1061 405 1134 442 quo
1155 397 1239 432 loco
1262 404 1387 435 tamen
1410 401 1519 439 Valla

75 451 242 501 negandi
263 463 396 488 vocem
418 449 516 487 haud
538 452 642 501 legit.
689 449 740 486 At
763 449 953 498 discrepat
973 450 1063 486 belli
1088 450 1403 501 Peloponnesiaci
1422 460 1517 494 scri-

75 513 162 554 ptor
181 508 293 544 etiam
314 507 355 543 in
378 508 466 543 aliis
489 521 512 544 a
529 506 694 552 Nostro,
723 508 846 543 veluti
876 509 918 543 in
939 508 1116 552 navium,
1144 520 1237 556 quas
1266 520 1356 546 xxx
1379 515 1514 550 missas

73 562 236 600 Athenis
255 565 332 609 ait,
358 574 534 599 numero:
566 569 760 610 praeterea
782 572 866 598 loce
886 563 1016 613 gravis
1039 570 1252 602 armaturae
1274 568 1417 604 milites
1446 583 1514 606 ve·-

72 621 176 655 nisse
195 619 353 669 Argivis
372 620 532 664 auxilio,
564 625 602 655 et
626 618 814 654 Orneatas
833 619 1034 667 plerosque
1057 631 1188 655 omnes
1222 622 1416 672 aufugisse
1445 625 1515 661 ad-

71 674 140 711 dit.
185 673 245 711 De
267 673 408 711 Orneis
436 673 575 712 Strabo
597 673 699 712 Vlll.
736 686 774 722 p.
812 675 916 715 578.
955 681 993 711 et
1021 673 1184 712 Pausan.
1206 675 1248 713 L.
1271 676 1318 714 ΙΙ.
1347 692 1383 727 p.
1409 682 1511 722 168.

67 732 190 779 plura.
224 729 358 768 WEss.

184 786 287 826 536.
320 787 364 826 2.
415 782 540 825 Κατὰ
570 782 617 825 τὸ
652 781 1055 826 πεντεκαιδέκατον
1041 784 1131 832 ἔτος
1160 789 1235 826 τοῦ
1267 789 1371 828 Πε..)
1382 789 1399 840 ]
1450 790 1513 830 Ex

68 837 308 892 Thucydidis
335 843 550 880 rationibus
570 841 612 879 L.
634 841 679 879 V.
702 843 773 883 83.
807 855 872 888 ea,
902 854 998 890 quae
1026 842 1138 879 modo
1166 846 1378 894 perscripta
1408 855 1512 894 sunt,

63 898 107 934 in
126 911 268 935 annum
298 897 614 948 Peloponnesiaci
636 899 726 935 belli
745 908 820 934 xvl
849 898 1037 937 incidunt.
1079 898 1222 936 Noster
1241 902 1336 937 alias
1356 911 1510 940 secutus

64 960 144 1001 est,
170 955 261 991 belli
280 955 363 991 eius
382 956 613 1004 principium
633 955 681 992 ab
703 953 896 992 Archonte
916 953 1158 1004 Euthydemo
1181 968 1362 1004 exorsus,
1391 972 1413 995 a
1433 970 1510 1006 quo

63 1019 137 1049 xv.
163 1009 385 1062 Euphemus
405 1018 483 1057 est,
509 1014 574 1060 qui
593 1013 635 1048 in
654 1010 794 1048 Atticis
810 1009 939 1048 Fastis
972 1010 1060 1048 huic
1086 1024 1188 1049 anno
1218 1025 1358 1050 nomen
1388 1015 1507 1053 dedit.

62 1064 161 1104 Vide
182 1065 336 1105 L.X11.
360 1067 434 1106 38.
464 1067 600 1103 WEss.

177 1123 280 1162 536
312 1123 355 1162 4.
390 1119 781 1174 Ἀριστόμνηστος]
825 1118 1110 1175 Ἀρίμνηστος
1138 1125 1180 1160 in
1203 1122 1302 1161 Isaei
1325 1124 1433 1164 Orat.
1460 1127 1507 1164 de

61 1174 337 1216 Philoctemon.
359 1177 499 1215 Hered.
520 1193 555 1228 p.
572 1180 658 1225 57„
679 1186 717 1215 et
737 1179 974 1229 Argumento
994 1179 1058 1215 ΙΙΙ.
1076 1176 1506 1231 'O9v1'3‹01Aristopli.,

62 1245 137 1282 quo
157 1241 318 1284 utroque
338 1237 423 1271 loco
445 1235 498 1271 lo.
523 1235 712 1272 Meursius
732 1234 773 1271 L.
788 1234 853 1271 ΙΙΙ.
881 1234 1062 1272 Archont
1084 1248 1116 1273 c.
1135 1237 1174 1274 9.
1207 1243 1244 1272 et
1261 1236 1377 1273 Attio.
1401 1237 1430 1273 l
1435 1246 1507 1276 ect.

60 1288 105 1329 L.
126 1289 189 1328 lv.
215 1291 288 1330 31.
325 1287 690 1341 Ἀριστόμνηστον
715 1291 936 1341 rescripsit3
969 1304 1040 1341 ego
1064 1304 1155 1328 vero
1186 1300 1318 1329 contra
1339 1296 1505 1342 mallem,

59 1347 239 1394 quoniam
267 1358 345 1383 non
374 1347 432 1383 illi
465 1353 636 1392 tantum,
667 1346 734 1382 sed
768 1354 805 1383 et
832 1345 1049 1396 Hesychius
1079 1349 1120 1383 in
1148 1360 1185 1384 v.
1210 1343 1505 1398 Ἑρμοκοπιὸαι

57 1402 206 1440 Atticae
234 1401 336 1439 huuc
356 1403 462 1441 urbis
490 1410 702 1453 praetorem
727 1399 1016 1454 Ἀρίμνηστον
1038 1409 1172 1450 vocat,
1204 1416 1275 1440 nec
1300 1405 1505 1454 quidquam

59 1471 103 1496 eo
126 1461 166 1496 in
187 1461 340 1495 nomine
362 1460 432 1506 sit,
460 1473 527 1496 cur
548 1465 761 1507 spernatur.
792 1458 924 1496 WEss.

172 1515 276 1555 536.
309 1516 349 1555 6.
395 1511 584 1561 Λούκιος
608 1512 800 1567 Σέντιος]
841 1513 1007 1566 Σέρριος
1040 1520 1098 1551 est
1125 1516 1169 1551 in
1196 1514 1337 1555 Fastis.
1366 1515 1502 1554 Rflon.

57 1566 225 1622 Σίργιον
244 1583 327 1607 esse
354 1571 596 1608 scribendum
633 1569 821 1621 Sigonius
854 1571 902 1607 ad
923 1570 1026 1607 Livii
1047 1571 1087 1607 L.
1110 1570 1173 1607 IV.
1207 1572 1279 1610 35.
1321 1579 1359 1608 et
1388 1574 1457 1624 Pig„
1447 1574 1499 1611 rh.

55 1623 206 1665 Fastor.
225 1640 262 1676 p.
290 1628 392 1667 188.
417 1627 609 1665 viderunt.
647 1626 850 1669 Praeterea
867 1622 1052 1666 Λεύκιον
1075 1629 1262 1675 praetuli,
1289 1641 1363 1677 quo
1386 1631 1499 1666 modo

55 1680 241 1732 Sigonius
261 1685 375 1730 citat,
407 1684 588 1731 quoniam
607 1681 802 1730 Diodorus
831 1683 885 1720 ita
908 1682 1096 1721 adsuevit.
1132 1683 1194 1719 Ad
1214 1683 1306 1721 haec
1332 1685 1500 1724 Claudio

54 1750 284 1788 praenomen
305 1739 381 1776 fuit
407 1739 538 1791 Appii.
572 1739 712 1778 WESS.

172 1795 275 1835 536.
303 1796 345 1834 9.
373 1792 599 1842 Ἐξαίνετος
613 1792 955 1847 Ἀκραγαντῖνος]
992 1793 1055 1830 Ex
1077 1793 1150 1831 hoc
1179 1796 1264 1832 loco
1298 1799 1498 1848 corrigen-

54 1849 125 1887 dus
147 1857 205 1887 est
218 1850 400 1888 Aelianus
417 1851 461 1889 V.
480 1850 530 1890 Η.
553 1850 596 1890 L.
621 1850 668 1887 ΙΙ.
695 1853 734 1891 8.
761 1851 828 1887 ubi
847 1853 902 1887 sic
926 1852 1079 1901 legitur,
1105 1848 1210 1889 κατὰ
1231 1867 1306 1902 την
1329 1850 1496 1905 πρώτην

53 1921 121 1944 και
143 1904 262 1959 ἕκτην
287 1903 570 1957 Ὀλυμπιάδα,
595 1903 691 1945 καθ’
719 1903 769 1958 ἢν
789 1905 901 1944 ἐνίκα
918 1903 1145 1953 Ἑξαίνετος
1161 1903 1383 1973 Asoaym
1387 1924 1496 1956 τινος

52 1957 234 2002 στάδιον.
264 1963 318 2000 ibi
337 1965 458 2014 igitur
487 1976 535 2000 ex
555 1962 628 2000 hoc
656 1964 740 2000 loco
767 1963 970 2014 legendum
999 1959 1104 2001 κατὰ
1125 1959 1201 2013 τὴν
1231 1959 1398 2015 πρώτην
1426 1965 1497 2003 καὶ

50 2015 353 2070 ἔννενηκοστην.
402 2019 523 2056 Ειτοι·
553 2018 806 2067 proculdubio
826 2020 997 2055 manavit
1023 2031 1071 2054 ex
1101 2019 1352 2058 similitudine
1372 2026 1496 2058 nota-

50 2087 135 2112 rum
164 2076 416 2112 numeralium
441 2070 490 2122 ς’,
530 2070 576 2113 ¹7'.
619 2075 814 2124 Scriptum
844 2076 919 2111 fuit
937 2074 1037 2122 apud
1068 2074 1268 2111 Aelianum
1290 2074 1394 2115 κατὰ
1418 2075 1494 2128 τὴν

51 2125 91 2169 α’
106 2129 174 2169 καὶ
196 2125 246 2178 θ’,
269 2134 483 2181 exscriptor
504 2133 602 2168 male
622 2133 717 2182 legit
738 2145 763 2168 α
784 2146 851 2169 και
874 2126 906 2176 ς’
911 2158 922 2177 ‚
943 2130 1044 2190 quod
1063 2136 1121 2166 est
1139 2131 1354 2168 absurdum.
1393 2132 1494 2171 Nam

49 2186 290 2224 scribendum
309 2188 447 2224 fuisset
466 2185 569 2239 πρὸς
587 2184 662 2238 τὴν
680 2183 726 2236 ζ,
756 2187 907 2235 quando
927 2199 1045 2222 unum
1065 2192 1104 2222 et
1123 2198 1190 2222 sex
1208 2188 1311 2223 valet
1333 2195 1489 2236 septem.

49 2243 178 2279 PALM.
217 2242 306 2280 Non
328 2243 549 2280 recordatus
578 2243 672 2280 mihi
691 2242 902 2279 Palmerius
932 2242 1110 2288 videtur,
1139 2253 1234 2290 quae
1266 2243 1311 2279 de
1335 2245 1491 2282 Aeliani

50 2300 135 2335 loco
155 2298 365 2346 disputarat
385 2299 438 2336 Io.
459 2299 649 2336 Meursius
661 2299 775 2336 Attio.
797 2298 900 2335 Lect.
922 2298 963 2335 L.
986 2297 1052 2336 ΙΙΙ.
1067 2299 1140 2338 28.
1168 2297 1335 2346 Uterque
1355 2314 1490 2338 verum

48 2353 228 2402 pervidit,
238 2357 352 2391 sicuti
363 2367 410 2391 ex
420 2357 582 2392 vetustis
594 2355 744 2393 schedis
757 2355 923 2392 ostendit
935 2352 1012 2389 Cel.
1025 2353 1097 2390 Iac.
1111 2353 1490 2394 PerizoniusJVEss.

161 2410 265 2450 536.
300 2411 370 2450 19.
407 2412 614 2461 Ποταμοῦ
638 2407 874 2462 τὴνχώραν
894 2413 976 2448 τῶν
996 2416 1066 2445 etc.
1099 2405 1336 2463 ὁρίζοντος]
1369 2413 1489 2456 Quem

45 2466 251 2503 fluviorum
268 2468 481 2517 intelligat,
509 2465 804 2513 Scamandrum,
836 2467 1059 2512 Simoenta,
1089 2478 1140 2502 an
1161 2468 1300 2514 alium,
1331 2481 1408 2505 non
1430 2476 1489 2505 te-

47 2535 148 2558 mere
175 2521 350 2558 finivero.
390 2522 481 2559 Mox
510 2524 661 2560 mallem
689 2519 764 2573 τὴν
790 2521 1136 2573 παραποταμίαν,
1178 2523 1235 2559 uti
1263 2531 1349 2571 post
1368 2538 1490 2573 pauca

46 2576 162 2616 αὐτοὶ
192 2574 268 2628 τὴν
294 2573 436 2629 χώραν
456 2577 667 2628 κατέσχον.
701 2586 738 2615 et
757 2580 812 2615 sic
838 2578 878 2614 L.
902 2578 929 2614 Ι.
957 2579 1031 2617 44.
1067 2577 1130 2614 ΙΙΙ.
1156 2579 1309 2617 55.1v.
1338 2582 1408 2620 86.
1442 2582 1488 2618 V.

49 2635 119 2673 50.
149 2632 282 2670 VVESS.
325 2631 382 2669 De
411 2633 590 2684 κατέχειν
620 2648 705 2671 cum
735 2636 909 2684 genitivo
939 2648 974 2672 v.
999 2633 1215 2685 Schweigh.
1246 2635 1293 2671 ad
1323 2636 1485 2685 Appian.

43 2691 120 2727 vol.
143 2688 209 2726 ΙΙΙ.
240 2701 275 2736 p.
301 2691 423 2735 120..
460 2689 560 2726 hunc
584 2693 697 2727 etiam
719 2693 843 2726 locum
864 2699 966 2726 recte
986 2697 1141 2726 tutatus.

158 2745 260 2784 537.
293 2745 364 2784 39.
397 2742 650 2784 Διαπόντιον
673 2744 943 2797 συμμαχίαν]
980 2744 1076 2781 Dixi
1095 2744 1136 2782 L.
1157 2744 1226 2781 XI.
1249 2746 1322 2784 37.
1346 2745 1483 2786 VVESS.

157 2802 258 2840 537.
289 2801 363 2841 41.
395 2798 461 2839 Ἐκ
484 2803 557 2851 τῆς
577 2798 734 2848 πόλεως
752 2799 1099 2856 μεττιυκισμέηον]
1144 2800 1240 2837 vide
1265 2800 1376 2839 huius
1397 2804 1488 2841 libri

43 2869 76 2895 c.
103 2857 174 2897 54.
209 2857 346 2895 WEss.

1102 2913 1163 2952 40
1187 2914 1205 2934 *ὲ
