<?xml version="1.0" encoding="UTF-8"?>
<!DOCTYPE html PUBLIC "-//W3C//DTD XHTML 1.0 Transitional//EN"
    "http://www.w3.org/TR/xhtml1/DTD/xhtml1-transitional.dtd">
<html xmlns="http://www.w3.org/1999/xhtml" xml:lang="en" lang="en">
 <head>
  <title>
</title>
<meta http-equiv="Content-Type" content="text/html;charset=utf-8" />
  <meta name='ocr-system' content='tesseract 3.04.00' />
  <meta name='ocr-capabilities' content='ocr_page ocr_carea ocr_par ocr_line ocrx_word'/>
</head>
<body>
  <div class='ocr_page' id='page_1' title='image "./bibliothecahisto04dioduoft_0281.png"; bbox 0 0 1828 3253; ppageno 0'>
   <div class='ocr_carea' id='block_1_1' title="bbox 441 160 1504 226">
    <p class='ocr_par' dir='ltr' id='par_1_1' title="bbox 441 160 1504 226">
     <span class='ocr_line' id='line_1_1' title="bbox 441 160 1504 226; baseline 0.005 -25"><span class='ocrx_word' id='word_1_1' title='bbox 441 162 520 226; x_wconf 60' lang='grc' dir='ltr'><strong>νΙΝ</strong></span> <span class='ocrx_word' id='word_1_2' title='bbox 549 160 661 202; x_wconf 76' lang='lat' dir='ltr'><strong>Lm.</strong></span> <span class='ocrx_word' id='word_1_3' title='bbox 689 161 776 201; x_wconf 90' lang='lat'>111.</span> <span class='ocrx_word' id='word_1_4' title='bbox 806 160 937 201; x_wconf 80' lang='lat' dir='ltr'>cAP.</span> <span class='ocrx_word' id='word_1_5' title='bbox 969 162 1133 203; x_wconf 61' lang='lat'>3435.</span> <span class='ocrx_word' id='word_1_6' title='bbox 1413 166 1504 206; x_wconf 84' lang='lat'><strong>261</strong></span> 
     </span>
    </p>
   </div>
   <div class='ocr_carea' id='block_1_2' title="bbox 48 274 1500 1898">
    <p class='ocr_par' dir='ltr' id='par_1_2' title="bbox 61 274 1500 382">
     <span class='ocr_line' id='line_1_2' title="bbox 61 274 1500 328; baseline 0.001 -14"><span class='ocrx_word' id='word_1_7' title='bbox 61 276 158 314; x_wconf 81' lang='lat' dir='ltr'><strong>adeo</strong></span> <span class='ocrx_word' id='word_1_8' title='bbox 189 275 237 315; x_wconf 71' lang='lat' dir='ltr'><strong>&#39;ab</strong></span> <span class='ocrx_word' id='word_1_9' title='bbox 269 276 530 314; x_wconf 80' lang='lat' dir='ltr'><strong>eruditissimo</strong></span> <span class='ocrx_word' id='word_1_10' title='bbox 553 275 594 313; x_wconf 91' lang='lat' dir='ltr'><strong>S.</strong></span> <span class='ocrx_word' id='word_1_11' title='bbox 617 274 806 314; x_wconf 78' lang='lat' dir='ltr'><strong>Bocharto</strong></span> <span class='ocrx_word' id='word_1_12' title='bbox 835 289 921 313; x_wconf 90' lang='lat' dir='ltr'><strong>cum</strong></span> <span class='ocrx_word' id='word_1_13' title='bbox 941 289 987 313; x_wconf 87' lang='lat' dir='ltr'><strong>eo</strong></span> <span class='ocrx_word' id='word_1_14' title='bbox 1019 282 1268 325; x_wconf 75' lang='lat' dir='ltr'><strong>conparatum</strong></span> <span class='ocrx_word' id='word_1_15' title='bbox 1299 283 1338 314; x_wconf 87' lang='lat' dir='ltr'><strong>et</strong></span> <span class='ocrx_word' id='word_1_16' title='bbox 1359 290 1500 328; x_wconf 85' lang='lat' dir='ltr'><strong>conpo-</strong></span> 
     </span>
     <span class='ocr_line' id='line_1_3' title="bbox 61 331 1386 382; baseline 0 -12"><span class='ocrx_word' id='word_1_17' title='bbox 61 336 179 370; x_wconf 77' lang='lat' dir='ltr'><strong>situm</strong></span> <span class='ocrx_word' id='word_1_18' title='bbox 198 340 257 370; x_wconf 83' lang='lat' dir='ltr'><strong>est</strong></span> <span class='ocrx_word' id='word_1_19' title='bbox 277 334 319 371; x_wconf 90' lang='lat' dir='ltr'><strong>P.</strong></span> <span class='ocrx_word' id='word_1_20' title='bbox 341 332 368 370; x_wconf 94' lang='grc' dir='ltr'><strong>Ι.</strong></span> <span class='ocrx_word' id='word_1_21' title='bbox 391 332 609 370; x_wconf 85' lang='lat' dir='ltr'><strong>Hierozoic.</strong></span> <span class='ocrx_word' id='word_1_22' title='bbox 631 332 696 369; x_wconf 85' lang='lat'>111.</span> <span class='ocrx_word' id='word_1_23' title='bbox 720 333 811 379; x_wconf 62' lang='lat'><strong>31„</strong></span> <span class='ocrx_word' id='word_1_24' title='bbox 831 333 896 370; x_wconf 88' lang='lat' dir='ltr'><strong>ubi</strong></span> <span class='ocrx_word' id='word_1_25' title='bbox 914 333 1024 382; x_wconf 88' lang='lat' dir='ltr'><strong>plura</strong></span> <span class='ocrx_word' id='word_1_26' title='bbox 1044 331 1090 369; x_wconf 90' lang='lat' dir='ltr'><strong>de</strong></span> <span class='ocrx_word' id='word_1_27' title='bbox 1112 331 1225 380; x_wconf 87' lang='lat' dir='ltr'><strong>Cepo.</strong></span> <span class='ocrx_word' id='word_1_28' title='bbox 1250 332 1386 370; x_wconf 69' lang='lat' dir='ltr'><strong>Wnss.</strong></span> 
     </span>
    </p>

    <p class='ocr_par' dir='ltr' id='par_1_3' title="bbox 57 382 1500 1113">
     <span class='ocr_line' id='line_1_4' title="bbox 175 382 1500 441; baseline -0.001 -12"><span class='ocrx_word' id='word_1_29' title='bbox 175 390 284 430; x_wconf 88' lang='grc'><strong>201.</strong></span> <span class='ocrx_word' id='word_1_30' title='bbox 314 389 355 428; x_wconf 87' lang='grc'><strong>3-</strong></span> <span class='ocrx_word' id='word_1_31' title='bbox 402 385 560 437; x_wconf 84' lang='grc' dir='ltr'><strong>Μεῖζόν</strong></span> <span class='ocrx_word' id='word_1_32' title='bbox 590 387 675 427; x_wconf 73' lang='grc' dir='ltr'><strong>ἔστι</strong></span> <span class='ocrx_word' id='word_1_33' title='bbox 704 390 788 428; x_wconf 81' lang='grc' dir='ltr'><strong>τῶν</strong></span> <span class='ocrx_word' id='word_1_34' title='bbox 814 382 978 441; x_wconf 74' lang='grc' dir='ltr'><strong>ἡμέρωι</strong></span> <span class='ocrx_word' id='word_1_35' title='bbox 999 384 1186 440; x_wconf 78' lang='grc' dir='ltr'>ταύρων]</span> <span class='ocrx_word' id='word_1_36' title='bbox 1226 388 1388 427; x_wconf 81' lang='lat' dir='ltr'><strong>Dubites</strong></span> <span class='ocrx_word' id='word_1_37' title='bbox 1412 397 1500 428; x_wconf 84' lang='lat' dir='ltr'><strong>utra</strong></span> 
     </span>
     <span class='ocr_line' id='line_1_5' title="bbox 60 443 1495 499; baseline 0.002 -17"><span class='ocrx_word' id='word_1_38' title='bbox 60 445 190 482; x_wconf 79' lang='lat' dir='ltr'><strong>verior</strong></span> <span class='ocrx_word' id='word_1_39' title='bbox 218 447 270 483; x_wconf 82' lang='lat' dir='ltr'><strong>sit</strong></span> <span class='ocrx_word' id='word_1_40' title='bbox 300 446 500 492; x_wconf 86' lang='lat' dir='ltr'><strong>scriptura.</strong></span> <span class='ocrx_word' id='word_1_41' title='bbox 542 443 683 482; x_wconf 87' lang='lat' dir='ltr'><strong>Strabo</strong></span> <span class='ocrx_word' id='word_1_42' title='bbox 713 444 819 482; x_wconf 86' lang='lat' dir='ltr'><strong>XVI</strong></span> <span class='ocrx_word' id='word_1_43' title='bbox 848 458 884 494; x_wconf 90' lang='lat' dir='ltr'><strong>p.</strong></span> <span class='ocrx_word' id='word_1_44' title='bbox 920 447 1053 485; x_wconf 90' lang='lat'>1121-</span> <span class='ocrx_word' id='word_1_45' title='bbox 1082 459 1158 497; x_wconf 59' lang='grc' dir='ltr'><strong>με)</strong></span> <span class='ocrx_word' id='word_1_46' title='bbox 1150 443 1244 484; x_wconf 58' lang='grc' dir='ltr'><strong>ἔδει</strong></span> <span class='ocrx_word' id='word_1_47' title='bbox 1274 460 1372 492; x_wconf 86' lang='grc' dir='ltr'><strong>τους</strong></span> <span class='ocrx_word' id='word_1_48' title='bbox 1401 444 1495 499; x_wconf 78' lang='grc' dir='ltr'><em>παρ’</em></span> 
     </span>
     <span class='ocr_line' id='line_1_6' title="bbox 59 495 1495 568; baseline 0.002 -30"><span class='ocrx_word' id='word_1_49' title='bbox 59 496 158 552; x_wconf 74' lang='grc' dir='ltr'><strong>ἡμῖν</strong></span> <span class='ocrx_word' id='word_1_50' title='bbox 183 495 384 552; x_wconf 73' lang='grc' dir='ltr'><strong>υπερβεβλ</strong></span> <span class='ocrx_word' id='word_1_51' title='bbox 376 499 542 552; x_wconf 78' lang='grc' dir='ltr'><strong>.ημένοι.</strong></span> <span class='ocrx_word' id='word_1_52' title='bbox 585 500 733 538; x_wconf 87' lang='lat' dir='ltr'><strong>Aelian.</strong></span> <span class='ocrx_word' id='word_1_53' title='bbox 753 500 880 538; x_wconf 86' lang='lat' dir='ltr'><strong>XVII.</strong></span> <span class='ocrx_word' id='word_1_54' title='bbox 902 500 952 537; x_wconf 83' lang='lat' dir='ltr'>H.</span> <span class='ocrx_word' id='word_1_55' title='bbox 981 501 1028 540; x_wconf 88' lang='lat' dir='ltr'>A.</span> <span class='ocrx_word' id='word_1_56' title='bbox 1061 501 1136 541; x_wconf 91' lang='grc'><strong>45</strong></span> <span class='ocrx_word' id='word_1_57' title='bbox 1169 500 1242 539; x_wconf 84' lang='grc' dir='ltr'><strong>καί</strong></span> <span class='ocrx_word' id='word_1_58' title='bbox 1257 501 1330 540; x_wconf 73' lang='grc' dir='ltr'><strong>εἶσι</strong></span> <span class='ocrx_word' id='word_1_59' title='bbox 1351 501 1427 568; x_wconf 50' lang='grc' dir='ltr'><strong>μὲι)</strong></span> <span class='ocrx_word' id='word_1_60' title='bbox 1447 518 1495 542; x_wconf 88' lang='grc' dir='ltr'><strong>το</strong></span> 
     </span>
     <span class='ocr_line' id='line_1_7' title="bbox 59 553 1496 624; baseline 0.001 -29"><span class='ocrx_word' id='word_1_61' title='bbox 59 556 236 609; x_wconf 66' lang='grc' dir='ltr'><strong>μέγεθος</strong></span> <span class='ocrx_word' id='word_1_62' title='bbox 255 561 342 603; x_wconf 83' lang='grc' dir='ltr'><strong>τοῖς</strong></span> <span class='ocrx_word' id='word_1_63' title='bbox 361 554 474 624; x_wconf 63' lang='grc' dir='ltr'><strong>παρὰ</strong></span> <span class='ocrx_word' id='word_1_64' title='bbox 504 561 591 603; x_wconf 82' lang='grc' dir='ltr'><strong>τοῖς</strong></span> <span class='ocrx_word' id='word_1_65' title='bbox 608 553 785 609; x_wconf 70' lang='grc' dir='ltr'><strong>”.Ε).)ησι</strong></span> <span class='ocrx_word' id='word_1_66' title='bbox 806 556 1058 603; x_wconf 78' lang='grc' dir='ltr'><strong>διπλασίους.</strong></span> <span class='ocrx_word' id='word_1_67' title='bbox 1093 563 1252 606; x_wconf 78' lang='lat' dir='ltr'><strong>uterque</strong></span> <span class='ocrx_word' id='word_1_68' title='bbox 1282 561 1365 597; x_wconf 79' lang='grc' dir='ltr'><strong>τῶν</strong></span> <span class='ocrx_word' id='word_1_69' title='bbox 1394 573 1496 610; x_wconf 75' lang='grc' dir='ltr'>ημε-</span> 
     </span>
     <span class='ocr_line' id='line_1_8' title="bbox 59 611 1495 665; baseline 0 -13"><span class='ocrx_word' id='word_1_70' title='bbox 59 612 210 665; x_wconf 72' lang='grc' dir='ltr'><strong>τέρων,</strong></span> <span class='ocrx_word' id='word_1_71' title='bbox 244 611 386 649; x_wconf 86' lang='lat' dir='ltr'><strong>Strabo</strong></span> <span class='ocrx_word' id='word_1_72' title='bbox 413 615 456 650; x_wconf 90' lang='lat' dir='ltr'><strong>in</strong></span> <span class='ocrx_word' id='word_1_73' title='bbox 484 612 751 660; x_wconf 86' lang='lat' dir='ltr'><strong>Artemidoro,</strong></span> <span class='ocrx_word' id='word_1_74' title='bbox 788 613 972 650; x_wconf 86' lang='lat' dir='ltr'><strong>Aelianus</strong></span> <span class='ocrx_word' id='word_1_75' title='bbox 1001 615 1043 650; x_wconf 89' lang='lat' dir='ltr'><strong>in</strong></span> <span class='ocrx_word' id='word_1_76' title='bbox 1065 612 1370 665; x_wconf 84' lang='lat' dir='ltr'><strong>Agatharchide,</strong></span> <span class='ocrx_word' id='word_1_77' title='bbox 1408 628 1495 652; x_wconf 88' lang='lat' dir='ltr'><strong>eum</strong></span> 
     </span>
     <span class='ocr_line' id='line_1_9' title="bbox 59 665 1496 721; baseline 0.001 -16"><span class='ocrx_word' id='word_1_78' title='bbox 59 670 164 706; x_wconf 88' lang='lat' dir='ltr'><strong>enim</strong></span> <span class='ocrx_word' id='word_1_79' title='bbox 186 667 257 705; x_wconf 89' lang='lat' dir='ltr'><strong>hoc</strong></span> <span class='ocrx_word' id='word_1_80' title='bbox 276 671 399 718; x_wconf 86' lang='lat' dir='ltr'><strong>capite</strong></span> <span class='ocrx_word' id='word_1_81' title='bbox 417 671 642 716; x_wconf 86' lang='lat' dir='ltr'><strong>aemulatur,</strong></span> <span class='ocrx_word' id='word_1_82' title='bbox 657 673 844 718; x_wconf 87' lang='lat' dir='ltr'><strong>reperisse</strong></span> <span class='ocrx_word' id='word_1_83' title='bbox 855 670 1029 707; x_wconf 86' lang='lat' dir='ltr'><strong>videtur:</strong></span> <span class='ocrx_word' id='word_1_84' title='bbox 1061 676 1185 707; x_wconf 87' lang='lat' dir='ltr'><strong>tamen</strong></span> <span class='ocrx_word' id='word_1_85' title='bbox 1205 665 1370 721; x_wconf 65' lang='grc' dir='ltr'><strong>ἡμέρων</strong></span> <span class='ocrx_word' id='word_1_86' title='bbox 1390 683 1496 707; x_wconf 86' lang='lat' dir='ltr'><strong>nunc</strong></span> 
     </span>
     <span class='ocr_line' id='line_1_10' title="bbox 59 724 1494 776; baseline 0.001 -14"><span class='ocrx_word' id='word_1_87' title='bbox 59 724 250 774; x_wconf 82' lang='lat' dir='ltr'><strong>Excerpta</strong></span> <span class='ocrx_word' id='word_1_88' title='bbox 266 724 562 776; x_wconf 81' lang='lat' dir='ltr'><strong>Agatharchidis</strong></span> <span class='ocrx_word' id='word_1_89' title='bbox 581 733 714 762; x_wconf 87' lang='lat' dir='ltr'><strong>tenent</strong></span> <span class='ocrx_word' id='word_1_90' title='bbox 735 733 773 763; x_wconf 85' lang='lat' dir='ltr'><strong>et</strong></span> <span class='ocrx_word' id='word_1_91' title='bbox 789 728 965 763; x_wconf 87' lang='lat' dir='ltr'><strong>meliores</strong></span> <span class='ocrx_word' id='word_1_92' title='bbox 988 725 1149 763; x_wconf 86' lang='lat' dir='ltr'><strong>Diodori</strong></span> <span class='ocrx_word' id='word_1_93' title='bbox 1170 724 1343 774; x_wconf 83' lang='lat' dir='ltr'><strong>Codices,</strong></span> <span class='ocrx_word' id='word_1_94' title='bbox 1373 738 1494 774; x_wconf 83' lang='lat' dir='ltr'><strong>neque</strong></span> 
     </span>
     <span class='ocr_line' id='line_1_11' title="bbox 59 782 1492 822; baseline 0.001 -4"><span class='ocrx_word' id='word_1_95' title='bbox 59 784 140 818; x_wconf 82' lang='lat' dir='ltr'><strong>eius</strong></span> <span class='ocrx_word' id='word_1_96' title='bbox 161 782 335 819; x_wconf 89' lang='lat' dir='ltr'><strong>mutandi</strong></span> <span class='ocrx_word' id='word_1_97' title='bbox 353 795 487 819; x_wconf 82' lang='lat' dir='ltr'>caussa</span> <span class='ocrx_word' id='word_1_98' title='bbox 505 785 606 819; x_wconf 87' lang='lat' dir='ltr'><strong>iusta</strong></span> <span class='ocrx_word' id='word_1_99' title='bbox 629 790 698 819; x_wconf 88' lang='lat' dir='ltr'><strong>est.</strong></span> <span class='ocrx_word' id='word_1_100' title='bbox 728 782 878 819; x_wconf 83' lang='lat' dir='ltr'>Plinius</span> <span class='ocrx_word' id='word_1_101' title='bbox 899 782 999 819; x_wconf 91' lang='lat' dir='ltr'>VIII.</span> <span class='ocrx_word' id='word_1_102' title='bbox 1018 784 1092 822; x_wconf 88' lang='grc'><strong>21.</strong></span> <span class='ocrx_word' id='word_1_103' title='bbox 1123 784 1195 820; x_wconf 79' lang='lat' dir='ltr'><strong>sed</strong></span> <span class='ocrx_word' id='word_1_104' title='bbox 1220 785 1492 820; x_wconf 74' lang='lat' dir='ltr'><strong>atrocissimos</strong></span> 
     </span>
     <span class='ocr_line' id='line_1_12' title="bbox 58 837 1492 889; baseline 0.001 -15"><span class='ocrx_word' id='word_1_105' title='bbox 58 837 178 874; x_wconf 74' lang='lat' dir='ltr'><strong>habet</strong></span> <span class='ocrx_word' id='word_1_106' title='bbox 197 843 337 875; x_wconf 78' lang='lat' dir='ltr'><strong>tauros</strong></span> <span class='ocrx_word' id='word_1_107' title='bbox 355 839 580 885; x_wconf 73' lang='lat' dir='ltr'><strong>silvestres,</strong></span> <span class='ocrx_word' id='word_1_108' title='bbox 607 841 780 876; x_wconf 80' lang='lat' dir='ltr'><strong>maiores</strong></span> <span class='ocrx_word' id='word_1_109' title='bbox 798 839 1037 889; x_wconf 69' lang='lat' dir='ltr'><strong>agrestibus,</strong></span> <span class='ocrx_word' id='word_1_110' title='bbox 1065 839 1277 876; x_wconf 74' lang='lat' dir='ltr'><strong>velocitate</strong></span> <span class='ocrx_word' id='word_1_111' title='bbox 1298 846 1391 876; x_wconf 80' lang='lat' dir='ltr'><strong>ante</strong></span> <span class='ocrx_word' id='word_1_112' title='bbox 1413 853 1492 875; x_wconf 86' lang='lat' dir='ltr'><strong>om-</strong></span> 
     </span>
     <span class='ocr_line' id='line_1_13' title="bbox 58 893 1493 946; baseline 0.001 -16"><span class='ocrx_word' id='word_1_113' title='bbox 58 905 148 940; x_wconf 76' lang='lat' dir='ltr'><strong>nes,</strong></span> <span class='ocrx_word' id='word_1_114' title='bbox 184 895 316 931; x_wconf 77' lang='lat' dir='ltr'><strong>colore</strong></span> <span class='ocrx_word' id='word_1_115' title='bbox 330 893 496 941; x_wconf 78' lang='lat' dir='ltr'><strong>fulvos,</strong></span> <span class='ocrx_word' id='word_1_116' title='bbox 532 897 658 932; x_wconf 76' lang='lat' dir='ltr'><strong>oculis</strong></span> <span class='ocrx_word' id='word_1_117' title='bbox 673 897 889 942; x_wconf 74' lang='lat' dir='ltr'><strong>caeruleis,</strong></span> <span class='ocrx_word' id='word_1_118' title='bbox 912 896 1000 946; x_wconf 81' lang='lat' dir='ltr'><strong>pilo</strong></span> <span class='ocrx_word' id='word_1_119' title='bbox 1022 897 1061 932; x_wconf 82' lang='lat' dir='ltr'><strong>in</strong></span> <span class='ocrx_word' id='word_1_120' title='bbox 1089 897 1338 933; x_wconf 80' lang='lat' dir='ltr'><strong>contrarium</strong></span> <span class='ocrx_word' id='word_1_121' title='bbox 1363 908 1493 942; x_wconf 77' lang='lat' dir='ltr'><strong>verso,</strong></span> 
     </span>
     <span class='ocr_line' id='line_1_14' title="bbox 58 950 1495 1017; baseline 0.002 -31"><span class='ocrx_word' id='word_1_122' title='bbox 58 951 163 986; x_wconf 78' lang='lat' dir='ltr'><strong>n&#39;ctu</strong></span> <span class='ocrx_word' id='word_1_123' title='bbox 191 951 248 988; x_wconf 85' lang='lat' dir='ltr'><strong>ad</strong></span> <span class='ocrx_word' id='word_1_124' title='bbox 271 963 394 988; x_wconf 68' lang='lat' dir='ltr'><strong>aare&amp;</strong></span> <span class='ocrx_word' id='word_1_125' title='bbox 414 950 658 1017; x_wconf 77' lang='lat' dir='ltr'><em>dehiscente,</em></span> <span class='ocrx_word' id='word_1_126' title='bbox 691 954 808 988; x_wconf 72' lang='lat' dir='ltr'><strong>iuxta</strong></span> <span class='ocrx_word' id='word_1_127' title='bbox 831 964 981 988; x_wconf 72' lang='lat' dir='ltr'><strong>cornua</strong></span> <span class='ocrx_word' id='word_1_128' title='bbox 1001 951 1186 989; x_wconf 79' lang='lat' dir='ltr'><strong>mobilia.-</strong></span> <span class='ocrx_word' id='word_1_129' title='bbox 1226 952 1292 989; x_wconf 91' lang='lat' dir='ltr'><strong>ubi</strong></span> <span class='ocrx_word' id='word_1_130' title='bbox 1311 959 1495 1001; x_wconf 67' lang='lat' dir='ltr'><strong>agrestes</strong></span> 
     </span>
     <span class='ocr_line' id='line_1_15' title="bbox 57 1004 1493 1062; baseline 0.002 -21"><span class='ocrx_word' id='word_1_131' title='bbox 57 1013 160 1051; x_wconf 88' lang='lat' dir='ltr'><strong>sunt,</strong></span> <span class='ocrx_word' id='word_1_132' title='bbox 185 1008 252 1056; x_wconf 90' lang='lat' dir='ltr'><strong>qui</strong></span> <span class='ocrx_word' id='word_1_133' title='bbox 271 1020 360 1043; x_wconf 88' lang='lat' dir='ltr'><strong>rure</strong></span> <span class='ocrx_word' id='word_1_134' title='bbox 379 1014 491 1055; x_wconf 87' lang='lat' dir='ltr'><strong>atque</strong></span> <span class='ocrx_word' id='word_1_135' title='bbox 515 1009 556 1044; x_wconf 93' lang='lat' dir='ltr'><strong>in</strong></span> <span class='ocrx_word' id='word_1_136' title='bbox 575 1009 678 1058; x_wconf 88' lang='lat' dir='ltr'><strong>agris</strong></span> <span class='ocrx_word' id='word_1_137' title='bbox 697 1015 916 1053; x_wconf 82' lang='lat' dir='ltr'>versantur,</span> <span class='ocrx_word' id='word_1_138' title='bbox 929 1020 1052 1058; x_wconf 88' lang='lat' dir='ltr'><strong>neque</strong></span> <span class='ocrx_word' id='word_1_139' title='bbox 1071 1010 1141 1045; x_wconf 88' lang='lat' dir='ltr'><strong>alii</strong></span> <span class='ocrx_word' id='word_1_140' title='bbox 1162 1021 1205 1044; x_wconf 88' lang='lat' dir='ltr'><strong>ac</strong></span> <span class='ocrx_word' id='word_1_141' title='bbox 1225 1004 1368 1062; x_wconf 71' lang='grc' dir='ltr'><strong>ἣμεροι</strong></span> <span class='ocrx_word' id='word_1_142' title='bbox 1389 1008 1493 1059; x_wconf 85' lang='lat' dir='ltr'><strong>Aga-</strong></span> 
     </span>
     <span class='ocr_line' id='line_1_16' title="bbox 58 1060 1251 1113; baseline 0.001 -15"><span class='ocrx_word' id='word_1_143' title='bbox 58 1060 281 1110; x_wconf 84' lang='lat' dir='ltr'><strong>tharchidis,</strong></span> <span class='ocrx_word' id='word_1_144' title='bbox 308 1062 470 1099; x_wconf 84' lang='lat' dir='ltr'><strong>docente</strong></span> <span class='ocrx_word' id='word_1_145' title='bbox 489 1062 679 1101; x_wconf 80' lang='lat' dir='ltr'><strong>Salmasio</strong></span> <span class='ocrx_word' id='word_1_146' title='bbox 700 1064 747 1101; x_wconf 90' lang='lat' dir='ltr'><strong>ad</strong></span> <span class='ocrx_word' id='word_1_147' title='bbox 762 1063 887 1102; x_wconf 85' lang='lat' dir='ltr'><strong>Solin.</strong></span> <span class='ocrx_word' id='word_1_148' title='bbox 913 1077 949 1113; x_wconf 87' lang='lat' dir='ltr'><strong>p.</strong></span> <span class='ocrx_word' id='word_1_149' title='bbox 977 1066 1081 1104; x_wconf 89' lang='grc'><strong>711.</strong></span> <span class='ocrx_word' id='word_1_150' title='bbox 1110 1063 1251 1101; x_wconf 66' lang='lat' dir='ltr'><strong>VVESS.</strong></span> 
     </span>
    </p>

    <p class='ocr_par' dir='ltr' id='par_1_4' title="bbox 48 1115 1496 1560">
     <span class='ocr_line' id='line_1_17' title="bbox 166 1115 1494 1172; baseline -0.001 -14"><span class='ocrx_word' id='word_1_151' title='bbox 166 1119 273 1159; x_wconf 87' lang='lat'>201-</span> <span class='ocrx_word' id='word_1_152' title='bbox 293 1120 334 1159; x_wconf 88' lang='grc'><strong>9.</strong></span> <span class='ocrx_word' id='word_1_153' title='bbox 363 1116 487 1158; x_wconf 81' lang='grc' dir='ltr'><strong>Κατὰ</strong></span> <span class='ocrx_word' id='word_1_154' title='bbox 519 1119 564 1159; x_wconf 77' lang='grc' dir='ltr'><strong>δὲ</strong></span> <span class='ocrx_word' id='word_1_155' title='bbox 589 1117 665 1166; x_wconf 80' lang='grc' dir='ltr'><strong>τὰς</strong></span> <span class='ocrx_word' id='word_1_156' title='bbox 684 1116 823 1170; x_wconf 78' lang='grc' dir='ltr'><strong><em>μάχας</em></strong></span> <span class='ocrx_word' id='word_1_157' title='bbox 849 1134 1010 1171; x_wconf 80' lang='grc' dir='ltr'><strong>ιστησιν</strong></span> <span class='ocrx_word' id='word_1_158' title='bbox 1031 1115 1274 1172; x_wconf 82' lang='grc' dir='ltr'><strong>ἀοαοότως]</strong></span> <span class='ocrx_word' id='word_1_159' title='bbox 1317 1118 1494 1157; x_wconf 86' lang='lat' dir='ltr'><strong>Retinuit</strong></span> 
     </span>
     <span class='ocr_line' id='line_1_18' title="bbox 55 1172 1493 1224; baseline 0.003 -13"><span class='ocrx_word' id='word_1_160' title='bbox 55 1172 354 1224; x_wconf 86' lang='lat' dir='ltr'><strong>Agatharchidis</strong></span> <span class='ocrx_word' id='word_1_161' title='bbox 381 1177 510 1213; x_wconf 84' lang='lat' dir='ltr'><strong>verba.</strong></span> <span class='ocrx_word' id='word_1_162' title='bbox 555 1175 739 1212; x_wconf 89' lang='lat' dir='ltr'><strong>Aelianus</strong></span> <span class='ocrx_word' id='word_1_163' title='bbox 766 1175 840 1213; x_wconf 89' lang='lat' dir='ltr'><strong>XV</strong></span> <span class='ocrx_word' id='word_1_164' title='bbox 846 1175 892 1213; x_wconf 88' lang='grc' dir='ltr'><strong>ΙΙ.</strong></span> <span class='ocrx_word' id='word_1_165' title='bbox 922 1175 970 1212; x_wconf 88' lang='grc' dir='ltr'><strong>Η.</strong></span> <span class='ocrx_word' id='word_1_166' title='bbox 999 1175 1044 1215; x_wconf 89' lang='grc' dir='ltr'><strong>Α.</strong></span> <span class='ocrx_word' id='word_1_167' title='bbox 1072 1177 1142 1216; x_wconf 85' lang='lat'>54.</span> <span class='ocrx_word' id='word_1_168' title='bbox 1181 1174 1232 1214; x_wconf 79' lang='grc' dir='ltr'><strong>τὰ</strong></span> <span class='ocrx_word' id='word_1_169' title='bbox 1264 1174 1416 1214; x_wconf 68' lang='grc' dir='ltr'><strong>κίοατα</strong></span> <span class='ocrx_word' id='word_1_170' title='bbox 1448 1175 1493 1215; x_wconf 81' lang='grc' dir='ltr'><strong>ὸὲ</strong></span> 
     </span>
     <span class='ocr_line' id='line_1_19' title="bbox 53 1227 1494 1283; baseline 0.001 -15"><span class='ocrx_word' id='word_1_171' title='bbox 53 1227 221 1280; x_wconf 75' lang='grc' dir='ltr'><strong>τὸνμὲν</strong></span> <span class='ocrx_word' id='word_1_172' title='bbox 243 1228 369 1269; x_wconf 74' lang='grc' dir='ltr'><strong>ἄλλον</strong></span> <span class='ocrx_word' id='word_1_173' title='bbox 384 1227 538 1283; x_wconf 80' lang='grc' dir='ltr'><strong>χρόνον</strong></span> <span class='ocrx_word' id='word_1_174' title='bbox 557 1235 669 1270; x_wconf 76' lang='grc' dir='ltr'><strong>κινοῗτ</strong></span> <span class='ocrx_word' id='word_1_175' title='bbox 664 1246 758 1278; x_wconf 80' lang='grc' dir='ltr'><strong>σιν,</strong></span> <span class='ocrx_word' id='word_1_176' title='bbox 800 1246 856 1278; x_wconf 85' lang='grc' dir='ltr'><strong>ως</strong></span> <span class='ocrx_word' id='word_1_177' title='bbox 875 1232 942 1271; x_wconf 82' lang='grc' dir='ltr'><strong>καὶ</strong></span> <span class='ocrx_word' id='word_1_178' title='bbox 960 1229 1012 1271; x_wconf 81' lang='grc' dir='ltr'><strong>τὰ</strong></span> <span class='ocrx_word' id='word_1_179' title='bbox 1033 1247 1142 1279; x_wconf 85' lang='grc' dir='ltr'><strong>ωτα,</strong></span> <span class='ocrx_word' id='word_1_180' title='bbox 1175 1230 1216 1270; x_wconf 74' lang='grc' dir='ltr'><strong>ἓν</strong></span> <span class='ocrx_word' id='word_1_181' title='bbox 1236 1231 1280 1271; x_wconf 63' lang='lat' dir='ltr'><strong>de*</strong></span> <span class='ocrx_word' id='word_1_182' title='bbox 1301 1237 1391 1278; x_wconf 72' lang='grc' dir='ltr'><strong>ταῖς</strong></span> <span class='ocrx_word' id='word_1_183' title='bbox 1410 1228 1494 1283; x_wconf 79' lang='grc' dir='ltr'><strong>μά-</strong></span> 
     </span>
     <span class='ocr_line' id='line_1_20' title="bbox 50 1283 1495 1340; baseline 0.003 -17"><span class='ocrx_word' id='word_1_184' title='bbox 50 1298 143 1335; x_wconf 85' lang='grc' dir='ltr'><strong><em>χαις</em></strong></span> <span class='ocrx_word' id='word_1_185' title='bbox 162 1285 382 1338; x_wconf 72' lang='grc' dir='ltr'><em>ἐγείρουσιν</em></span> <span class='ocrx_word' id='word_1_186' title='bbox 402 1284 530 1335; x_wconf 81' lang='grc' dir='ltr'><strong>αὐτὰ,</strong></span> <span class='ocrx_word' id='word_1_187' title='bbox 562 1287 630 1326; x_wconf 82' lang='grc' dir='ltr'><strong>καὶ</strong></span> <span class='ocrx_word' id='word_1_188' title='bbox 651 1286 702 1326; x_wconf 85' lang='grc' dir='ltr'><strong>ἀν</strong></span> <span class='ocrx_word' id='word_1_189' title='bbox 705 1284 893 1339; x_wconf 69' lang='grc' dir='ltr'><strong>αστήσαν</strong></span> <span class='ocrx_word' id='word_1_190' title='bbox 896 1303 961 1334; x_wconf 75' lang='grc' dir='ltr'><strong>τες</strong></span> <span class='ocrx_word' id='word_1_191' title='bbox 980 1288 1226 1340; x_wconf 47' lang='lat' dir='ltr'><strong>&amp;Quodis-,c</strong></span> <span class='ocrx_word' id='word_1_192' title='bbox 1210 1283 1297 1326; x_wconf 68' lang='grc' dir='ltr'><strong>εἶτα</strong></span> <span class='ocrx_word' id='word_1_193' title='bbox 1319 1288 1392 1327; x_wconf 79' lang='grc' dir='ltr'><strong>οὖν</strong></span> <span class='ocrx_word' id='word_1_194' title='bbox 1409 1284 1495 1338; x_wconf 76' lang='grc' dir='ltr'><strong>μά-</strong></span> 
     </span>
     <span class='ocr_line' id='line_1_21' title="bbox 50 1341 1495 1396; baseline 0 -16"><span class='ocrx_word' id='word_1_195' title='bbox 50 1355 208 1391; x_wconf 86' lang='grc' dir='ltr'><strong>χονται.</strong></span> <span class='ocrx_word' id='word_1_196' title='bbox 257 1341 325 1379; x_wconf 84' lang='lat' dir='ltr'><strong>Sic</strong></span> <span class='ocrx_word' id='word_1_197' title='bbox 345 1345 453 1395; x_wconf 85' lang='lat' dir='ltr'><strong>lego:</strong></span> <span class='ocrx_word' id='word_1_198' title='bbox 481 1357 572 1381; x_wconf 87' lang='lat' dir='ltr'><strong>nam</strong></span> <span class='ocrx_word' id='word_1_199' title='bbox 590 1343 827 1396; x_wconf 81' lang='grc' dir='ltr'><strong>σπείρουσιν</strong></span> <span class='ocrx_word' id='word_1_200' title='bbox 851 1342 983 1392; x_wconf 64' lang='grc' dir='ltr'><strong>αὐτὰ,</strong></span> <span class='ocrx_word' id='word_1_201' title='bbox 1012 1345 1112 1392; x_wconf 90' lang='lat' dir='ltr'><strong>quod</strong></span> <span class='ocrx_word' id='word_1_202' title='bbox 1134 1345 1259 1381; x_wconf 83' lang='lat' dir='ltr'><strong>editos</strong></span> <span class='ocrx_word' id='word_1_203' title='bbox 1279 1347 1495 1394; x_wconf 83' lang='lat' dir='ltr'><strong>occupavit,</strong></span> 
     </span>
     <span class='ocr_line' id='line_1_22' title="bbox 53 1397 1495 1453; baseline 0.002 -19"><span class='ocrx_word' id='word_1_204' title='bbox 53 1397 171 1435; x_wconf 87' lang='lat' dir='ltr'><strong>nihili</strong></span> <span class='ocrx_word' id='word_1_205' title='bbox 191 1405 260 1435; x_wconf 90' lang='lat' dir='ltr'><strong>est.</strong></span> <span class='ocrx_word' id='word_1_206' title='bbox 303 1399 396 1436; x_wconf 85' lang='lat' dir='ltr'><strong>Mox</strong></span> <span class='ocrx_word' id='word_1_207' title='bbox 415 1397 490 1452; x_wconf 81' lang='grc' dir='ltr'><strong>τὴν</strong></span> <span class='ocrx_word' id='word_1_208' title='bbox 513 1399 558 1440; x_wconf 78' lang='grc' dir='ltr'><strong>δὲ</strong></span> <span class='ocrx_word' id='word_1_209' title='bbox 575 1402 652 1452; x_wconf 76' lang='grc' dir='ltr'><strong>τῆς</strong></span> <span class='ocrx_word' id='word_1_210' title='bbox 669 1397 810 1451; x_wconf 76' lang='grc' dir='ltr'><strong>τριχὸς</strong></span> <span class='ocrx_word' id='word_1_211' title='bbox 833 1398 1047 1452; x_wconf 71' lang='grc' dir='ltr'><strong>ἐπαγωγὴν</strong></span> <span class='ocrx_word' id='word_1_212' title='bbox 1069 1398 1145 1452; x_wconf 68' lang='grc' dir='ltr'><strong>ἔχει</strong></span> <span class='ocrx_word' id='word_1_213' title='bbox 1167 1408 1238 1438; x_wconf 85' lang='lat' dir='ltr'><strong>etc.</strong></span> <span class='ocrx_word' id='word_1_214' title='bbox 1252 1402 1381 1453; x_wconf 77' lang='lat' dir='ltr'><strong>pilum</strong></span> <span class='ocrx_word' id='word_1_215' title='bbox 1401 1414 1495 1438; x_wconf 78' lang='lat' dir='ltr'><strong>cou-</strong></span> 
     </span>
     <span class='ocr_line' id='line_1_23' title="bbox 56 1457 1496 1508; baseline 0.003 -18"><span class='ocrx_word' id='word_1_216' title='bbox 56 1460 123 1491; x_wconf 79' lang='lat' dir='ltr'><strong>tra</strong></span> <span class='ocrx_word' id='word_1_217' title='bbox 143 1468 194 1492; x_wconf 80' lang='lat' dir='ltr'><strong>ac</strong></span> <span class='ocrx_word' id='word_1_218' title='bbox 213 1462 349 1493; x_wconf 83' lang='lat' dir='ltr'><strong>cetera</strong></span> <span class='ocrx_word' id='word_1_219' title='bbox 369 1457 563 1494; x_wconf 77' lang='lat' dir='ltr'><strong>animalia</strong></span> <span class='ocrx_word' id='word_1_220' title='bbox 585 1458 625 1494; x_wconf 79' lang='lat' dir='ltr'><strong>in</strong></span> <span class='ocrx_word' id='word_1_221' title='bbox 647 1464 771 1508; x_wconf 82' lang='lat' dir='ltr'><strong>caput</strong></span> <span class='ocrx_word' id='word_1_222' title='bbox 788 1470 943 1494; x_wconf 80' lang='lat' dir='ltr'><strong>versum</strong></span> <span class='ocrx_word' id='word_1_223' title='bbox 962 1457 1104 1503; x_wconf 70' lang='lat' dir='ltr'><strong>habet,</strong></span> <span class='ocrx_word' id='word_1_224' title='bbox 1134 1458 1240 1505; x_wconf 86' lang='lat' dir='ltr'><strong>sive,</strong></span> <span class='ocrx_word' id='word_1_225' title='bbox 1267 1464 1310 1494; x_wconf 90' lang='lat' dir='ltr'><strong>ut</strong></span> <span class='ocrx_word' id='word_1_226' title='bbox 1327 1457 1496 1504; x_wconf 85' lang='lat' dir='ltr'>Plinius,</span> 
     </span>
     <span class='ocr_line' id='line_1_24' title="bbox 48 1510 1144 1560; baseline 0.005 -13"><span class='ocrx_word' id='word_1_227' title='bbox 48 1511 134 1560; x_wconf 78' lang='lat' dir='ltr'><strong>pilo</strong></span> <span class='ocrx_word' id='word_1_228' title='bbox 155 1513 196 1548; x_wconf 83' lang='lat' dir='ltr'><strong>in</strong></span> <span class='ocrx_word' id='word_1_229' title='bbox 219 1515 466 1549; x_wconf 78' lang='lat' dir='ltr'><strong>contrarium</strong></span> <span class='ocrx_word' id='word_1_230' title='bbox 486 1526 614 1560; x_wconf 77' lang='lat' dir='ltr'><strong>verso,</strong></span> <span class='ocrx_word' id='word_1_231' title='bbox 637 1515 782 1550; x_wconf 83' lang='lat' dir='ltr'><strong>rectius</strong></span> <span class='ocrx_word' id='word_1_232' title='bbox 803 1515 980 1550; x_wconf 75' lang='lat' dir='ltr'><strong>verteris.</strong></span> <span class='ocrx_word' id='word_1_233' title='bbox 1007 1510 1144 1552; x_wconf 71' lang='lat' dir='ltr'><strong>VVESS.</strong></span> 
     </span>
    </p>

    <p class='ocr_par' dir='ltr' id='par_1_5' title="bbox 52 1565 1495 1898">
     <span class='ocr_line' id='line_1_25' title="bbox 165 1565 1495 1620; baseline -0.001 -13"><span class='ocrx_word' id='word_1_234' title='bbox 165 1569 275 1608; x_wconf 88' lang='lat'>201.</span> <span class='ocrx_word' id='word_1_235' title='bbox 302 1570 372 1608; x_wconf 91' lang='lat'>18.</span> <span class='ocrx_word' id='word_1_236' title='bbox 402 1566 462 1608; x_wconf 82' lang='grc' dir='ltr'><strong>Τὸ</strong></span> <span class='ocrx_word' id='word_1_237' title='bbox 486 1566 528 1607; x_wconf 80' lang='grc' dir='ltr'><strong>δ’</strong></span> <span class='ocrx_word' id='word_1_238' title='bbox 553 1568 609 1614; x_wconf 71' lang='grc' dir='ltr'><strong>εἷς</strong></span> <span class='ocrx_word' id='word_1_239' title='bbox 629 1565 791 1620; x_wconf 70' lang='grc' dir='ltr'>ὄρυγμα</span> <span class='ocrx_word' id='word_1_240' title='bbox 815 1567 957 1619; x_wconf 78' lang='grc' dir='ltr'><strong>πεσὸν]</strong></span> <span class='ocrx_word' id='word_1_241' title='bbox 974 1569 1104 1607; x_wconf 81' lang='lat' dir='ltr'><strong>Feras</strong></span> <span class='ocrx_word' id='word_1_242' title='bbox 1124 1582 1254 1607; x_wconf 82' lang='lat' dir='ltr'><strong>omnes</strong></span> <span class='ocrx_word' id='word_1_243' title='bbox 1272 1576 1492 1616; x_wconf 80' lang='lat' dir='ltr'><em>venantur,</em></span> <span class='ocrx_word' id='word_1_244' title='bbox 1485 1581 1495 1589; x_wconf 92' lang='lat'><strong>·</strong></span> 
     </span>
     <span class='ocr_line' id='line_1_26' title="bbox 56 1623 1494 1676; baseline 0.003 -18"><span class='ocrx_word' id='word_1_245' title='bbox 56 1623 127 1658; x_wconf 81' lang='lat' dir='ltr'><strong>isti</strong></span> <span class='ocrx_word' id='word_1_246' title='bbox 143 1636 219 1660; x_wconf 87' lang='lat' dir='ltr'><strong>non</strong></span> <span class='ocrx_word' id='word_1_247' title='bbox 241 1625 384 1670; x_wconf 82' lang='lat' dir='ltr'><strong>aliter,</strong></span> <span class='ocrx_word' id='word_1_248' title='bbox 422 1639 539 1675; x_wconf 79' lang='lat' dir='ltr'><strong>quam</strong></span> <span class='ocrx_word' id='word_1_249' title='bbox 558 1625 702 1671; x_wconf 79' lang='lat' dir='ltr'><strong>foveis</strong></span> <span class='ocrx_word' id='word_1_250' title='bbox 729 1628 861 1676; x_wconf 80' lang='lat' dir='ltr'><strong>capti,</strong></span> <span class='ocrx_word' id='word_1_251' title='bbox 889 1625 968 1673; x_wconf 62' lang='lat' dir='ltr'><strong>fer</strong></span> <span class='ocrx_word' id='word_1_252' title='bbox 972 1628 1072 1663; x_wconf 80' lang='lat' dir='ltr'><strong>itate</strong></span> <span class='ocrx_word' id='word_1_253' title='bbox 1095 1639 1250 1676; x_wconf 82' lang='lat' dir='ltr'><strong>semper</strong></span> <span class='ocrx_word' id='word_1_254' title='bbox 1280 1628 1494 1673; x_wconf 69' lang='lat' dir='ltr'><strong>imm-,eunt</strong></span> 
     </span>
     <span class='ocr_line' id='line_1_27' title="bbox 55 1678 1495 1732; baseline 0.003 -17"><span class='ocrx_word' id='word_1_255' title='bbox 55 1679 182 1726; x_wconf 87' lang='lat' dir='ltr'><strong>inquit</strong></span> <span class='ocrx_word' id='word_1_256' title='bbox 197 1679 360 1717; x_wconf 84' lang='lat' dir='ltr'><strong>Plinius.</strong></span> <span class='ocrx_word' id='word_1_257' title='bbox 385 1680 588 1727; x_wconf 81' lang='lat' dir='ltr'><strong>Aelianus,</strong></span> <span class='ocrx_word' id='word_1_258' title='bbox 622 1695 660 1719; x_wconf 91' lang='grc' dir='ltr'><strong>οι</strong></span> <span class='ocrx_word' id='word_1_259' title='bbox 689 1679 764 1719; x_wconf 51' lang='grc' dir='ltr'><strong>δὲ(</strong></span> <span class='ocrx_word' id='word_1_260' title='bbox 752 1695 853 1719; x_wconf 82' lang='grc' dir='ltr'><strong>οταν</strong></span> <span class='ocrx_word' id='word_1_261' title='bbox 874 1680 1127 1732; x_wconf 38' lang='grc' dir='ltr'><strong>ἔιιπὲῆσωσιι</strong></span> <span class='ocrx_word' id='word_1_262' title='bbox 1155 1678 1235 1720; x_wconf 74' lang='grc' dir='ltr'><strong>ὑπὸ</strong></span> <span class='ocrx_word' id='word_1_263' title='bbox 1256 1685 1333 1721; x_wconf 79' lang='grc' dir='ltr'><strong>τοῦ</strong></span> <span class='ocrx_word' id='word_1_264' title='bbox 1352 1685 1495 1732; x_wconf 66' lang='grc' dir='ltr'><strong>θυμου</strong></span> 
     </span>
     <span class='ocr_line' id='line_1_28' title="bbox 55 1736 1494 1789; baseline 0.003 -17"><span class='ocrx_word' id='word_1_265' title='bbox 55 1731 233 1787; x_wconf 63' lang='grc' dir='ltr'><strong>ἀποπιί)</strong></span> <span class='ocrx_word' id='word_1_266' title='bbox 234 1750 362 1774; x_wconf 86' lang='grc' dir='ltr'><strong>ονται.</strong></span> <span class='ocrx_word' id='word_1_267' title='bbox 387 1739 453 1785; x_wconf 89' lang='lat' dir='ltr'><strong>qui</strong></span> <span class='ocrx_word' id='word_1_268' title='bbox 473 1744 510 1774; x_wconf 84' lang='lat' dir='ltr'><strong>et</strong></span> <span class='ocrx_word' id='word_1_269' title='bbox 528 1737 667 1773; x_wconf 87' lang='lat' dir='ltr'><strong>iisdem</strong></span> <span class='ocrx_word' id='word_1_270' title='bbox 687 1737 817 1774; x_wconf 86' lang='lat' dir='ltr'><strong>verbis</strong></span> <span class='ocrx_word' id='word_1_271' title='bbox 829 1736 1157 1789; x_wconf 81' lang='lat' dir='ltr'><strong>Troglodytarum</strong></span> <span class='ocrx_word' id='word_1_272' title='bbox 1176 1738 1223 1774; x_wconf 88' lang='lat' dir='ltr'><strong>de</strong></span> <span class='ocrx_word' id='word_1_273' title='bbox 1244 1738 1316 1774; x_wconf 91' lang='lat' dir='ltr'><strong>hoc</strong></span> <span class='ocrx_word' id='word_1_274' title='bbox 1338 1740 1494 1776; x_wconf 86' lang='lat' dir='ltr'><strong>animali</strong></span> 
     </span>
     <span class='ocr_line' id='line_1_29' title="bbox 54 1792 1493 1843; baseline 0.004 -17"><span class='ocrx_word' id='word_1_275' title='bbox 54 1792 273 1839; x_wconf 85' lang='lat' dir='ltr'><strong>opinionem</strong></span> <span class='ocrx_word' id='word_1_276' title='bbox 291 1793 525 1841; x_wconf 84' lang='lat' dir='ltr'><strong>exsequitur,</strong></span> <span class='ocrx_word' id='word_1_277' title='bbox 546 1793 684 1843; x_wconf 84' lang='lat' dir='ltr'><strong>quibus</strong></span> <span class='ocrx_word' id='word_1_278' title='bbox 704 1792 1004 1843; x_wconf 83' lang='lat' dir='ltr'><strong>Agatharchides</strong></span> <span class='ocrx_word' id='word_1_279' title='bbox 1023 1801 1060 1829; x_wconf 85' lang='lat' dir='ltr'><strong>et</strong></span> <span class='ocrx_word' id='word_1_280' title='bbox 1081 1793 1296 1830; x_wconf 83' lang='lat' dir='ltr'><strong>Diodorus:</strong></span> <span class='ocrx_word' id='word_1_281' title='bbox 1329 1802 1367 1830; x_wconf 90' lang='lat' dir='ltr'><strong>et</strong></span> <span class='ocrx_word' id='word_1_282' title='bbox 1386 1795 1493 1831; x_wconf 86' lang='lat' dir='ltr'><strong>bene.</strong></span> 
     </span>
     <span class='ocr_line' id='line_1_30' title="bbox 52 1845 1495 1898; baseline 0.003 -15"><span class='ocrx_word' id='word_1_283' title='bbox 52 1845 175 1884; x_wconf 85' lang='lat' dir='ltr'><strong>Error</strong></span> <span class='ocrx_word' id='word_1_284' title='bbox 205 1854 263 1884; x_wconf 84' lang='lat' dir='ltr'><strong>est</strong></span> <span class='ocrx_word' id='word_1_285' title='bbox 284 1850 326 1885; x_wconf 90' lang='lat' dir='ltr'><strong>in</strong></span> <span class='ocrx_word' id='word_1_286' title='bbox 355 1847 542 1886; x_wconf 85' lang='lat' dir='ltr'><strong>Bavarico</strong></span> <span class='ocrx_word' id='word_1_287' title='bbox 570 1848 700 1887; x_wconf 80' lang='lat' dir='ltr'><strong>Photii</strong></span> <span class='ocrx_word' id='word_1_288' title='bbox 729 1848 891 1896; x_wconf 83' lang='lat' dir='ltr'><strong>Codice,</strong></span> <span class='ocrx_word' id='word_1_289' title='bbox 930 1862 1004 1898; x_wconf 88' lang='lat' dir='ltr'><strong>quo</strong></span> <span class='ocrx_word' id='word_1_290' title='bbox 1028 1848 1229 1887; x_wconf 81' lang='lat' dir='ltr'><strong>Crocottae</strong></span> <span class='ocrx_word' id='word_1_291' title='bbox 1248 1857 1427 1898; x_wconf 83' lang='lat' dir='ltr'><strong>tanquam</strong></span> <span class='ocrx_word' id='word_1_292' title='bbox 1447 1864 1495 1887; x_wconf 84' lang='lat' dir='ltr'><strong>ex</strong></span> 
     </span>
    </p>
   </div>
   <div class='ocr_carea' id='block_1_3' title="bbox 54 1901 1505 2856">
    <p class='ocr_par' dir='ltr' id='par_1_6' title="bbox 55 1901 1495 1999">
     <span class='ocr_line' id='line_1_31' title="bbox 55 1901 1495 1957; baseline 0.003 -18"><span class='ocrx_word' id='word_1_293' title='bbox 55 1901 182 1940; x_wconf 87' lang='lat' dir='ltr'><strong>Ctesia</strong></span> <span class='ocrx_word' id='word_1_294' title='bbox 199 1903 295 1941; x_wconf 87' lang='lat' dir='ltr'><strong>haec</strong></span> <span class='ocrx_word' id='word_1_295' title='bbox 311 1905 545 1944; x_wconf 87' lang='lat' dir='ltr'><strong>tribuuntur.</strong></span> <span class='ocrx_word' id='word_1_296' title='bbox 595 1904 694 1943; x_wconf 84' lang='lat' dir='ltr'><strong>Vide</strong></span> <span class='ocrx_word' id='word_1_297' title='bbox 711 1903 763 1943; x_wconf 83' lang='lat' dir='ltr'>D.</span> <span class='ocrx_word' id='word_1_298' title='bbox 779 1905 987 1945; x_wconf 83' lang='lat' dir='ltr'><strong>Hoeschel.</strong></span> <span class='ocrx_word' id='word_1_299' title='bbox 1013 1905 1062 1944; x_wconf 81' lang='lat' dir='ltr'><strong>ad</strong></span> <span class='ocrx_word' id='word_1_300' title='bbox 1092 1905 1226 1943; x_wconf 85' lang='lat' dir='ltr'><strong>Photii</strong></span> <span class='ocrx_word' id='word_1_301' title='bbox 1251 1905 1434 1944; x_wconf 85' lang='lat' dir='ltr'><strong>Biblioth.</strong></span> <span class='ocrx_word' id='word_1_302' title='bbox 1457 1920 1495 1957; x_wconf 75' lang='lat' dir='ltr'><strong>p.</strong></span> 
     </span>
     <span class='ocr_line' id='line_1_32' title="bbox 55 1960 303 1999; baseline -0.004 -1"><span class='ocrx_word' id='word_1_303' title='bbox 55 1960 130 1999; x_wconf 85' lang='lat'>25.</span> <span class='ocrx_word' id='word_1_304' title='bbox 160 1960 303 1997; x_wconf 69' lang='lat' dir='ltr'><strong>Wnss.</strong></span> 
     </span>
    </p>

    <p class='ocr_par' dir='ltr' id='par_1_7' title="bbox 54 2012 1498 2348">
     <span class='ocr_line' id='line_1_33' title="bbox 169 2012 1495 2070; baseline -0.001 -14"><span class='ocrx_word' id='word_1_305' title='bbox 169 2019 275 2057; x_wconf 89' lang='lat'>201.</span> <span class='ocrx_word' id='word_1_306' title='bbox 303 2019 379 2058; x_wconf 89' lang='lat'>26.</span> <span class='ocrx_word' id='word_1_307' title='bbox 407 2012 657 2070; x_wconf 81' lang='grc' dir='ltr'><strong>Κροκόττας</strong></span> <span class='ocrx_word' id='word_1_308' title='bbox 671 2012 920 2069; x_wconf 69' lang='grc' dir='ltr'>μεμιγμένην</span> <span class='ocrx_word' id='word_1_309' title='bbox 941 2012 1017 2068; x_wconf 57' lang='grc' dir='ltr'><strong>ἔχει</strong></span> <span class='ocrx_word' id='word_1_310' title='bbox 1039 2012 1194 2070; x_wconf 69' lang='grc' dir='ltr'><strong>φύσιν]</strong></span> <span class='ocrx_word' id='word_1_311' title='bbox 1220 2018 1373 2056; x_wconf 84' lang='lat' dir='ltr'><strong>Plinius</strong></span> <span class='ocrx_word' id='word_1_312' title='bbox 1391 2017 1495 2055; x_wconf 86' lang='lat' dir='ltr'>VIII.</span> 
     </span>
     <span class='ocr_line' id='line_1_34' title="bbox 54 2070 1495 2127; baseline 0.003 -19"><span class='ocrx_word' id='word_1_313' title='bbox 54 2070 105 2108; x_wconf 90' lang='grc' dir='ltr'><strong>Η.</strong></span> <span class='ocrx_word' id='word_1_314' title='bbox 125 2071 175 2110; x_wconf 87' lang='grc' dir='ltr'><strong>Ν.</strong></span> <span class='ocrx_word' id='word_1_315' title='bbox 195 2073 271 2113; x_wconf 87' lang='grc'><strong>31.</strong></span> <span class='ocrx_word' id='word_1_316' title='bbox 310 2074 521 2111; x_wconf 71' lang='lat' dir='ltr'><strong>Crocottas</strong></span> <span class='ocrx_word' id='word_1_317' title='bbox 539 2073 742 2122; x_wconf 81' lang='lat' dir='ltr'><strong>Aethiopia</strong></span> <span class='ocrx_word' id='word_1_318' title='bbox 760 2080 941 2124; x_wconf 86' lang='lat' dir='ltr'><strong>generat,</strong></span> <span class='ocrx_word' id='word_1_319' title='bbox 983 2075 1094 2112; x_wconf 80' lang='lat' dir='ltr'><strong>velut</strong></span> <span class='ocrx_word' id='word_1_320' title='bbox 1120 2088 1171 2112; x_wconf 69' lang='lat' dir='ltr'><strong>ex</strong></span> <span class='ocrx_word' id='word_1_321' title='bbox 1198 2087 1298 2112; x_wconf 82' lang='lat' dir='ltr'><strong>cane</strong></span> <span class='ocrx_word' id='word_1_322' title='bbox 1327 2076 1495 2127; x_wconf 80' lang='lat' dir='ltr'><strong>lupoque</strong></span> 
     </span>
     <span class='ocr_line' id='line_1_35' title="bbox 56 2130 1496 2183; baseline 0.002 -18"><span class='ocrx_word' id='word_1_323' title='bbox 56 2137 288 2180; x_wconf 77' lang='lat' dir='ltr'><strong>conceptos,</strong></span> <span class='ocrx_word' id='word_1_324' title='bbox 332 2133 463 2168; x_wconf 82' lang='lat' dir='ltr'><strong>omnia</strong></span> <span class='ocrx_word' id='word_1_325' title='bbox 496 2130 675 2169; x_wconf 76' lang='lat' dir='ltr'><strong>dentibus</strong></span> <span class='ocrx_word' id='word_1_326' title='bbox 693 2130 965 2180; x_wconf 45' lang='lat' dir='ltr'><strong>frangente&amp;</strong></span> <span class='ocrx_word' id='word_1_327' title='bbox 1009 2134 1273 2183; x_wconf 75' lang='lat' dir='ltr'><strong>protinusque</strong></span> <span class='ocrx_word' id='word_1_328' title='bbox 1299 2132 1496 2170; x_wconf 76' lang='lat' dir='ltr'><strong>devorata</strong></span> 
     </span>
     <span class='ocr_line' id='line_1_36' title="bbox 57 2185 1497 2237; baseline 0.002 -16"><span class='ocrx_word' id='word_1_329' title='bbox 57 2186 312 2233; x_wconf 77' lang='lat' dir='ltr'><strong>conficientes</strong></span> <span class='ocrx_word' id='word_1_330' title='bbox 338 2194 489 2224; x_wconf 82' lang='lat' dir='ltr'><strong>ventre.</strong></span> <span class='ocrx_word' id='word_1_331' title='bbox 546 2186 703 2236; x_wconf 87' lang='lat' dir='ltr'><strong>Species</strong></span> <span class='ocrx_word' id='word_1_332' title='bbox 725 2185 896 2236; x_wconf 82' lang='lat' dir='ltr'><strong>hyaenae</strong></span> <span class='ocrx_word' id='word_1_333' title='bbox 918 2185 1099 2224; x_wconf 82' lang='lat' dir='ltr'><strong>Crocotta</strong></span> <span class='ocrx_word' id='word_1_334' title='bbox 1116 2194 1195 2234; x_wconf 89' lang='lat' dir='ltr'><strong>est,</strong></span> <span class='ocrx_word' id='word_1_335' title='bbox 1231 2201 1344 2237; x_wconf 88' lang='lat' dir='ltr'><strong>quam</strong></span> <span class='ocrx_word' id='word_1_336' title='bbox 1362 2189 1431 2225; x_wconf 85' lang='lat' dir='ltr'><strong>alii</strong></span> <span class='ocrx_word' id='word_1_337' title='bbox 1448 2201 1497 2224; x_wconf 81' lang='lat' dir='ltr'><strong>ex</strong></span> 
     </span>
     <span class='ocr_line' id='line_1_37' title="bbox 59 2242 1498 2295; baseline 0.003 -19"><span class='ocrx_word' id='word_1_338' title='bbox 59 2253 153 2277; x_wconf 87' lang='lat' dir='ltr'><strong>caue</strong></span> <span class='ocrx_word' id='word_1_339' title='bbox 177 2248 216 2278; x_wconf 87' lang='lat' dir='ltr'><strong>et</strong></span> <span class='ocrx_word' id='word_1_340' title='bbox 244 2243 356 2291; x_wconf 88' lang='lat' dir='ltr'><strong>lupo,</strong></span> <span class='ocrx_word' id='word_1_341' title='bbox 393 2244 460 2279; x_wconf 87' lang='lat' dir='ltr'><strong>alii</strong></span> <span class='ocrx_word' id='word_1_342' title='bbox 488 2255 536 2278; x_wconf 86' lang='lat' dir='ltr'><strong>ex</strong></span> <span class='ocrx_word' id='word_1_343' title='bbox 568 2242 719 2293; x_wconf 85' lang='lat' dir='ltr'><strong>hyaena</strong></span> <span class='ocrx_word' id='word_1_344' title='bbox 737 2249 776 2278; x_wconf 87' lang='lat' dir='ltr'><strong>et</strong></span> <span class='ocrx_word' id='word_1_345' title='bbox 796 2244 929 2280; x_wconf 85' lang='lat' dir='ltr'><strong>leaena</strong></span> <span class='ocrx_word' id='word_1_346' title='bbox 947 2245 1059 2295; x_wconf 86' lang='lat' dir='ltr'><strong>gigni</strong></span> <span class='ocrx_word' id='word_1_347' title='bbox 1076 2244 1343 2293; x_wconf 81' lang='lat' dir='ltr'><strong>prodiderunt.</strong></span> <span class='ocrx_word' id='word_1_348' title='bbox 1387 2243 1498 2282; x_wconf 87' lang='lat' dir='ltr'><strong>Conf.</strong></span> 
     </span>
     <span class='ocr_line' id='line_1_38' title="bbox 61 2294 794 2348; baseline 0.007 -16"><span class='ocrx_word' id='word_1_349' title='bbox 61 2294 224 2336; x_wconf 80' lang='lat' dir='ltr'><strong>Salmas.</strong></span> <span class='ocrx_word' id='word_1_350' title='bbox 244 2299 286 2335; x_wconf 93' lang='lat' dir='ltr'><strong>in</strong></span> <span class='ocrx_word' id='word_1_351' title='bbox 308 2297 432 2336; x_wconf 88' lang='lat' dir='ltr'><strong>Solin.</strong></span> <span class='ocrx_word' id='word_1_352' title='bbox 455 2312 491 2348; x_wconf 88' lang='lat' dir='ltr'><strong>p.</strong></span> <span class='ocrx_word' id='word_1_353' title='bbox 509 2300 620 2341; x_wconf 87' lang='grc'><strong>239.</strong></span> <span class='ocrx_word' id='word_1_354' title='bbox 658 2299 794 2336; x_wconf 75' lang='lat' dir='ltr'><strong>VVEss.</strong></span> 
     </span>
    </p>

    <p class='ocr_par' dir='ltr' id='par_1_8' title="bbox 59 2349 1505 2726">
     <span class='ocr_line' id='line_1_39' title="bbox 171 2349 1499 2408; baseline 0.001 -16"><span class='ocrx_word' id='word_1_355' title='bbox 171 2354 277 2394; x_wconf 86' lang='lat'>201</span> <span class='ocrx_word' id='word_1_356' title='bbox 308 2356 383 2395; x_wconf 87' lang='lat'>28.</span> <span class='ocrx_word' id='word_1_357' title='bbox 426 2357 527 2401; x_wconf 83' lang='grc' dir='ltr'><strong><em>Τοῖς</em></strong></span> <span class='ocrx_word' id='word_1_358' title='bbox 549 2353 594 2393; x_wconf 76' lang='grc' dir='ltr'><strong>δὲ</strong></span> <span class='ocrx_word' id='word_1_359' title='bbox 614 2351 758 2394; x_wconf 80' lang='grc' dir='ltr'>ὀδοῦσι</span> <span class='ocrx_word' id='word_1_360' title='bbox 778 2349 948 2394; x_wconf 80' lang='grc' dir='ltr'><strong>πάντων</strong></span> <span class='ocrx_word' id='word_1_361' title='bbox 963 2349 1187 2408; x_wconf 69' lang='grc' dir='ltr'>ὑπεράγει]</span> <span class='ocrx_word' id='word_1_362' title='bbox 1213 2356 1304 2394; x_wconf 88' lang='lat' dir='ltr'><strong>Non</strong></span> <span class='ocrx_word' id='word_1_363' title='bbox 1326 2356 1499 2403; x_wconf 84' lang='lat' dir='ltr'><strong>deerunt,</strong></span> 
     </span>
     <span class='ocr_line' id='line_1_40' title="bbox 61 2408 1499 2479; baseline 0.004 -35"><span class='ocrx_word' id='word_1_364' title='bbox 61 2404 304 2456; x_wconf 68' lang='lat' dir='ltr'><strong>quino‘evrag</strong></span> <span class='ocrx_word' id='word_1_365' title='bbox 322 2412 611 2479; x_wconf 82' lang='lat' dir='ltr'><strong>praeoptabunt</strong></span> <span class='ocrx_word' id='word_1_366' title='bbox 639 2409 788 2460; x_wconf 85' lang='lat' dir='ltr'><strong>Ioseph.</strong></span> <span class='ocrx_word' id='word_1_367' title='bbox 809 2410 897 2448; x_wconf 91' lang='lat' dir='ltr'><strong>XV.</strong></span> <span class='ocrx_word' id='word_1_368' title='bbox 916 2410 963 2447; x_wconf 84' lang='lat' dir='ltr'>A.</span> <span class='ocrx_word' id='word_1_369' title='bbox 982 2411 1011 2449; x_wconf 91' lang='lat'><strong>1.</strong></span> <span class='ocrx_word' id='word_1_370' title='bbox 1035 2414 1075 2452; x_wconf 89' lang='grc'><strong>7.</strong></span> <span class='ocrx_word' id='word_1_371' title='bbox 1096 2415 1138 2453; x_wconf 88' lang='grc'><strong>6.</strong></span> <span class='ocrx_word' id='word_1_372' title='bbox 1172 2408 1309 2451; x_wconf 78' lang='grc' dir='ltr'><em>κάλλει</em></span> <span class='ocrx_word' id='word_1_373' title='bbox 1345 2410 1390 2451; x_wconf 76' lang='grc' dir='ltr'><strong>δὲ</strong></span> <span class='ocrx_word' id='word_1_374' title='bbox 1419 2426 1499 2451; x_wconf 88' lang='grc' dir='ltr'><strong>σω-</strong></span> 
     </span>
     <span class='ocr_line' id='line_1_41' title="bbox 59 2463 1499 2521; baseline 0.002 -19"><span class='ocrx_word' id='word_1_375' title='bbox 59 2478 193 2514; x_wconf 85' lang='grc' dir='ltr'>ματος</span> <span class='ocrx_word' id='word_1_376' title='bbox 215 2485 262 2492; x_wconf 90' lang='grc'>-</span> <span class='ocrx_word' id='word_1_377' title='bbox 286 2464 415 2518; x_wconf 79' lang='grc' dir='ltr'><strong>αὐτὴν</strong></span> <span class='ocrx_word' id='word_1_378' title='bbox 437 2463 647 2519; x_wconf 71' lang='grc' dir='ltr'><strong>ὑπερῆγεν.</strong></span> <span class='ocrx_word' id='word_1_379' title='bbox 676 2468 749 2506; x_wconf 86' lang='lat' dir='ltr'><strong>ubi</strong></span> <span class='ocrx_word' id='word_1_380' title='bbox 765 2479 856 2504; x_wconf 87' lang='lat' dir='ltr'><strong>sane</strong></span> <span class='ocrx_word' id='word_1_381' title='bbox 880 2480 1016 2505; x_wconf 85' lang='lat' dir='ltr'><strong>caussa</strong></span> <span class='ocrx_word' id='word_1_382' title='bbox 1034 2481 1113 2505; x_wconf 87' lang='lat' dir='ltr'><strong>non</strong></span> <span class='ocrx_word' id='word_1_383' title='bbox 1136 2476 1233 2516; x_wconf 80' lang='lat' dir='ltr'><strong>erat,</strong></span> <span class='ocrx_word' id='word_1_384' title='bbox 1259 2481 1328 2505; x_wconf 87' lang='lat' dir='ltr'><strong>cur</strong></span> <span class='ocrx_word' id='word_1_385' title='bbox 1348 2464 1499 2521; x_wconf 74' lang='grc' dir='ltr'><strong><em>ὑπερῆ-</em></strong></span> 
     </span>
     <span class='ocr_line' id='line_1_42' title="bbox 61 2521 1503 2579; baseline 0.002 -21"><span class='ocrx_word' id='word_1_386' title='bbox 61 2534 129 2571; x_wconf 75' lang='grc' dir='ltr'><strong>ρεν</strong></span> <span class='ocrx_word' id='word_1_387' title='bbox 158 2521 425 2568; x_wconf 85' lang='lat' dir='ltr'><strong>praeferretur.</strong></span> <span class='ocrx_word' id='word_1_388' title='bbox 464 2523 609 2561; x_wconf 82' lang='lat' dir='ltr'><strong>Noster</strong></span> <span class='ocrx_word' id='word_1_389' title='bbox 636 2523 726 2561; x_wconf 84' lang='lat' dir='ltr'><strong>infr.</strong></span> <span class='ocrx_word' id='word_1_390' title='bbox 760 2536 792 2559; x_wconf 89' lang='lat' dir='ltr'><strong>c.</strong></span> <span class='ocrx_word' id='word_1_391' title='bbox 825 2523 901 2564; x_wconf 87' lang='lat'><strong>44.</strong></span> <span class='ocrx_word' id='word_1_392' title='bbox 943 2526 993 2578; x_wconf 82' lang='grc' dir='ltr'><strong>τῇ</strong></span> <span class='ocrx_word' id='word_1_393' title='bbox 1023 2521 1244 2579; x_wconf 74' lang='grc' dir='ltr'><strong>εὐχρηστιά</strong></span> <span class='ocrx_word' id='word_1_394' title='bbox 1272 2521 1378 2563; x_wconf 84' lang='grc' dir='ltr'><strong>πολὺ</strong></span> <span class='ocrx_word' id='word_1_395' title='bbox 1403 2538 1503 2569; x_wconf 77' lang='grc' dir='ltr'><strong>τοις</strong></span> 
     </span>
     <span class='ocr_line' id='line_1_43' title="bbox 62 2571 1503 2645; baseline 0.001 -29"><span class='ocrx_word' id='word_1_396' title='bbox 62 2574 213 2622; x_wconf 77' lang='grc' dir='ltr'><strong>ἄλλους</strong></span> <span class='ocrx_word' id='word_1_397' title='bbox 240 2571 465 2630; x_wconf 77' lang='grc' dir='ltr'><strong>ὗπεράγων.</strong></span> <span class='ocrx_word' id='word_1_398' title='bbox 479 2591 620 2645; x_wconf 30' lang='lat' dir='ltr'><strong>„neque</strong></span> <span class='ocrx_word' id='word_1_399' title='bbox 641 2592 714 2631; x_wconf 85' lang='lat' dir='ltr'><strong>ego</strong></span> <span class='ocrx_word' id='word_1_400' title='bbox 738 2579 1006 2627; x_wconf 81' lang='lat' dir='ltr'><strong>dissentirem,</strong></span> <span class='ocrx_word' id='word_1_401' title='bbox 1032 2580 1169 2619; x_wconf 87' lang='lat' dir='ltr'><strong>nisiL.</strong></span> <span class='ocrx_word' id='word_1_402' title='bbox 1190 2580 1254 2617; x_wconf 92' lang='lat' dir='ltr'><strong>IV.</strong></span> <span class='ocrx_word' id='word_1_403' title='bbox 1276 2582 1349 2621; x_wconf 88' lang='grc'><strong>87.</strong></span> <span class='ocrx_word' id='word_1_404' title='bbox 1387 2579 1503 2617; x_wconf 89' lang='lat' dir='ltr'><strong>Orio-</strong></span> 
     </span>
     <span class='ocr_line' id='line_1_44' title="bbox 65 2631 1505 2725; baseline 0.001 -55"><span class='ocrx_word' id='word_1_405' title='bbox 65 2645 149 2670; x_wconf 85' lang='lat' dir='ltr'><strong>nem</strong></span> <span class='ocrx_word' id='word_1_406' title='bbox 157 2647 292 2725; x_wconf 44' lang='grc' dir='ltr'><strong>ἅγωμη</strong></span> <span class='ocrx_word' id='word_1_407' title='bbox 318 2631 423 2674; x_wconf 82' lang='grc' dir='ltr'><strong>πολὺ</strong></span> <span class='ocrx_word' id='word_1_408' title='bbox 442 2637 525 2674; x_wconf 83' lang='grc' dir='ltr'><strong>τῶν</strong></span> <span class='ocrx_word' id='word_1_409' title='bbox 542 2633 912 2688; x_wconf 78' lang='grc' dir='ltr'><strong>μνημονευομένων</strong></span> <span class='ocrx_word' id='word_1_410' title='bbox 934 2631 1085 2690; x_wconf 70' lang='grc' dir='ltr'><strong>ἡρώων</strong></span> <span class='ocrx_word' id='word_1_411' title='bbox 1103 2632 1363 2690; x_wconf 74' lang='grc' dir='ltr'><strong>ὑπεράγοντα</strong></span> <span class='ocrx_word' id='word_1_412' title='bbox 1383 2635 1505 2673; x_wconf 83' lang='lat' dir='ltr'><strong>dixis-</strong></span> 
     </span>
     <span class='ocr_line' id='line_1_45' title="bbox 64 2696 279 2726; baseline -0.009 0"><span class='ocrx_word' id='word_1_413' title='bbox 64 2696 132 2726; x_wconf 85' lang='lat' dir='ltr'><strong>set.</strong></span> <span class='ocrx_word' id='word_1_414' title='bbox 210 2699 279 2725; x_wconf 84' lang='lat' dir='ltr'><strong>ESS</strong></span> 
     </span>
    </p>

    <p class='ocr_par' dir='ltr' id='par_1_9' title="bbox 173 2741 1504 2801">
     <span class='ocr_line' id='line_1_46' title="bbox 173 2741 1504 2801; baseline 0 -17"><span class='ocrx_word' id='word_1_415' title='bbox 173 2746 280 2785; x_wconf 89' lang='lat'><strong>201</strong></span> <span class='ocrx_word' id='word_1_416' title='bbox 302 2747 375 2786; x_wconf 88' lang='lat'><strong>29.</strong></span> <span class='ocrx_word' id='word_1_417' title='bbox 416 2741 599 2787; x_wconf 77' lang='grc' dir='ltr'><strong>Πάντων</strong></span> <span class='ocrx_word' id='word_1_418' title='bbox 627 2743 706 2800; x_wconf 80' lang='grc' dir='ltr'><strong>γὰρ</strong></span> <span class='ocrx_word' id='word_1_419' title='bbox 739 2743 875 2787; x_wconf 79' lang='grc' dir='ltr'><strong>ὀστῶν</strong></span> <span class='ocrx_word' id='word_1_420' title='bbox 904 2745 1081 2800; x_wconf 71' lang='grc' dir='ltr'><strong>μέγεθος</strong></span> <span class='ocrx_word' id='word_1_421' title='bbox 1111 2746 1344 2801; x_wconf 71' lang='grc' dir='ltr'><strong>συντρίβει]</strong></span> <span class='ocrx_word' id='word_1_422' title='bbox 1376 2746 1504 2785; x_wconf 88' lang='lat' dir='ltr'><strong>Facile</strong></span> 
     </span>
    </p>

    <p class='ocr_par' dir='ltr' id='par_1_10' title="bbox 88 2798 1502 2856">
     <span class='ocr_line' id='line_1_47' title="bbox 88 2798 1502 2856; baseline 0.005 -21"><span class='ocrx_word' id='word_1_423' title='bbox 88 2798 244 2848; x_wconf 82' lang='lat' dir='ltr'><strong>dducor,</strong></span> <span class='ocrx_word' id='word_1_424' title='bbox 269 2808 313 2839; x_wconf 91' lang='lat' dir='ltr'><strong>ut</strong></span> <span class='ocrx_word' id='word_1_425' title='bbox 332 2803 414 2841; x_wconf 83' lang='grc' dir='ltr'><strong>πᾶν</strong></span> <span class='ocrx_word' id='word_1_426' title='bbox 433 2805 546 2841; x_wconf 89' lang='lat' dir='ltr'><strong>initio</strong></span> <span class='ocrx_word' id='word_1_427' title='bbox 567 2806 753 2853; x_wconf 84' lang='lat' dir='ltr'><strong>scriptum</strong></span> <span class='ocrx_word' id='word_1_428' title='bbox 771 2804 894 2842; x_wconf 86' lang='lat' dir='ltr'><strong>fuisse</strong></span> <span class='ocrx_word' id='word_1_429' title='bbox 912 2807 1058 2856; x_wconf 87' lang='lat' dir='ltr'><strong>opiner.</strong></span> <span class='ocrx_word' id='word_1_430' title='bbox 1096 2804 1175 2842; x_wconf 84' lang='lat' dir='ltr'><strong>Sed</strong></span> <span class='ocrx_word' id='word_1_431' title='bbox 1195 2804 1294 2843; x_wconf 86' lang='lat' dir='ltr'><strong>nihil</strong></span> <span class='ocrx_word' id='word_1_432' title='bbox 1309 2811 1427 2842; x_wconf 86' lang='lat' dir='ltr'><strong>muto.</strong></span> <span class='ocrx_word' id='word_1_433' title='bbox 1457 2804 1502 2843; x_wconf 90' lang='lat' dir='ltr'><strong>In</strong></span> 
     </span>
    </p>
   </div>
  </div>
 </body>
</html>
