1828 3253
247 171 336 212 126
647 191 653 199 ·
715 167 1225 212 A-NNOTATIONES

244 296 338 321 num
356 283 467 319 docet
483 278 671 322 PsFaber
689 281 756 321 III.
777 282 958 322 Semestr.
982 287 1053 325 19.
1083 297 1119 334 p.
1141 288 1247 327 292.
1277 285 1492 325 Difficulter
1511 301 1602 327 vero
1621 302 1679 337 ea,

245 352 342 388 quae
370 339 530 376 Diodor.
561 340 606 376 de
637 341 790 377 feminis
821 341 1022 392 Aegyptiis
1043 343 1201 393 prodit,
1231 357 1316 381 cum
1347 346 1425 381 illis
1463 348 1679 393 concinent,

245 408 343 444 quae
373 395 418 431 de
443 396 583 433 iisdem·
610 395 752 434 Sextus
781 394 925 446 Empir.
959 397 1025 434 III.
1061 393 1258 450 Hypotyp.
1285 400 1474 450 Pyrrhon.
1504 414 1539 450 Ι).
1574 404 1676 442 177.

249 451 386 489 WEss.

359 509 434 546 90.
465 507 530 546 15.
560 503 823 558 Ὀιιόσαντας
850 504 1106 549 ἀπολῦεσθαι
1135 512 1208 550 τοῦ
1250 510 1437 561 ‹Yaret'ov]
1479 509 1680 550 Contraria

248 565 376 601 onmia
401 563 510 600 Plato
539 577 607 601 sua
636 567 678 601 in
703 566 918 614 republica,
947 579 994 602 ne
1028 580 1138 617 quam
1158 569 1323 616 periurio
1347 569 1554 605 fenestram
1575 576 1682 618 pate-

245 621 411 667 faceret,
452 620 648 658 observari
675 622 780 658 iubet
810 621 898 659 XII.
920 622 949 658 L
936 630 1009 673 Aeg.
1031 635 1065 671 p.
1092 625 1196 663 949.
1212 623 1282 662 A.·
1273 627 1378 672 ,qui
1398 631 1520 661 metus
1542 627 1583 661 in
1606 625 1682 661 Ae-

246 683 366 727 gypto
398 676 562 713 soltasse
590 678 669 713 noh
699 679 752 714 ita
779 681 931 728 graviS‚
961 681 1183 726 praesertim
1207 682 1238 716 si
1261 684 1430 717 sanctior
1450 682 1545 717 inibi
1567 684 1681 718 iuris-

246 733 402 770 iurandi
413 733 536 769 fuerit
552 733 711 784 leligio‚
741 735 841 782 quod
862 734 1056 778 Isocrates
1074 736 1250 773 adfirmat
1270 737 1299 773 L
1302 737 1388 773 aud.
1405 736 1496 775 Bus.
1517 750 1552 786 Ι).
1575 738 1679 777 332.

247 788 298 826 W
302 800 382 825 ssss.

248 865 254 870 ·
361 840 435 885 90.
457 847 531 884 27
567 841 626 884 Τὸ
646 840 882 900 κεφάλαιον
910 848 962 885 π).
968 852 1049 887 εἷο-ν
1070 844 1095 901 ἢ
1117 845 1360 901 almannus]
1395 847 1542 885 Usuras
1569 861 1683 898 supra

248 898 404 949 duplum
432 913 503 937 nec
532 900 702 948 deberi,
720 915 789 938 nec
816 906 928 953 exigi
958 916 1068 958 posse
1099 913 1137 942 et
1176 907 1319 942 solutas
1356 907 1499 954 repeti,
1540 904 1682 941 Romae

248 966 398 1006 quoque
419 960 512 994 iuris
531 963 613 993 erat
622 957 734 997 exL.
758 957 831 998 26.
844 958 890 996 D.
887 933 972 995 Ode
981 960 1152 997 condiet.
1175 961 1325 998 Indeb.
1317 989 1326 1007 ,
1346 971 1419 1007 quo
1442 961 1487 996 (le
1506 960 1682 998 Cuiacius

248 1014 296 1052 V.
317 1014 548 1053 Obser.·38.
578 1019 616 1049 et
636 1013 829 1051 sirmond.
853 1018 894 1052 in
916 1015 1055 1053 Sidon.¹
1070 1017 1147 1054 IV.
1155 1017 1225 1066 Ep.
1246 1018 1320 1056 24.
1349 1016 1483 1055 “WEss

362 1082 434 1121 90.
454 1081 528 1120 29.
570 1077 784 1132 ΤόὌἸῦμα
815 1077 1009 1134 ὑπάρχειν
1040 1080 1270 1136 ἇγώγᾳιον]
1303 1083 1387 1120 Hoc
1417 1083 1568 1132 quidem
1592 1087 1684 1122 satis

248 1138 424 1176 humane.
481 1136 539 1174 De
564 1138 674 1175 'nexu
703 1138 917 1175 debitorum
946 1137 1133 1187 Hebraei,
1171 1139 1423 1177 Athenienses
1453 1147 1540 1177 ante
1570 1140 1685 1178 Solo*-

248 1210 359 1243 nem,
381 1193 546 1233 Romani
583 1197 696 1232 etiam
732 1201 822 1243 post
859 1193 1107 1233 Decemviros
1145 1199 1187 1233 in
1218 1198 1293 1233 alia
1332 1197 1458 1233 omnia
1496 1198 1685 1244 abierunt,

249 1265 476 1302 quamquam
512 1251 649 1288 horum
683 1253 827 1303 legem,
862 1253 989 1289 verbis
1017 1265 1207 1302 asperam,
1248 1252 1533 1301 interpretando
1574 1255 1685 1290 multi

249 1310 484 1347 acerbiorem
514 1308 710 1354 fecerunt,
743 1307 874 1344 dextre
905 1309 1092 1346 confutati
1114 1310 1159 1346 ab
1188 1309 1310 1358 Ampl.
1337 1307 1450 1346 Corn.
1479 1322 1556 1347 van
1590 1309 1684 1346 Bin-

250 1363 446 1403 'kershoek
476 1364 503 1400 Ι.
534 1363 668 1400 Obser.
692 1377 723 1400 c.
751 1366 787 1404 l.
816 1364 949 1401 Wssss.

363 1423 436 1461 90.
458 1421 530 1459 32.
551 1417 618 1458 Ἕν
645 1419 818 1471 δωρεαῖς
845 1416 1091 1473 λαβόντων]
1133 1421 1242 1459 Conf.
1271 1422 1340 1460 inf.
1362 1419 1426 1458 IV.
1448 1421 1522 1462 48.
1551 1421 1684 1459 WESS.

366 1490 438 1528 90.
461 1487 532 1527 39.
551 1484 628 1526 ιῸν
653 1483 851 1538 ὠνόμασε
866 1484 1146 1541 σεισάχθειαν]
1177 1489 1388 1526 Atticorum
1409 1488 1685 1527 consuetudIne

252 1545 379 1582 lenius
410 1549 490 1581 erat
520 1545 768 1591 vocabulum,
794 1557 835 1581 re
864 1546 947 1593 ipsa
972 1548 1105 1598 χρεῶν
1128 1543 1311 1596 (imment)
1327 1574 1338 1592 ,
1362 1559 1428 1582 seu
1447 1547 1597 1583 tabulae
1616 1560 1688 1583 no·-

250 1615 338 1639 .vae.
397 1599 492 1639 Rem
522 1601 688 1649 explicat
721 1601 822 1638 Plut.
851 1603 891 1638 in
920 1600 1053 1640 Solon.
1089 1600 1135 1638 T.
1159 1601 1187 1637 l.
1211 1616 1246 1651 p.
1276 1604 1345 1642 86.
1367 1601 1415 1638 D.
1442 1610 1555 1650 atque
1575 1615 1621 1638 ex
1642 1614 1686 1640 eo

249 1656 299 1707 VS.
330 1658 477 1694 Petitus
506 1656 548 1693 L.
580 1656 670 1693 Ate.
691 1668 727 1704 Ι).
752 1658 859 1698 412.
891 1663 928 1693 et
946 1657 998 1694 Io.
1019 1656 1222 1694 Marshaln.
1244 1657 1334 1695 Cau.
1357 1657 1498 1698 Chron.
1521 1672 1558 1708 Ι).
1578 1659 1684 1699 618.

254 1713 389 1751 WEss.
1673 1751 1678 1755 ,

371 1770 443 1809 90.
469 1769 542 1808 43.
574 1768 731 1816 Οἳτινες
770 1767 876 1808 ὅπλα
909 1766 984 1820 μὲν
1023 1769 1126 1819 etc.]
1167 1769 1327 1807 Athenis
1369 1783 1416 1806 ne
1462 1772 1546 1818 quis
1583 1778 1689 1809 arma

251 1828 409 1877 'pignori
430 1832 648 1874 opponeret,
675 1827 834 1863 vetitum
857 1826 989 1873 fuisse⁷
1010 1825 1139 1863 Scliol.
1159 1826 1455 1874 A1·istophan.in
1466 1826 1566 1862 Plut.
1580 1828 1686 1867 451.

257 1882 471 1932 significat3
500 1894 620 1931 neque
649 1880 791 1919 Romae
820 1883 958 1919 licebat
983 1896 1114 1920 servos
1133 1890 1322 1929 aratores,
1348 1889 1413 1918 aut
1429 1883 1544 1919 boves
1564 1889 1690 1920 arato-

255 1942 358 1985 rios,
379 1944 443 1974 aut
475 1938 770 1976 instrumentum
792 1941 998 1975 aratorium
1023 1941 1196 1989 pignoris
1217 1951 1350 1975 caussa
1369 1939 1414 1974 de
1438 1941 1690 1986 possessioni-

257 1995 328 2031 bus
348 1993 565 2030 abstrahere
588 1994 629 2031 L.
653 1997 691 2034 7.
713 1993 755 2031 C.
787 1992 897 2039 sze
921 1995 1165 2046 respignori
1183 1993 1296 2044 oblig.
1353 1994 1458 2031 Adde
1481 1996 1583 2045 leges
1606 1995 1690 2032 Mo-

254 2052 385 2087 'saicas
403 2049 526 2086 Exod.
548 2049 681 2087 XXII.
700 2052 774 2090 26.
801 2050 1008 2087 Deuteron.
1032 2051 1178 2088 XXIV.
1200 2053 1240 2091 6.
1280 2050 1413 2087 VVEss.

372 2117 536 2157 9018.
556 2113 688 2168 Εχειν
709 2114 864 2169 ταύτην
888 2115 961 2170 τὴ)
984 2117 1051 2170 ἕο)
1054 2117 1176 2156 ασιάι
1186 2113 1204 2170 ]
1234 2116 1316 2154 Hoc
1336 2119 1432 2155 lucri
1458 2125 1495 2155 et
1513 2125 1692 2167 quaestus

259 2185 395 2224 genus.
424 2173 589 2223 Lycurg.
621 2176 662 2210 in
690 2173 861 2211 Leocrat.
881 2188 916 2224 p.
940 2175 1041 2213 151.
1072 2170 1127 2220 ὡς
1158 2172 1336 2240 ἔμπορος
1363 2173 1422 2220 ἐξὲ
1407 2171 1592 2223 e'mchvoe,
1623 2175 1693 2214 καὶ

259 2226 367 2268 κατὰ
386 2243 539 2280 ταυτην
559 2225 633 2280 τὴν
656 2224 849 2283 ἒὸγασιά)
873 2226 1132 2282 ἀπεὸήμησεν
1155 2230 1210 2275 εἷς
1226 2223 1382 2269 Ρυὸον.
1415 2242 1488 2278 qua
1504 2237 1693 2280 potestate

262 2292 301 2321 et
319 2285 383 2321 ille
405 2292 441 2321 et
460 2288 526 2322 alii
547 2298 656 2335 saepe
676 2293 814 2324 terunt
846 2287 931 2324 Vid.
952 2288 1041 2324 infr.
1061 2286 1133 2324 XI.
1158 2287 1227 2326 56.
1267 2285 1318 2323 w
1321 2297 1400 2323 Ess.

375 2353 449 2391 91.
476 2353 546 2392 53.
570 2351 693 2392 Καθ’
729 2351 779 2406 ἢν
809 2351 1013 2405 ἀπέβαλε]
1042 2354 1261 2405 Legendum
1289 2354 1441 2391 videtur
1470 2350 1692 2405 ἀπέβαλον.

262 2410 341 2444 nisi
371 2409 470 2444 forte
503 2422 570 2444 suo
596 2423 699 2446 more
732 2423 754 2447 a
784 2423 941 2447 numero
971 2424 1048 2447 uno
1078 2411 1125 2447 ad
1160 2412 1322 2447 alterum
1361 2413 1523 2446 transire
1560 2413 1695 2448 voluit.

256 2462 420 2508 *STEHL
480 2462 583 2501 Citra
601 2465 876 2504 dubitationem
895 2467 1097 2517 legendum
1120 2474 1177 2503 est
1196 2464 1414 2515 ἀπέβαλον.
1449 2465 1583 2503 RHOD.

378 2532 450 2571 91.
475 2532 545 2571 57.
568 2529 816 2584 Ἀποστῆσαι
848 2536 922 2585 τῆς
955 2533 1132 2585 κλοπῆς]
1164 2533 1208 2569 A.
1238 2532 1385 2569 Gellius
1415 2545 1463 2569 ex
1485 2534 1583 2570 libro
1607 2534 1696 2571 Ari·-

266 2589 388 2623 stonis
409 2590 658 2624 iureconsulti
675 2590 778 2626 furta
799 2593 925 2626 omnia
939 2590 1037 2637 apud
1057 2597 1204 2626 veteres
1226 2589 1434 2638 Aegyptios
1451 2590 1570 2627 fuisse
1589 2591 1696 2627 licita

267 2649 305 2678 ct
334 2645 510 2691 inpunita
530 2644 662 2680 scribit
679 2644 750 2681 XI.
770 2645 817 2682 N.
837 2646 881 2682 A.
903 2660 933 2682 c.
963 2648 1054 2692 18.;
1082 2648 1144 2682 cui
1161 2647 1331 2694 opinioni
1354 2647 1394 2680 in
1415 2644 1483 2682 hac
1504 2647 1587 2696 lege
1608 2647 1695 2682 nul-

266 2699 346 2735 lum
380 2706 438 2735 est
469 2700 776 2737 fundamentum:
807 2709 908 2738 certa
937 2701 1196 2738 tantummodo
1239 2701 1482 2748 conditione,
1510 2704 1551 2738 in
1584 2713 1698 2749 quam

267 2757 385 2792 ceteri
413 2764 702 2803 consenserant,
732 2769 780 2793 ex
808 2759 995 2807 singulari
1023 2754 1181 2794 dominii
1203 2759 1305 2802 iure,
1343 2756 1387 2792 (le
1420 2756 1493 2805 {luo
1526 2756 1579 2793 Io.
1609 2756 1696 2793 Scl-

267 2809 389 2848 denus
416 2810 479 2850 VI.
509 2812 585 2849 Iur.
612 2812 660 2850 N.
680 2819 718 2850 et
737 2813 851 2850 Gent.
871 2816 914 2853 2.
942 2815 1230 2861 permittuntur:
1267 2814 1410 2861 alioqui
1438 2814 1542 2850 furta
1559 2813 1599 2849 in
1621 2812 1695 2850 Ae-
