1828 3253
470 177 534 218 IN
571 176 682 217 Lm.
720 177 749 217 1.
789 176 915 217 CAP.
941 180 1017 222 49.
1047 180 1118 222 50.
1453 188 1510 230 83

189 295 260 336 58.
306 294 380 334 92.
432 287 734 343 Ὁμόστοιχον]
815 290 901 330 Hoc
949 294 991 331 in
1038 288 1279 346 ὁμότοιχον,
1352 301 1506 339 exclusa

74 356 224 389 tantum
250 351 424 397 literula,
469 349 692 386 mutandum
731 348 906 397 videtur,
951 356 995 386 ut
1021 352 1073 387 sit
1107 353 1148 388 in
1180 355 1310 392 eodem
1330 359 1506 408 pariete.

73 407 170 445 Nam
201 403 445 458 ὃμόστοιχον
473 418 541 455 pro
572 400 793 456 ὃαόστιχον
823 409 856 443 si
881 407 1090 453 retinetur,
1126 409 1166 444 in
1207 412 1337 448 eodem
1368 415 1505 452 ordine

73 464 278 514 significat.
326 461 460 498 Rflon.
524 457 768 512 Ομοτοιχον
825 460 871 501 de*
908 465 958 516 τῇ
1000 460 1280 530 βιβὶιοθηκῃ]
1330 468 1504 507 Firmant

72 519 338 557 Rhodomanni
363 520 620 555 coniecturam
650 518 783 567 scripti
813 520 914 556 libri.
964 514 1207 570 Ὃμότοιχοι
1246 522 1375 562 οικίαν
1392 538 1503 575 prae-

73 583 132 613 ter
173 576 318 612 Isaeum
360 574 465 611 Orat.
504 575 549 611 de
589 574 865 613 Philoctemon.
904 575 1045 613 Hered.
1085 589 1121 626 p.
1163 580 1235 618 60.
1277 579 1383 618 dabit
1419 585 1501 633 ipse

71 631 290 670 Diodorus
280 644 321 668 m
340 630 520 680 Excerpt.
540 631 664 668 V.ales
684 643 720 679 p.
744 633 847 672 397
875 631 1009 670 Wssss.

187 688 257 728 59.
282 689 356 728 97.
381 685 715 755 {sas-zepcnue'vmv
739 684 881 741 ζώων]
905 688 963 724 De
984 690 1111 726 illise.
1134 689 1205 730 83.
1229 696 1300 730 etc.
1333 691 1468 734 VVEss,

186 745 257 784 59-
280 745 354 784 99.
386 738 604 798 Ὕπάρχειν
631 740 779 783 κίκὶον
802 759 959 797 γοισο(
941 743 1017 797 ν]
1057 745 1196 784 Merito
1227 761 1382 786 aureum
1401 749 1504 787 hune

70 802 254 838 circulum
283 807 321 838 et
349 807 494 837 ceteras
523 800 631 851 Aeg)
622 802 798 849 ptiorum
824 803 996 838 inmanes
1016 815 1104 852 opes
1124 810 1249 852 stupet
1270 804 1387 842 Olaus
1406 805 1501 843 Bor-

68 856 214 895 richius
237 856 407 894 Hermet.
439 870 470 894 c.
492 858 533 896 3.
562 869 597 905 p.
622 859 693 897 66.
728 857 878 895 Nollem
908 865 1036 895 tamen
1065 861 1310 898 conclusione
1339 863 1501 912 quadam

70 913 297 950 addidisset:
327 914 428 950 unde
448 915 548 952 illud
567 927 707 950 aarum
729 913 919 952 Heroicae's
939 915 1219 966 Aegyptiorum
1239 918 1502 969 temporibus?

71 971 200 1017 dices,
227 983 276 1006 ea:
306 972 487 1007 aurariis
519 969 709 1018 officinis,
740 983 839 1020 quas
864 973 904 1009 in
939 971 1135 1010 Thebaide
1164 974 1345 1012 inventas
1373 977 1504 1013 tradit

69 1026 271 1064 Diodorus
290 1028 380 1063 vivo
407 1025 565 1065 osiride
586 1034 627 1064 et
653 1027 862 1074 Hermete,
883 1029 1142 1079 profluxisse.
1203 1030 1382 1068 Ceterum
1413 1030 1500 1080 ⁰ffi·

69 1086 182 1120 cinus
209 1085 402 1120 aur-arias
427 1084 472 1120 id
498 1086 682 1135 temporis
708 1086 893 1132 agnoseit
923 1083 1125 1122 Diodorus
1161 1088 1217 1124 ad
1244 1087 1498 1133 fabricanda

68 1151 169 1177 vasa
191 1146 232 1176 et
248 1142 529 1187 instrumenta,
557 1153 632 1177 non
649 1140 844 1188 fodinas,
873 1153 948 1178 non
972 1148 1278 1193 »Amatam-Agra:
1306 1146 1406 1181 umle
1426 1159 1500 1182 (cn-

69 1203 145 1233 tem
174 1197 214 1233 in
249 1194 428 1244 officinm
459 1199 642 1243 transiit,
671 1198 750 1233 nis-2·
777 1210 827 1233 ea:
856 1200 1092 1245 erga-§feriis
1124 1199 1342 1237 Clzemz'cis?
1373 1199 1499 1239 Sumit

69 1255 171 1288 enim
189 1252 264 1288 sibi
285 1259 322 1288 et
343 1254 440 1288 citra
457 1252 611 1289 dubium
632 1256 789 1299 statuit,
817 1253 916 1300 quod
937 1254 1075 1290 falsum
1104 1261 1172 1291 est.
1223 1254 1318 1293 Auri
1345 1257 1499 1294 fodinas

70 1307 277 1345 Thebaidis
299 1308 443 1355 liquido
462 1315 646 1346 memorat
664 1308 821 1345 Diodor.
838 1308 866 1346 Ι.
894 1310 985 1357 15.;
1007 1323 1081 1359 quo
1108 1312 1191 1348 loco
1210 1324 1294 1348 cum
1316 1311 1499 1360 officinas

69 1366 248 1402 vertisset
264 1363 514 1412 Rhodoman.,
533 1365 687 1402 errandi
705 1368 944 1402 occasionem
967 1368 1052 1404 viro
1073 1366 1294 1405 doctissimo
1313 1370 1499 1416 praebuit.

68 1420 195 1458 Habet
220 1428 416 1469 practerea
438 1434 470 1458 c.
497 1422 570 1460 33.
602 1420 786 1472 μέταλλα
812 1424 971 1475 χρυσοῦ
1005 1422 1071 1460 καὶ
1100 1419 1278 1476 ἀργύρου
1308 1428 1404 1463 auri
1429 1440 1500 1462 ar·-

67 1479 252 1527 gentique
279 1477 452 1524 fodinas
483 1480 525 1514 in
555 1479 683 1515 insula
709 1477 860 1525 Meroe,
903 1478 1178 1529 Aegyptiorum
1215 1483 1373 1530 imperio
1410 1484 1502 1521 olim

69 1533 241 1581 subdita3
269 1541 307 1571 et
333 1533 406 1571 hoc
431 1536 515 1581 ipso
545 1536 689 1582 capite,
718 1548 860 1572 aurum
892 1542 934 1572 et
960 1543 1188 1585 argentum,
1215 1539 1319 1587 quod
1335 1539 1502 1588 singulis

71 1591 188 1626 annis
218 1603 268 1627 ex
297 1592 402 1627 omni
425 1592 604 1642 Aegypto
635 1604 686 1628 ex
712 1592 877 1641 argenti
903 1598 943 1629 et
969 1592 1231 1638 aurifodz'm's
1249 1594 1426 1641 redibat,
1459 1594 1503 1633 ἐκ

69 1648 154 1684 τῶν
187 1642 407 1700 ἀογυοείων
434 1647 502 1685 καὶ
526 1647 727 1699 χρυσείων
760 1619 985 1698 ῖιετάὶὶμιη
1044 1649 1191 1696 Quare,
1232 1657 1276 1687 ut
1310 1652 1502 1688 lenissime

72 1679 228 1749 dicam,
248 1705 362 1739 nimis
389 1703 512 1740 calide
546 1704 804 1753 superioribus
836 1704 881 1741 Ο.
910 1703 1132 1742 Borrichius
1159 1705 1344 1754 adstruit,
1373 1708 1440 1745 At
1457 1709 1504 1745 cle

61 1758 222 1806 fodinis
232 1759 438 1810 Aegyptiis
456 1760 500 1797 id
514 1762 703 1810 temporis
723 1761 846 1797 altum
864 1763 973 1812 apud
991 1773 1119 1798 onmes
1136 1763 1347 1800 silentium.
1370 1762 1421 1800 W
1424 1774 1505 1800 Ess

186 1816 257 1854 59.
280 1817 322 1854 4.
350 1815 436 1854 Καὶ
463 1817 546 1854 τῶν
574 1815 881 1868 ἐπισημασιῶν]
909 1817 1047 1854 Utrum
1075 1818 1238 1865 imbres,
1274 1831 1324 1856 an
1351 1826 1504 1866 ventus,

71 1883 121 1908 an
138 1874 337 1922 graviores
356 1874 455 1909 acris
472 1875 702 1909 mutationes
725 1879 853 1909 essent
871 1874 1046 1910 futurae:
1073 1873 1143 1910 has
1172 1877 1275 1911 enim
1303 1873 1507 1926 ἐπισημα-

73 1927 166 1974 σίας
201 1929 517 1978 sigmficationes
543 1931 584 1966 in
612 1930 724 1966 fastis
753 1929 959 1979 diligenter
983 1930 1188 1977 notabant,
1215 1943 1293 1967 non
1318 1943 1366 1967 ex
1392 1933 1508 1968 certis

72 1986 167 2021 artis
184 1987 418 2034 praeceptis,
445 1985 511 2021 sed
529 1998 602 2022 usu
633 1985 797 2034 quodam
822 1992 861 2022 et
883 1985 983 2036 quod
1015 1999 1124 2036 saepe
1153 1986 1366 2026 orientibus
1393 1989 1509 2024 astris

73 2043 298 2090 contingere
324 2043 514 2089 solerent,
549 2048 594 2078 ut
621 2041 734 2079 docet
763 2042 913 2079 Gemin.
941 2041 1040 2093 [sag.
1080 2043 1235 2079 Astron.
1267 2055 1298 2080 c.
1331 2043 1401 2083 14.
1445 2046 1511 2093 qui

71 2104 272 2145 propterea
287 2098 382 2134 istas
400 2096 675 2149 ἐπισημωσίας
695 2111 728 2137 ο.
760 2101 830 2138 16.
863 2101 1105 2146 exsequitur,
1138 2105 1176 2135 et
1203 2100 1391 2150 singulari
1412 2100 1512 2136 libro

72 2153 336 2201 Ptolemaeus,
364 2165 476 2202 quem
495 2154 658 2192 Gemino
680 2155 854 2192 additum
883 2153 930 2192 D.
964 2156 1147 2192 Petavius
1178 2157 1377 2205 vulgavit,
1405 2162 1512 2192 ante-

74 2220 147 2257 que
167 2222 231 2246 eos
249 2211 360 2246 ambo
379 2209 533 2257 Meton,
562 2218 604 2247 ut
632 2211 810 2248 docemur
829 2210 923 2250 Xll.
950 2212 1023 2251 36.
1063 2210 1216 2259 Alioqui
1246 2211 1515 2262 ἐπισημασίαι

75 2262 188 2316 παρὰ
208 2268 282 2305 τοῦ
307 2265 522 2317 δαιμονίου
543 2274 632 2303 sunt
650 2268 740 2305 irati
758 2269 926 2304 numinis
944 2269 1159 2317 praesentia
1176 2274 1401 2318 argumenta
1419 2267 1516 2305 XX.

81 2322 207 2369 102,
236 2322 282 2359 de
303 2334 376 2370 quo
397 2326 505 2360 vocis
524 2336 597 2360 usu
627 2325 735 2361 alias.
773 2323 908 2360 Wnss.

196 2379 266 2417 5-9.
293 2381 363 2418 12.
388 2375 707 2429 Ἀρχαιοτάτους
727 2375 984 2431 ‹maeel-cmv]
995 2377 1104 2416 Conf.
1124 2391 1226 2428 supr.
1243 2392 1275 2416 c.
1294 2381 1363 2420 10.
1386 2378 1519 2417 VVnss.

197 2432 267 2470 5·9
296 2435 364 2471 14·
395 2434 484 2483 Τὴν
514 2431 580 2473 ἐπ’
614 2432 751 2488 ἀκριβῑ
747 2450 778 2481 ς
810 2435 1107 2488 ἀστοολο7ίαν]
1138 2434 1276 2472 Strabo
1296 2443 1334 2472 et
1353 2435 1521 2484 philoso-

84 2486 192 2536 phiae
212 2494 250 2523 et
272 2492 526 2525 astronomiae
547 2494 820 2529 accuratiorem
841 2494 1017 2528 notitiam
1042 2491 1304 2528 sacerdotibus
1325 2490 1522 2528 Thebanis

84 2556 163 2580 non
180 2550 296 2594 negat
313 2543 386 2580 XV
392 2544 439 2583 Π.
462 2557 496 2592 p.
523 2546 656 2584 1171.
685 2544 754 2584 C.·
745 2545 953 2593 ,habitum
981 2554 1106 2584 autem
1126 2549 1292 2596 purioris
1313 2549 1412 2584 coeli
1428 2548 1523 2583 loci-

86 2612 159 2646 que
184 2601 226 2635 in
250 2606 439 2637 astrorum
469 2602 716 2651 diligentiore
748 2603 1015 2640 observatione
1044 2603 1145 2640 haud
1171 2616 1306 2652 parum
1336 2605 1413 2640 illis
1437 2614 1524 2651 pro-

85 2656 205 2692 fuisse
226 2657 334 2691 testis
355 2663 413 2692 est
433 2656 620 2694 Procius
609 2670 648 2694 ιη
672 2656 733 2694 Ti·
724 2671 870 2725 maeuin
891 2659 1041 2696 Platon.
1061 2673 1097 2708 p.
1121 2660 1195 2699 31.
1225 2659 1303 2696 W}
1307 2669 1360 2695 ss.

202 2712 272 2750 59.
298 2713 367 2751 18.
400 2710 486 2758 Ἰὰς
505 2709 582 2764 7179
614 2708 771 2765 ημέρας
801 2711 875 2752 οὔκ
904 2712 1047 2766 ἶί7ουσι
1076 2714 1171 2766 etc.]
1199 2714 1528 2764 Diligentissimus

87 2765 312 2804 Camusatus
330 2767 534 2817 adscripsit
550 2767 641 2805 haec
664 2769 811 2806 ismael.
833 2769 946 2807 ΒυΙΙί
939 2771 1034 2808 aldi:
1067 2770 1185 2808 Haec
1206 2771 1327 2808 verba
1356 2767 1429 2813 τὰς
1452 2780 1528 2819 7er

85 2818 242 2875 ἡμέρας
269 2821 343 2863 οὐκ
373 2820 514 2875 ἄγουσι
544 2825 642 2862 milti
670 2827 786 2864 valde
813 2833 997 2877 suspecta
1028 2834 1068 2863 et
1094 2827 1356 2869 removenda,
1397 2830 1443 2860 nt
1469 2825 1528 2859 ita

1193 2884 1253 2921 (i
