1828 3253
267 47 360 88 630
740 37 1261 80 ANNOTATIONES

387 153 601 207 598946-
657 149 717 193 Τὸ
748 151 824 206 μὲν
851 149 990 205 βάθος
1018 151 1073 200 εἷς
1108 151 1309 206 τέτταρας
1341 150 1526 207 ἄνδρας]
1576 152 1718 192 Confer

274 214 427 252 Aeliani
447 209 557 246 Tac-t.
580 223 611 246 c.
635 210 676 250 6.
708 217 745 247 et
773 223 867 259 quae
895 211 972 246 viri
1001 209 1104 248 docti
1132 211 1419 259 adscripserunt
1440 210 1615 262 Thucyd.
1636 211 1720 248 Vll.

281 273 353 310 78.
375 275 411 305 et
431 266 590 302 Lucian.
617 266 739 304 Zeux.
764 280 794 304 c.
822 270 860 307 8.
891 265 1024 304 WVESS.

398 324 501 363 598.
530 322 604 361 49.
637 318 740 361 εΥπὸ
767 325 848 362 τῶν
878 321 1082 373 πολεμίων
1111 320 1452 375 περιειλημμένα]
1503 322 1644 371 Interp.
1672 322 1722 360 ab

280 377 389 416 hoste
430 379 559 418 teneri.
585 385 774 426 verterat,
823 378 1023 427 Spartanis
1051 378 1120 415 hac
1158 382 1334 417 versione
1363 382 1522 417 nimium
1554 380 1725 417 studens.

279 433 463 478 Phalanx
485 434 533 471 ad
563 437 727 483 quinque
757 435 967 472 stadiorum
1002 437 1248 473 intervallum
1278 437 1324 473 ab
1354 437 1447 472 urbe
1479 437 1629 482 aberat,
1669 435 1727 472 uti

282 493 467 529 continuo
499 495 690 541 sequitur3
730 502 803 540 quo
835 504 925 544 ergo
954 491 1066 529 modo
1098 491 1191 530 duas
1217 495 1315 531 muri
1343 499 1470 544 partes
1497 499 1628 530 tenere
1657 504 1726 541 po-

282 546 382 586 tuit?
412 547 546 584 Wnss.

358 638 361 643 .
400 604 502 644 598.
532 604 602 643 56.
638 599 751 642 Καθ’
785 598 936 649 αὖτοὺς
959 600 1290 656 προνενικηκότες
1321 602 1382 643 ἐπὶ
1412 603 1584 658 Δηλίῳ]
1630 604 1728 650 Soli,

285 671 457 697 seorsum
478 672 547 696 ncc
571 661 657 696 aliis
679 662 886 696 coniuncti.
923 659 1070 697 Aelian.
1090 659 1192 700 Hist.
1223 661 1386 698 Animal.
1412 661 1452 698 L.
1475 661 1564 699 XV.
1590 662 1630 701 3.
1661 659 1730 699 καὶ

286 713 326 755 οἳ
341 713 416 766 μὲν
441 713 577 754 αἰτῶν
599 713 703 755 κατὰ
725 731 797 755 τοῑ
803 730 821 761 ς
843 718 916 761 σῦς
937 715 1010 755 εἶσι
1029 731 1167 766 μονιαι
1189 716 1255 755 καὶ
1277 715 1372 756 καθ’
1397 713 1568 763 ἑαυτοὺς
1588 733 1609 756 ν
1615 731 1733 768 ηχον-

285 785 365 811 ται.
396 771 641 808 Demosthen
664 773 703 808 in
726 771 905 810 Leochar.
927 785 960 821 p.
986 773 1090 812 614.
1123 770 1214 811 ὤκει
1236 771 1330 811 καθ
1360 768 1486 812 αὗτόν
1509 772 1548 810 ἐν
1569 776 1618 826 τῆ
1644 772 1732 810 Σα-

286 829 439 878 λαμῖνι.
478 827 740 866 EtNosterL.
761 828 865 865 XIV.
892 830 990 868 110.
1023 825 1119 866 καθ’
1147 823 1198 866 αἶ,
1202 843 1298 874 τους
1324 827 1367 866 δὲ
1392 826 1465 867 οὐκ
1486 826 1599 874 ὄντες
1619 823 1733 874 ἀξιό-

288 898 426 935 μαχοι.
465 883 552 921 Alia
580 885 656 921 viri
677 883 734 923 Cl.
759 884 832 922 lac.
856 884 1028 921 Gronov.
1060 884 1108 920 ad
1130 884 1281 921 Ari-ian
1314 885 1359 921 de
1381 884 1490 921 Alex.
1522 884 1668 933 Exped.
1690 883 1733 921 L.

289 939 357 977 111.
379 941 452 980 21.
475 946 512 976 et
531 939 659 978 Lamb.
679 939 753 978 Bos
775 941 975 978 Animadv.
998 954 1032 989 p.
1060 941 1127 980 19.
1155 939 1214 977 De
1235 953 1364 993 pugna
1378 941 1425 978 ad
1446 940 1600 979 Delium
1620 953 1735 991 supe-

289 997 392 1034 riore
417 996 515 1033 libro
545 1009 576 1033 0.
600 998 670 1037 70.
700 1004 824 1035 actum
846 997 931 1034 fuit
960 996 1095 1035 Wssss.

407 1053 510 1091 599.
542 1054 615 1092 66.
655 1050 719 1091 Ἐν
738 1051 968 1109 Ἀκαδημία
992 1051 1441 1106 κατεστοατοπὲδευσε]
1470 1052 1528 1091 De
1547 1052 1738 1090 Pausania

289 1106 509 1159 Xenophon
538 1107 566 1146 L
601 1108 650 1147 11.
680 1108 768 1147 Rer.
797 1109 932 1147 Graec.
962 1123 996 1158 p.
1021 1110 1125 1150 357
1159 1107 1262 1163 ποός
1291 1107 1366 1163 τὴν
1394 1106 1513 1149 πόλιν
1542 1108 1738 1161 ἐστρατο-

289 1162 456 1205 πέεδευσ
445 1179 482 1203 ν
506 1163 547 1202 ἐν
577 1167 626 1217 τῆ
638 1162 868 1221 {Amen-'gua
888 1167 944 1204 τῶ
976 1163 1213 1220 καλουμένῳ
1234 1166 1458 1220 yvpcaam'm
1499 1166 1615 1215 Atqui
1636 1166 1737 1202 Plut.

292 1218 409 1261 'lhes.
433 1233 466 1269 p.
494 1221 561 1261 15.
583 1220 630 1259 D
672 1208 881 1271 Spartanos
910 1228 1042 1258 auctor
1064 1227 1142 1268 est,
1171 1225 1318 1271 quoties
1342 1224 1383 1260 in
1412 1235 1545 1273 agrum
1568 1221 1739 1259 Atticum

292 1284 565 1323 excurrerent,
594 1277 798 1315 Academia
829 1277 1109 1314 studiosissime
1127 1278 1370 1315 abstinuisse.
1409 1278 1487 1315 Sed
1508 1291 1551 1316 ea
1571 1290 1648 1315 non
1669 1289 1740 1325 pu-

291 1340 414 1383 gnant
443 1345 564 1382 neque
587 1334 660 1371 sibi
683 1336 878 1371 contraria
899 1340 999 1371 sunt.
1034 1334 1292 1382 Pepercerunt
1311 1336 1396 1371 luco
1419 1336 1610 1382 sacrisque
1631 1335 1740 1380 oleis,

292 1402 378 1426 cum
411 1396 558 1436 cetera„
586 1390 673 1429 urbi,
694 1392 846 1438 vicina,
873 1396 1029 1426 urerent
1052 1396 1089 1427 et
1119 1396 1316 1427 vastarent
1338 1391 1536 1439 pleraque:
1566 1390 1604 1429 id
1630 1388 1741 1427 docet

289 1443 518 1484 Plutarchus
543 1452 579 1482 et
608 1444 739 1486 Schol,
768 1447 809 1482 in
841 1444 1043 1495 Sophoclis
1075 1445 1210 1495 Oedip.
1242 1445 1374 1483 Colon.
1404 1461 1440 1484 v.
1465 1447 1571 1487 689.
1601 1445 1738 1484 Wssss.

408 1503 512 1541 599.
543 1502 614 1541 78.
661 1500 830 1548 Ψευὸεῖς
850 1500 984 1549 αἲτιάς
1011 1498 1205 1555 ἔπέῤῥιψε
1229 1507 1314 1549 τοῖς
1336 1501 1561 1553 Κυμαίοις]
1593 1501 1740 1552 Tangit

292 1555 391 1595 hanc
422 1558 637 1595 foederatae
658 1556 909 1606 Cymaeorum
941 1559 1112 1595 civitatis
1141 1565 1353 1608 susceptam
1382 1559 1428 1596 ab
1449 1558 1645 1596 Alcibiade
1675 1571 1742 1608 op-

293 1616 566 1663 pugnationem
589 1611 703 1650 Corn.
731 1613 860 1662 Nepos
892 1612 1015 1653 Alcib.
1044 1627 1075 1652 c.
1099 1616 1161 1660 7.,
1189 1614 1255 1652 sed
1284 1616 1348 1663 qui
1379 1628 1463 1653 cum
1484 1614 1626 1652 Nostro
1649 1626 1741 1651 con-

294 1673 435 1708 sentire
457 1683 534 1713 non
558 1672 717 1718 poterit,
746 1671 825 1707 nisi
856 1682 998 1707 arcano
1018 1669 1310 1709 Atheniensium
1340 1673 1444 1709 iussu
1464 1671 1597 1708 urbem
1617 1677 1742 1707 tenta-

292 1731 371 1764 tam
393 1727 610 1772 censueris,
640 1737 735 1775 quae
751 1725 806 1763 Cl.
826 1725 931 1763 Bosii
953 1728 1083 1773 opinio
1104 1739 1238 1775 parum
1257 1728 1477 1777 probabilis.
1505 1726 1551 1765 In
1570 1725 1742 1764 Diodoro

293 1790 394 1821 certe
418 1781 517 1819 nihil
536 1788 616 1828 est,
647 1782 751 1831 quod
771 1784 828 1819 illi
849 1785 1118 1831 patrocinetur.
1146 1783 1279 1821 Wssss.

409 1839 514 1878 599.
546 1839 620 1878 93.
661 1837 863 1888 Κιμαίων
886 1836 930 1877 de*
959 1835 1214 1889 πεμψάντων
1237 1839 1293 1885 εἷς
1308 1834 1492 1891 Ἀθήνας
1513 1845 1585 1878 etc.
1599 1838 1615 1887 ]
1655 1836 1744 1876 Nisi

293 1893 542 1932 distinctione
560 1900 708 1932 mutata
734 1894 966 1944 inductoque
999 1893 1044 1932 de*
1071 1898 1271 1944 scripseris
1297 1902 1384 1945 post
1402 1908 1520 1944 pauca
1548 1890 1666 1933 πόλιν
1692 1914 1740 1921 -

293 1946 551 2003 {ndoaqffoev
580 1949 757 2003 321'102210
782 1965 850 1988 και
878 1948 997 1990 ἄλλαι
1016 1957 1104 1998 etc.²
1131 1952 1224 1989 ordo
1257 1952 1461 1989 verborum
1481 1952 1554 1989 erit
1574 1951 1744 1987 salebro-

296 2009 396 2054 sior‚
421 2009 610 2057 longeque
639 2007 829 2057 posterior
859 2007 949 2053 illo,
979 2019 1090 2056 quem
1123 2007 1283 2044 schedae
1312 2007 1480 2044 Venetae
1510 2007 1742 2056 praeferunt.

294 2061 394 2100 Vide
416 2076 507 2113 crgo
530 2069 659 2100 utrum
689 2064 819 2101 malis:
849 2076 918 2113 ego
943 2066 1066 2101 veteri
1095 2064 1193 2103 libro
1214 2076 1332 2112 paene
1361 2063 1585 2111 adstipulor.
1609 2062 1743 2099 Wnss.

413 2120 516 2158 599.
544 2120 585 2159 2.
618 2114 1032 2159 Καταδυναστεύσειν
1052 2122 1136 2159 τῶν
1158 2118 1357 2171 πολιτῶν]
1387 2119 1428 2156 S.
1446 2119 1603 2157 lacobus
1623 2118 1746 2168 Epist.

295 2187 326 2211 0
353 2173 401 2212 11.
426 2177 465 2214 6.
497 2171 571 2225 οὐχ
601 2172 637 2213 οἶ
664 2171 851 2213 πλούσιοι
875 2172 1278 2216 καταδυναστεύουσι
1299 2171 1441 2226 ὑμῶν,
1471 2177 1495 2213 i.
1517 2189 1547 2211 e.
1567 2188 1648 2226 per
1667 2175 1745 2211 vim

295 2233 521 2282 oppzmnmt
549 2243 628 2268 vos.
676 2230 821 2269 Eadem
850 2233 952 2269 enim
985 2238 1075 2268 sunt
1098 2229 1144 2272 τὸ
1170 2231 1529 2272 καταὸῑιαοτεῦον
1560 2228 1586 2282 ἢ
1619 2245 1746 2270 κατα-

293 2283 561 2338 plumat-101,
595 2288 786 2325 artissime
817 2288 930 2325 etiam
949 2289 1079 2326 iuncta
1100 2302 1122 2326 a
1139 2289 1242 2328 Plut,
1265 2290 1306 2325 in
1337 2287 1480 2324 Osirid.
1511 2301 1546 2337 p.
1569 2288 1672 2327 367-
1694 2285 1743 2324 D·

294 2342 407 2380 Unde
437 2342 720 2382 καταὸηαστε
710 2357 909 2393 ιοιιειοιδ
940 2346 1005 2391 qui
1032 2345 1288 2394 potentiorum
1317 2345 1357 2381 vi
1385 2346 1671 2393 opprimuntur,
1703 2344 1745 2380 in.

293 2399 473 2449 Excerpt
499 2398 624 2436 Vales
652 2411 686 2447 p.
711 2400 816 2439 397
850 2406 887 2436 et
908 2399 990 2436 Act
1011 2399 1054 2437 A.
1079 2400 1119 2437 S.
1143 2400 1267 2437 Lucae
1291 2413 1321 2436 0.
1343 2399 1398 2439 X.
1422 2401 1494 2440 38.
1534 2399 1743 2467 Eleganter

291 2455 404 2495 Philo
426 2455 506 2492 lud.
533 2455 578 2491 de
600 2454 711 2504 Ling.
735 2454 843 2493 Conf.
869 2468 903 2502 p.
930 2457 1033 2496 335
1059 2455 1104 2494 Ε.
1134 2454 1395 2508 ὅχλοκρατία,
1418 2472 1442 2509 ⁷7
1468 2452 1672 2505 θαῑμαςει
1694 2467 1741 2494 το

293 2526 456 2557 αι”,ισοι
480 2510 520 2550 ἐι
543 2509 567 2564 ἶ]
589 2508 726 2550 ἀὸικια
749 2511 816 2550 καὶ
839 2509 990 2563 &mula
1011 2510 1426 2552 καταόιναστεύουσι.
1454 2512 1587 2549 wass.

408 2542 514 2607 599.
541 2570 580 2607 8
613 2566 840 2606 Λυσανίαν
865 2590 910 2596 -
938 2589 986 2596 —-
1015 2563 1343 2620 Θρασύβουλον]
1381 2568 1424 2606 In
1446 2570 1568 2618 primo
1588 2569 1742 2605 nomine

291 2625 416 2660 variat
444 2621 687 2670 Xenophon,
725 2625 790 2670 qui
817 2637 894 2660 uno
926 2626 1011 2662 loco
1034 2622 1229 2671 Λέοντα,
1266 2626 1386 2661 altero
1416 2622 1588 2663 Λυσίαν
1618 2628 1742 2660 vocat.

292 2679 369 2715 Sed
390 2692 523 2716 verum
543 2691 682 2717 nomen
702 2685 761 2715 est
773 2678 956 2726 Λυσίας.
987 2679 1086 2718 Nam
1106 2687 1144 2718 et
1161 2682 1241 2731 ipse
1255 2679 1448 2718 Diodorus
1468 2680 1572 2718 infra
1590 2691 1625 2729 p.
1638 2679 1743 2719 386.
