1828 3253
356 166 418 204 IN
463 164 678 203 1.113.111.
722 162 848 203 CAP.
876 163 1119 206 4o.-42.
1368 163 1461 204 269

24 279 178 318 videtur
196 279 388 325 indicare3
413 290 486 316 nec
505 278 581 315 alia
599 289 707 315 mens
718 275 905 323 Diodoro,
928 288 1014 315 eum
1034 278 1075 314 in
1097 275 1158 313 his
1177 276 1290 314 rebus
1309 282 1462 313 secuto:

25 336 126 384 quod
148 344 274 372 tamen
290 337 429 372 falsum
440 347 526 371 cum
545 337 607 382 sit,
638 335 774 371 maluit
792 332 1093 371 Rliodomannus
1114 336 1264 381 utrique
1284 335 1464 369 versione

26 405 95 429 sua
118 405 351 438 succurrere,
378 397 416 427 et
432 403 554 441 usque
573 392 628 428 ud
644 392 813 428 alterum
833 393 1026 427 vertentis
1043 391 1141 426 anni
1159 396 1308 440 tempus
1327 388 1464 426 Latine

26 448 204 486 reddere:
236 447 424 496 quomodo
455 446 617 484 necdum
637 447 683 483 ab
714 459 842 483 errore
872 448 1048 483 inmunes
1073 452 1196 481 erunt.
1242 445 1324 481 Illis
1347 447 1464 491 enim,

27 507 92 554 qui
118 503 210 540 haec
230 506 314 540 loca
332 504 526 549 incolunt,
559 503 627 539 sub
647 504 856 540 solstitium
875 515 979 539 mero
1005 501 1165 538 meridie
1192 501 1347 537 umbrae
1371 514 1466 537 con·-

28 567 251 606 sumuntur‚
277 561 434 607 reliquis
453 559 501 596 ad
519 567 690 596 austrum
713 559 874 604 cadunt,
908 572 994 595 cum
1015 559 1151 594 ceteris
1171 559 1264 593 anni
1284 558 1466 605 tempori-

29 617 128 653 bus'
119 629 158 652 in
184 619 495 665 septemtrionem
526 618 784 666 porrigantur.
823 614 927 651 Bene
946 613 1097 650 Plinius
1115 612 1177 649 H.
1199 614 1274 652 29.
1305 612 1351 649 de
1371 613 1464 649 Pto-

28 671 189 709 lemaide
214 685 236 709 a
256 670 505 722 Philadelpho
535 672 691 708 condita
717 671 765 708 ad
795 677 956 709 venatus
980 669 1290 717 elephantorum,
1321 681 1394 716 qua
1417 669 1464 705 de

29 735 68 767 et
99 735 233 766 auctor
260 734 414 775 noster,
445 729 486 765 in
519 741 621 778 qua,
651 728 802 777 inquit,
829 728 1102 778 quadraginta
1134 728 1302 776 quinque
1331 724 1467 762 diebus

28 791 122 824 ante
158 784 391 831 solstitium,
431 785 666 834 totidemque
686 790 855 835 postea,
893 783 993 820 hora
1024 789 1140 819 sextu
1184 787 1467 818 consumuntur

27 841 189 881 umbrae
203 869 215 888 ,
245 847 286 877 et
303 843 343 878 in
361 842 563 878 meridiem
584 841 751 891 reliquis
771 840 880 877 horis
907 841 1075 885 cadunt,
1105 840 1249 875 ceteris
1273 838 1405 876 diebus
1425 840 1467 875 in

29 897 358 949 septemtrionem.
380 897 488 934 Adde
510 896 558 933 ls.
582 897 693 935 Voss.
726 899 769 933 in
790 895 912 933 Melae
937 895 1002 933 lll-
1023 898 1063 935 8.
1092 894 1232 931 W'Ess.

141 955 249 994 208.
276 955 351 994 29.
388 951 573 1003 Ψεκίων]
613 952 915 1004 Agatharchides
943 966 974 990 c.
996 952 1070 992 43.
1116 951 1312 989 Psebaeos
1342 951 1467 988 nomi-

26 1016 106 1048 nat.
144 1008 279 1046 RHoo.

143 1067 248 1106 208.
280 1064 351 1104 37.
388 1060 566 1114 Ὀρνέων
596 1062 680 1103 ἴδια
710 1061 834 1117 γένη]
875 1063 1054 1101 Fortasse
1073 1076 1122 1100 ex
1143 1065 1272 1101 avium
1294 1076 1338 1100 ea
1357 1064 1469 1111 copia

29 1124 99 1159 uni
129 1120 262 1159 harum
281 1121 495 1158 insularum
522 1134 662 1158 nomen
685 1124 813 1168 venit,
847 1133 957 1170 quam
977 1118 1129 1171 ὀρνέων
1152 1122 1279 1171 νῆσον
1305 1119 1468 1157 Ptolem.

31 1177 95 1216 lv.
117 1176 258 1228 Geogr.
282 1180 321 1217 8.
346 1185 461 1215 vocat
488 1185 526 1214 et
544 1180 586 1214 in
606 1177 674 1214 hac
695 1180 839 1215 vicinia
857 1179 968 1214 locat.
997 1177 1134 1214 Wess.

140 1235 246 1274 208.
273 1234 348 1273 41.
383 1230 607 1279 Ἀκουσιως
626 1230 763 1271 αὐτῶν
782 1238 873 1279 ταῖς
892 1231 1057 1286 λοᾳίαις
1075 1248 1122 1271 πε
1126 1229 1296 1300 pingam]
1326 1231 1470 1270 Eadem

29 1289 346 1356 Agatharchidis3
374 1289 441 1326 sed
470 1301 580 1338 quem
611 1291 709 1326 male
737 1291 1059 1339 interpretantur:
1090 1287 1138 1327 οὐ
1166 1303 1304 1338 μειτοι
1308 1303 1349 1340 1⁶
1375 1288 1468 1326 δια-

28 1342 266 1399 πεφώνηκεν
295 1342 450 1393 οὐὸεις,
498 1343 605 1398 πλὴν
637 1347 719 1384 τῶν
749 1341 1114 1398 πεοιπεπτωκότων
1144 1341 1348 1390 ἀκουσίως
1378 1348 1470 1390 ταῖς

31 1401 218 1456 λοφιάις,
247 1408 394 1440 nautas
414 1409 542 1440 tamen
573 1401 683 1440 haud
700 1407 862 1449 vexant,
889 1402 966 1439 nisi
986 1403 1020 1437 si
1040 1403 1105 1451 qui
1126 1408 1219 1447 etc.;
1245 1399 1470 1447 debuerant,

30 1472 140 1497 nemo
164 1466 294 1496 tamen
313 1460 450 1510 perit,
485 1459 565 1496 nisi
584 1466 655 1495 etc..
691 1470 787 1507 quae
817 1459 928 1495 verbi
957 1459 1017 1495 vis
1045 1459 1170 1493 rarior
1197 1458 1328 1493 multis
1357 1469 1470 1505 saepe

33 1515 162 1554 fraudi
180 1516 265 1553 fuit.
294 1514 406 1551 Philo
428 1514 509 1551 lud.
531 1515 578 1551 de
596 1514 708 1552 Nom.
729 1514 865 1552 Mutat.
884 1528 920 1564 p.
935 1515 1068 1554 1091.
1082 1513 1126 1550 Ε.
1148 1512 1190 1552 ἐν
1210 1528 1241 1551 ιο
1264 1510 1474 1582 (πολέμῳ)

31 1574 116 1610 τῶν
138 1568 494 1622 διαγωιισαμένων
516 1566 742 1623 ὁιεᾳώννσε
771 1568 924 1617 oium,
945 1568 1031 1609 ἀλλ’
1055 1567 1240 1619 ἅτοωτος
1266 1568 1333 1607 καὶ
1364 1571 1474 1615 σῶος

35 1626 258 1678 ἐπανῆλθε.
285 1626 466 1664 V2ertuut
499 1629 539 1664 in
567 1640 642 1677 quo
664 1628 934 1665 dimicantium
952 1639 1060 1664 nemo
1087 1628 1240 1664 discors
1259 1625 1372 1672 fuit,
1403 1626 1476 1664 sed

33 1685 170 1721 salvus
192 1689 231 1720 et
262 1682 466 1720 incolumis
493 1684 638 1721 rediit:
675 1683 862 1730 absurde3
894 1683 1148 1732 disparatum,
1178 1681 1279 1730 quod
1310 1684 1353 1719 in
1385 1694 1473 1719 ora-

35 1743 139 1777 tione
164 1746 243 1785 est,
266 1739 505 1788 expostulat,
534 1742 573 1776 in
597 1751 671 1790 quo
692 1740 962 1777 dimicantium
988 1751 1098 1776 nemo
1119 1740 1370 1776 desideratus
1401 1744 1474 1775 est.

35 1798 161 1844 Atque
180 1794 282 1832 hunc
311 1797 352 1832 in
372 1796 525 1832 modum
551 1795 807 1832 Alexandrini
831 1797 1058 1845 interpretes
1081 1795 1110 1832 Ι.
1139 1794 1303 1832 Samuel.
1333 1793 1472 1831 XXX.

41 1853 112 1894 19.
150 1851 306 1888 Numer.
325 1850 483 1889 XXXI.
501 1852 577 1891 49.
610 1851 751 1890 Ezech.
784 1851 997 1889 XXXVII.
1030 1854 1099 1891 ll.
1140 1850 1280 1887 Iudith.
1301 1850 1355 1891 X.
1387 1852 1473 1897 l3.‚

36 1916 80 1946 ut
98 1910 238 1957 optime
257 1907 426 1946 advertit
448 1907 497 1945 H.
519 1908 678 1945 Grotius
699 1911 739 1945 in
758 1906 882 1945 Exod.
901 1906 1048 1944 XXIV.
1078 1910 1146 1948 11.
1170 1907 1220 1943 W
1223 1917 1304 1944 Ess.

149 1966 256 2004 208.
281 1965 355 2004 42.
392 1961 481 2015 Trv
504 1978 579 2015 τνς
604 1959 819 2015 θαλάττης
845 1962 989 2017 ἄοσιν]
1025 1962 1146 2000 Credo
1167 1963 1297 2000 deesse
1314 1976 1475 2013 praepo-

36 2021 214 2058 sitionem
234 2019 458 2069 dedisseque
477 2028 670 2058 auctorem
696 2017 771 2071 τὴν
791 2020 834 2058 ἐκ
855 2023 931 2072 τῆς
950 2016 1188 2071 θαλάττηςς
1227 2016 1346 2071 αόσις
1369 2021 1473 2056 enim

34 2079 111 2128 τῆς
128 2072 363 2127 θαλάττης,
391 2084 429 2113 et
447 2074 565 2128 α’ρσις
593 2078 676 2115 τῶν
698 2071 915 2145 κυμάτων,
946 2076 1083 2113 fluctus
1113 2078 1253 2113 marini
1275 2083 1388 2122 suut,
1418 2077 1477 2112 al-

35 2135 114 2170 tius
136 2134 271 2171 evecti.
300 2131 416 2170 Recte
435 2132 708 2184 Agatharchid.
742 2129 843 2172 ὅταν
872 2131 916 2172 ἐκ
938 2135 1013 2185 τῆς
1039 2129 1255 2184 θαλάττης
1274 2129 1326 2170 τὰ
1345 2127 1476 2186 πρόσ-

37 2203 132 2228 ωπα
163 2183 442 2257 ἀναφήνωσιν.
478 2189 617 2227 ἎῙΕεε.

150 2245 257 2284 209.
283 2246 357 2286 46-
378 2242 449 2292 ‘Ag
468 2241 716 2296 ὀνομάζουσι
743 2242 951 2294 Ψεβαίας]
982 2243 1067 2282 Hoc
1086 2247 1183 2282 mire
1201 2245 1383 2292 placitum
1404 2249 1476 2281 est.

41 2298 75 2336 E
94 2300 284 2337 montibus
305 2301 504 2348 Psebaeu's,
536 2301 581 2338 de
601 2302 738 2349 quibus
758 2307 861 2347 ante,
890 2300 983 2338 haec
1004 2302 1265 2351 promontoria
1288 2302 1329 2337 in
1348 2304 1476 2338 sinum

41 2357 326 2403 procurrebant.
367 2356 515 2395 Forsan
534 2365 572 2394 et
590 2357 680 2394 hinc
700 2370 838 2394 nomen
857 2361 1003 2405 accepit
1033 2359 1158 2395 insula
1187 2355 1332 2406 Ψεβιὺ,
1363 2370 1477 2406 quam

41 2414 84 2448 in
106 2414 192 2448 sinu
213 2411 375 2450 Arabico
396 2413 641 2459 Aristoteles,
674 2427 739 2450 seu
759 2415 843 2461 quis
865 2414 964 2450 alius
986 2420 1119 2450 auctor
1137 2414 1225 2451 libri
1246 2413 1291 2449 de
1316 2413 1475 2459 Mundo,

45 2469 228 2513 collocat,
256 2475 294 2504 et
310 2469 470 2518 Apuleio
488 2471 659 2507 restituit
692 2468 748 2506 Cl.
779 2467 895 2505 Salm.
917 2470 959 2506 in
985 2468 1108 2506 Solin.
1138 2483 1172 2519 p.
1200 2471 1303 2509 782.
1341 2469 1476 2506 wass.

157 2525 264 2564 209·
290 2525 364 2564 49·
408 2522 671 2575 Ὀνομάζεται
704 2522 974 2577 Ποσείδειον]
1026 2524 1190 2562 Perinde
1219 2527 1294 2561 erit
1324 2524 1394 2561 hoc
1425 2537 1476 2562 an

45 2578 268 2618 Ποσείδιον
296 2582 426 2618 malis:
463 2582 568 2631 prius
585 2580 725 2618 Strabo
754 2580 856 2617 vlu.
884 2595 919 2631 p.
946 2582 1066 2626 534..
1095 2585 1282 2629 posterius
1301 2581 1407 2619 XVI.
1439 2594 1475 2630 p.

51 2637 186 2675 1122.
211 2634 251 2672 C.
283 2643 321 2672 et
339 2635 502 2674 Pausan.
520 2637 604 2677 Vll.
626 2639 699 2677 27.
721 2637 895 2686 probant.
933 2636 1017 2674 vid.
1041 2637 1224 2688 Sylburg.
1250 2638 1291 2673 in
1311 2637 1474 2674 Pausan.

46 2690 96 2729 Il.
119 2694 193 2732 26.
221 2704 256 2740 p.
281 2693 382 2732 171.
432 2692 591 2730 Orditur
620 2700 747 2730 autem
775 2706 863 2730 orae
894 2692 1079 2730 Arabicae
1107 2694 1401 2742 descriptionem
1429 2694 1477 2729 ab

45 2748 182 2785 intimo
200 2749 316 2785 maris
333 2761 500 2795 recessu,
522 2751 723 2798 paulloque
744 2762 859 2798 supra
878 2750 1005 2786 sinum
1024 2748 1295 2796 Aelaniticum,
1322 2762 1479 2800 prorsus

48 2810 92 2840 ut
119 2802 258 2842 Strabo
279 2803 388 2842 XVI.
417 2817 453 2855 p.
478 2807 611 2846 1122.
648 2805 784 2844 Wssss.
