1828 3253
345 129 408 171 46
798 124 1320 167 ANNOTATIONES

343 254 470 279 semen
489 241 571 279 diei
589 245 825 310 οοςηαΙίιιιης
852 241 965 290 plane
987 247 1030 279 ut
1048 242 1090 279 in
1109 239 1303 290 Aristoph.
1323 240 1470 279 Avibus
1503 239 1611 282 695.
1645 239 1783 281 Τι’κτει

341 294 572 348 πρώτιστοι
589 312 721 361 υπηνε
700 295 811 336 (mov
830 293 962 344 Νὺξ(
940 314 964 349 η
985 300 1059 349 με)
1051 294 1287 364 ανόπτερος
1308 294 1409 337 amv-
1437 295 1504 344 Ἐξ
1524 313 1573 336 ου
1601 300 1784 349 περιτελ-

342 349 538 404 λομέιαις
564 349 689 405 ὥραις
726 351 924 404 ἔβλαστεν
941 351 1075 407 ’Έρως
1105 350 1125 394 ὃ
1157 351 1372 401 ποθεινὸς,
1411 356 1578 391 omnium
1606 356 1782 405 primum

337 412 457 462 parit
471 416 668 446 ventosum
678 409 760 456 fut
763 423 812 447 va
833 410 924 448 Nox
948 424 1081 458 ovum,
1112 424 1131 448 e
1153 424 1228 477 qrb-o
1252 411 1488 463 temporibus
1518 412 1783 461 macti-spro—

336 466 555 517 pullulavit
571 466 692 503 Amor
711 468 867 504 desider
870 467 1009 504 abilis.-
1040 474 1130 504 sunt
1149 469 1252 505 enim
1272 481 1315 505 ea
1335 480 1383 504 ex
1412 470 1625 516 priscorum
1654 465 1782 503 Theo-

338 522 444 573 logia
470 523 654 560 derivata
707 523 983 574 Aegyptiorum
1014 525 1141 572 plures
1170 520 1242 563 τὸν
1272 521 1520 576 δημιουργὸν
1549 536 1617 560 seu
1652 535 1783 560 rerum

338 581 549 629 principem
569 593 741 617 caussam
765 580 918 632 (impla,
953 583 1109 629 eiusque
1138 593 1186 616 ex
1215 593 1279 617 ore
1308 580 1494 630 prodiisse
1515 593 1652 627 ovum,
1680 578 1781 627 quod

337 643 491 685 ruptum
520 636 697 673 effuderit
731 634 804 676 τὸν
838 634 942 675 (Οὐὰ
983 639 1064 674 sive
1100 637 1335 683 Vulcanum,
1373 643 1469 673 teste
1494 635 1710 686 Porphyrio
1738 638 1781 672 in

336 690 477 729 Euseb.
508 692 576 731 Ill.
599 692 641 729 Ρ.
660 692 706 729 Ε.
731 695 857 742 11..Ι).
880 694 982 733 115.
1015 695 1082 730 alii
1111 693 1254 730 Osirim
1282 693 1414 730 eodem
1442 705 1491 729 cx
1521 706 1594 730 ovo
1614 704 1781 742 progna-

337 756 419 787 tum
437 749 634 796 ferebant3
663 762 757 798 quos
778 748 952 798 Orpheus
971 756 1144 796 secutus,
1172 752 1280 787 cuius
1303 745 1565 802 πρωτόγονον
1593 745 1675 788 ὠὸν
1695 761 1781 786 cum

335 808 604 857 frangeretur,
630 805 860 854 Phanetem,
893 808 958 854 qui
986 819 1065 842 non
1092 808 1191 844 alius
1222 813 1337 854 atque
1369 806 1516 852 Osiris,
1549 807 1608 842 uti
1636 804 1781 842 dictum

339 877 371 900 c.
398 866 464 903 ll.
487 865 672 909 exclusit‚
701 865 743 899 in
763 861 964 913 Recognit.
989 861 1030 899 S.
1051 861 1232 900 Clement.
1251 862 1304 902 X.
1333 865 1403 903 18.
1424 869 1462 898 et
1489 861 1632 899 Homil.
1661 858 1779 899 Clem.

335 919 402 958 VI.
428 920 467 958 5.
489 932 534 955 ac
564 918 768 955 Damascio
797 922 839 956 in
867 919 991 966 Epist.
1019 919 1066 955 ad
1095 919 1148 956 Io.
1178 918 1274 956 Mill.
1304 917 1350 956 R.
1381 917 1532 956 Bentlei
1552 931 1590 968 p.
1618 918 1658 957 3.
1697 917 1780 955 Iam

335 989 422 1013 cum
450 975 618 1012 Phanete
649 987 697 1012 cx
726 988 800 1013 ovo
829 977 1051 1024 prosiliente
1078 973 1125 1014 τὸ
1158 977 1240 1013 πᾶν
1260 974 1301 1022 ἐξ
1333 973 1460 1013 αὐτοῦ
1493 972 1654 1025 ἔλαμψε
1685 977 1776 1011 uni-

333 1044 521 1080 versaque
550 1031 669 1069 radiis
698 1033 779 1068 eius
808 1033 1117 1078 illustrarentur,
1142 1042 1265 1078 neque
1291 1032 1388 1068 alius
1408 1033 1450 1067 in
1470 1029 1684 1081 Theologia
1704 1030 1779 1067 Or-

333 1088 446 1139 phica
466 1091 500 1125 is
521 1091 592 1135 sit,
622 1094 776 1125 auctore
795 1087 957 1136 ProcIo,
988 1101 1033 1124 ac
1052 1085 1185 1141 Έρως
1213 1089 1296 1125 sive
1325 1086 1495 1137 Cupido,
1525 1090 1617 1124 satis
1646 1090 1779 1136 utique

333 1151 512 1193 apparet,
554 1158 622 1181 cur
650 1144 781 1181 Osiris
805 1144 874 1181 hac
904 1147 945 1181 in
981 1146 1232 1193 inscriptione
1271 1158 1353 1181 sese
1392 1142 1554 1196 σπέρμα
1593 1141 1779 1196 συγγειές

331 1197 489 1255 ἡμέρας
519 1215 646 1239 semen
686 1202 767 1238 diei
803 1208 1013 1250 cognatum
1057 1201 1299 1249 profiteatur,
1350 1206 1388 1237 et
1416 1212 1597 1249 quorsum
1625 1197 1778 1238 Aristo-

333 1258 539 1309 phanicum
555 1258 652 1296 illud
669 1258 807 1295 referri
827 1264 1011 1307 oporteat.
1042 1258 1176 1296 Wssss.

448 1327 520 1366 32.
543 1328 615 1366 60.
634 1317 711 1364 Ων
741 1322 817 1377 ἔγω
850 1322 1089 1392 εὐεργέτης]
1116 1323 1271 1362 Mallem
1292 1320 1481 1377 εὑρετὴς,
1508 1322 1586 1361 nisi
1606 1323 1779 1361 obstaret

332 1383 513 1420 Isocratis
540 1382 688 1419 Busiris
717 1377 884 1433 τηὶικοί·
889 1396 969 1421 των
999 1379 1174 1433 ἀγαθῶν
1211 1378 1418 1434 εὐεργέτης
1443 1378 1706 1447 γεγενημένος
1732 1382 1776 1418 in

330 1438 490 1477 Laudat.
509 1453 544 1490 p.
568 1440 672 1478 333.
708 1438 985 1488 Intelliguntur
1013 1445 1142 1474 tamen
1170 1439 1297 1488 leges,
1327 1445 1428 1474 artes
1447 1439 1601 1484 variae,
1626 1439 1774 1484 vinum,

329 1496 483 1546 fruges,
532 1507 735 1543 earu-mque
769 1498 811 1532 in
845 1494 982 1532 horrea
1018 1494 1364 1542 conportandarum
1398 1493 1555 1541 modus;
1614 1504 1775 1542 quorum

332 1555 503 1590 omnium
524 1554 699 1590 inventi-0
722 1551 870 1588 Osiridi
889 1552 1072 1588 tribuitur
1091 1562 1170 1598 cap.
1195 1552 1265 1592 14.
1290 1552 1360 1591 15.
1387 1552 1457 1591 16.
1490 1549 1624 1589 Wnss.

442 1621 517 1660 32-
549 1622 621 1661 66.
670 1618 756 1659 Kal
785 1615 983 1658 mvff'wdmcov
1013 1616 1298 1669 ἐπικειμένων]
1346 1617 1535 1669 Legibus,
1571 1623 1688 1667 puto,
1729 1624 1774 1655 ut

329 1675 512 1724 Athenis,
539 1677 604 1714 ubi
635 1679 771 1714 scitum
801 1673 874 1715 τὸν
905 1674 975 1722 ἕξει
967 1671 1113 1714 ’πάντα
1142 1672 1195 1712 τὰ
1222 1688 1430 1728 μυστηρια
1453 1670 1673 1722 τεθνάναι,
1700 1686 1775 1723 qua

330 1734 376 1770 de
396 1735 480 1784 lege
499 1733 646 1770 Potitus
666 1732 756 1784 Leg.
779 1732 892 1769 Attio.
912 1744 947 1779 p.
970 1733 1042 1772 33.
1065 1737 1103 1768 et
1130 1733 1376 1780 persuasione
1396 1733 1527 1782 vulgi,
1555 1742 1629 1779 qua
1647 1738 1773 1767 motus

327 1788 547 1826 Herodotus
568 1803 653 1826 cum
671 1788 731 1826 his
753 1790 893 1826 similia
922 1793 1152 1837 exponeret,
1183 1785 1364 1838 εὔστομα
1393 1787 1547 1826 κεισθω
1575 1788 1775 1835 inquiebat

328 1844 377 1883 II.
404 1848 504 1886 171.
539 1844 633 1882 Cum
663 1846 799 1894 quibus
828 1851 957 1883 autem
982 1857 1104 1894 quave
1124 1844 1344 1881 conditione
1365 1856 1472 1880 sacra
1491 1850 1530 1880 et
1548 1843 1772 1893 disciplinas

327 1904 555 1940 occultiores
584 1904 867 1939 communicare
896 1903 1042 1940 fuerint
1069 1900 1221 1938 adsueti
1256 1900 1367 1937 docet
1393 1898 1568 1937 Clemens
1596 1899 1707 1938 Alex.
1726 1900 1773 1938 V.

332 1957 475 1995 Strom.
495 1972 530 2007 p.
553 1961 657 1999 670.
691 1959 826 1996 Wssss.

383 2018 384 2021 ¹
439 2027 512 2065 32.
536 2028 605 2066 71.
639 2025 712 2072 Εἷς
731 2025 995 2076 Βαβυλῶνα]
1022 2024 1212 2062 Videntur
1232 2023 1291 2063 his
1318 2038 1512 2076 pugnare,
1541 2036 1636 2074 quae
1657 2024 1706 2062 II.
1732 2026 1770 2066 1.

325 2094 461 2120 vernm
488 2084 568 2119 illic
599 2080 764 2120 Ctesiam
784 2084 975 2131 sequitur,
1002 2081 1062 2119 hic
1083 2081 1358 2132 Aegyptiorum
1377 2082 1615 2119 traditiones.
1670 2078 1772 2120 Nam

326 2138 428 2188 quod
448 2138 501 2175 Io.
521 2137 759 2176 Marshamus
780 2136 870 2175 Can.
894 2136 1034 2177 Chron.
1065 2151 1100 2187 p.
1125 2140 1227 2179 110.
1258 2137 1355 2175 hanc
1374 2137 1458 2176 Beli
1478 2139 1669 2176 coloniam
1689 2134 1770 2175 non

324 2193 560 2245 Babylonem
598 2195 663 2231 sed
698 2198 740 2232 in
768 2193 1020 2244 Babyloniam
1040 2195 1164 2232 videri
1184 2195 1385 2233 deductam
1413 2194 1607 2242 adfirmat,
1637 2195 1677 2232 id
1700 2207 1769 2231 ne-

326 2263 398 2299 que
429 2258 559 2288 tenere
588 2258 732 2300 potest‚
763 2263 886 2300 neque
916 2251 978 2288 hic
1003 2251 1273 2301 perscribitur,
1298 2259 1342 2289 ut
1370 2249 1466 2288 bene
1495 2250 1569 2288 lac.
1590 2251 1768 2289 Perizon-

327 2307 434 2354 Orig.
456 2306 590 2358 Babyl
609 2321 641 2344 c.
664 2308 702 2347 5.
728 2305 829 2343 De
807 2322 877 2346 ατε
880 2309 921 2346 λί-
910 2307 966 2345 sm.
988 2308 1240 2354 sacerdotum,
1260 2320 1333 2356 qua
1353 2309 1591 2356 publicorum
1610 2320 1769 2346 onerum

324 2366 500 2402 inmunes
522 2371 659 2410 erant,
697 2377 729 2401 c.
753 2365 824 2403 73.
862 2370 899 2400 et
927 2363 1205 2402 Chaldaeorum
1230 2364 1278 2402 11
1302 2366 1376 2405 29.
1405 2364 1541 2404 VVEss.

438 2432 510 2470 32
533 2433 605 2471 77.
632 2428 839 2482 Μιμουμε
839 2444 933 2477 νους
964 2429 1061 2478 τοὺς
1089 2429 1191 2484 παρ’
1224 2429 1500 2484 Αἰγυπτίοις]
1533 2428 1606 2469 His
1626 2432 1767 2469 similia

325 2499 358 2526 c.
385 2488 455 2529 53.
485 2486 627 2525 Contra
645 2501 689 2525 ea
712 2486 922 2538 Aegyptios
943 2502 965 2525 a
985 2488 1185 2526 Chaldaeis
1205 2489 1407 2526 sideralem
1429 2490 1629 2525 scientiam
1657 2500 1766 2524 acce-

323 2547 425 2592 pisse
446 2543 594 2592 loscph.
615 2543 643 2580 Ι.
663 2544 709 2580 Α.
729 2543 758 2580 Ι.
780 2547 820 2584 8.
843 2546 887 2583 2.
907 2551 945 2581 et
966 2545 1184 2583 Alexander
1204 2544 1392 2595 Polyliist.
1410 2546 1453 2582 in
1470 2544 1612 2582 Euseb.
1632 2543 1705 2581 IX.
1718 2542 1763 2580 P.

322 2599 369 2637 E.
395 2602 464 2641 17.
493 2607 665 2637 auctores
686 2606 787 2637 sunt.
823 2599 956 2638 WEss.

435 2667 508 2707 33.
530 2670 600 2708 80.
630 2667 877 2719 Συνοικῆσαι
906 2683 982 2720 την
1015 2663 1320 2722 ἀρχαιοτάτην]
1349 2663 1508 2719 Repono
1536 2667 1599 2705 hic
1626 2680 1764 2705 συνοι-
1827 2663 1828 2666 “

322 2720 556 2772 m'o'atpere,
592 2731 630 2761 et
656 2723 806 2763 οἶκισαι
825 2726 927 2761 linea
946 2728 1132 2773 sequenti.
1150 2725 1305 2762 STEPH.
1316 2733 1354 2762 et
1365 2724 1499 2762 RHOD.
1528 2721 1765 2762 Συνοικίσαι

321 2777 423 2831 τὴν]
459 2780 580 2819 Parui
608 2783 705 2819 viris
735 2783 919 2831 egregiiS.
947 2783 1118 2831 postulat
1146 2784 1250 2821 enim
1270 2789 1472 2832 utrumque
1492 2782 1678 2819 ‘sermonis
1697 2791 1764 2829 ge·-
