1828 3253
325 109 414 148 572
778 100 1300 143 ANNOTATloNsss

429 219 536 259 487.
568 219 642 258 98.
693 213 781 258 Τὸν
811 213 1046 268 νομοθέτην
1077 215 1182 270 φασὶ
1204 212 1475 269 Χαρώνδαν]
1513 217 1649 256 Avulsi
1666 217 1760 256 haec

314 288 342 316 ,a
360 275 643 324 superioribus,
672 280 711 311 et
737 287 897 321 versus,
924 279 966 310 ut
985 280 1097 319 sunt,
1120 286 1202 310 esse
1219 274 1326 310 iussi.
1372 272 1540 310 Tantum
1560 276 1692 312 ταῦτα
1716 276 1760 312 in

318 332 450 378 ταυτὶ,
472 344 519 367 ne
545 343 677 368 versus
704 331 855 368 modulo
885 336 1052 376 noceret,
1073 330 1261 375 converti,
1284 330 1485 366 obsecutus
1506 329 1760 377 CLBentleio,

318 391 385 435 qui
424 390 568 437 primus
607 389 777 424 omnium
817 386 1163 435 animadverterat,
1210 385 1313 423 Diss.
1355 386 1402 423 de
1428 385 1536 423 Phal.
1566 385 1688 436 Epist.
1722 398 1758 434 p.

318 446 425 484 375.
454 443 587 480 lVEss.
823 443 837 459 ⁴*

429 502 537 540 487.
561 501 603 539 4.
641 496 725 537 Εἶτ’
749 495 936 548 ἐπέτυχες
963 493 1040 550 γάρ
1072 512 1172 551 φησι
1198 492 1359 549 γήμας]
1390 497 1513 535 Illust.
1540 498 1698 537 Grotius
1718 499 1760 535 in

314 555 497 606 Excerpt.
531 555 648 606 Trag.
668 564 738 591 etc.
768 569 802 604 p.
827 556 933 594 919.
963 568 1116 592 versum
1147 556 1264 605 legit,

485 610 569 651 Εἶτ’
608 610 795 660 ἐπέτυχες
824 608 901 663 γὰρ
934 608 981 649 τὸ
1013 607 1212 662 πρότερον
1242 605 1377 662 γήμας
1406 610 1510 664 φίλε·

315 669 479 706 fortasse
498 668 666 705 offensus
698 669 755 720 τῷ
779 667 904 721 φησὶ,
933 667 1033 715 quod
1054 667 1101 703 ad
1124 665 1365 703 Charondam
1386 670 1576 715 pertinere
1603 666 1761 715 adparet

314 727 537 761 clarissime.
588 723 680 761 Mox
711 737 779 772 pro
811 723 951 776 πείρας
990 721 1181 774 δευτέρας
1213 724 1353 772 λαβεῖν
1391 725 1474 773 lege
1505 737 1588 760 cum
1627 723 1760 760 eodem

314 780 489 818 Bentleio
518 786 660 831 πεῖραν
689 778 901 828 δευτέρας,
928 781 1107 829 coniugis
1130 781 1332 826 nimirum,
1364 786 1407 816 ut
1436 779 1478 817 L.
1502 779 1531 819 l.
1559 781 1629 819 59.
1669 776 1759 831 ἥτις

314 843 457 888 πεῖραν
486 834 637 886 ἀνδρὸς
664 833 739 874 οῖ”κ
771 831 1117 888 ÷}7.22q÷21÷‘z÷'90v,
1147 841 1185 870 et
1214 836 1396 872 similium
1418 837 1458 872 in
1481 836 1667 872 secundas
1686 848 1759 871 nu-

314 898 412 943 ptias
442 894 752 930 criminationum
784 893 974 929 desiderio
1005 895 1037 929 si
1066 893 1254 937 tenearis,
1282 891 1440 930 decurre
1468 892 1514 928 ad
1548 891 1686 930 Athen.
1715 890 1758 927 L.

317 950 426 988 Xill.
457 963 491 998 p.
516 950 633 993 559,
656 949 720 984 ubi
742 963 872 985 eorum
893 950 1000 999 larga
1027 961 1147 998 seges.
1179 947 1316 984 lVESS.

423 1007 531 1046 487.
571 1007 638 1045 10.
681 1001 812 1058 Νόμῳ
842 1001 1120 1055 τεθαύμακα]
1166 1003 1272 1041 Haec
1303 1003 1451 1053 phrasis
1472 1005 1610 1040 vitium
1630 1010 1754 1051 sonat,

313 1068 351 1098 et
375 1075 452 1098 vox
475 1057 588 1115 νόμῳ
613 1061 725 1097 habet
743 1068 872 1098 notam
892 1061 1199 1109 superscriptam.
1228 1059 1342 1097 Forte
1366 1062 1571 1107 scripserat
1594 1062 1649 1114 νῷ
1671 1061 1754 1110 μοῦ

311 1115 583 1169 τεθαύμακα,
613 1120 651 1154 in
681 1125 807 1155 mente
835 1131 922 1155 mea
951 1120 1123 1156 ruit-atus
1155 1129 1251 1155 sum.
1282 1116 1411 1154 PALM.
1458 1115 1603 1153 Retulit
1637 1116 1757 1153 illust,

313 1173 362 1210 H.
385 1174 545 1211 Grotius
566 1177 607 1210 in
627 1173 806 1222 Excerpt.
828 1174 983 1225 Tragic.
1003 1181 1072 1210 etc.
1103 1186 1139 1222 p.
1163 1174 1266 1213 769.
1297 1173 1368 1210 hoc
1393 1172 1628 1209 Philemonis
1650 1174 1756 1223 frag-

313 1238 483 1267 mentum
502 1231 550 1267 ad
570 1229 675 1271 Fab...
704 1233 765 1267 cui
784 1226 929 1281 Νόμος
948 1232 1104 1278 titulus,
1136 1229 1394 1278 distractaque
1409 1229 1504 1266 adeo
1524 1225 1638 1283 νόμῳ
1661 1242 1756 1267 voce

313 1300 338 1325 a
357 1288 627 1336 sequentibuS,
658 1289 770 1338 legit:
804 1285 1013 1326 NOMQc·

483 1364 531 1371 —-·
597 1364 644 1370 --
693 1339 936 1393 Tetffim'quax'
962 1340 1036 1383 οὐκ
1065 1341 1149 1381 ἐπεὶ

477 1397 735 1445 Πέῑτλεῑγεν,
764 1397 849 1437 ἀλλ’
875 1398 908 1437 εἰ
941 1397 1002 1445 dig
1031 1397 1225 1438 πέπλευκε
1249 1419 1296 1426 -

312 1455 365 1493 lo.
388 1454 582 1503 Clericus,
612 1469 698 1493 cum
720 1456 880 1493 Grotius
902 1463 1109 1502 auctorem,
1134 1455 1235 1491 unde
1256 1454 1349 1490 haec
1370 1459 1570 1499 sumserat,
1599 1453 1754 1504 signare

310 1514 570 1562 neglexisset,
603 1515 733 1563 magni
762 1512 868 1549 ducis
897 1512 1076 1562 vestigiis
1109 1510 1333 1556 inhaerens,
1367 1512 1600 1558 praescripto
1629 1517 1755 1547 tamen

311 1571 424 1605 titulo
456 1569 532 1606 ΕΚ
554 1569 671 1607 ΤΟΥ
686 1568 866 1607 ΝΟΖΗΟ
877 1567 929 1614 Y,
961 1569 1044 1616 pari
1067 1567 1178 1604 modo
1200 1567 1355 1603 exhibet
1374 1566 1585 1603 Philemon.
1604 1565 1753 1616 Fragm.

310 1637 345 1673 p.
372 1627 498 1671 316.;
529 1626 611 1660 sine
643 1625 756 1661 dubio
785 1625 997 1674 ingeniose,
1047 1624 1088 1661 ld
1120 1625 1242 1661 solum
1264 1622 1624 1672 perinconmodum,
1653 1624 1756 1672 quod

309 1695 421 1718 nemo
452 1683 652 1730 quisquam
675 1689 846 1718 veterum
874 1680 1041 1717 Fabulae
1072 1679 1328 1727 Philemonis,
1357 1681 1418 1717 cui
1441 1678 1663 1718 NOMOE
1687 1682 1753 1716 in·-

310 1741 495 1788 scriptuS,
526 1739 757 1775 meminerit.
805 1736 963 1774 Diceres
994 1738 1108 1773 etiam
1145 1749 1284 1773 nomen
1315 1737 1396 1772 eius
1434 1735 1534 1772 unde
1566 1734 1657 1771 haec
1685 1736 1753 1772 de-

308 1801 470 1844 promta,
491 1794 610 1831 fuisse
629 1792 1180 1839 leYTJJlAOIHENOJ,
1208 1800 1274 1829 aut
1293 1798 1395 1829 certe
1414 1791 1757 1831 HOAAAKIE

307 1850 855 1891 NAYTIAAOMENOI.
906 1849 992 1886 Hoc
1022 1851 1123 1887 enim
1151 1850 1346 1900 requirere
1377 1847 1557 1885 videntur
1585 1849 1753 1884 auctoris

308 1908 426 1946 verba
446 1902 681 1959 γράφοντος
701 1903 794 1952 τοὺς
821 1901 1014 1952 πολλάκις
1034 1903 1386 1955 ναὺτιλλομένους,
1407 1917 1491 1941 cum
1513 1905 1754 1941 comoediam

306 1965 523 2012 scriberet,
557 1959 752 2009 πολλάκις
770 1960 1110 2013 ναυτιλλομένους
1129 1963 1287 2000 dietam.
1324 1959 1441 1997 Cuius
1460 1960 1662 2007 dramatis,
1694 1961 1752 1998 fa-

308 2022 416 2058 tebor
436 2023 560 2067 enim,
590 2021 696 2056 nulla
723 2018 817 2056 mihi
840 2019 994 2069 quidem
1023 2018 1117 2054 alibi
1146 2023 1297 2065 reperta
1316 2019 1498 2054 memoria
1522 2023 1600 2052 est:
1629 2030 1752 2066 neque

310 2091 354 2115 ea
374 2084 502 2114 tamen
522 2079 645 2122 iusta,
672 2083 715 2112 ut
736 2083 959 2125 spernatur,
989 2087 1122 2111 caussa
1144 2074 1356 2111 habebitur.
1391 2073 1512 2116 Quam
1533 2075 1634 2110 enim
1654 2087 1752 2122 pau-

308 2147 373 2171 cae
405 2146 453 2171 ex
485 2134 565 2171 illis
596 2143 648 2170 xc
677 2131 915 2169 Philemonis
943 2130 1120 2176 Fabulis,
1149 2143 1242 2181 quas
1273 2143 1296 2166 a
1323 2127 1445 2165 Suida
1470 2131 1631 2178 scriptas
1659 2131 1753 2166 reli-

307 2193 434 2239 quisse
455 2189 697 2236 perhibetur,
724 2190 763 2225 in
785 2195 956 2225 veterum
986 2188 1278 2232 eonmentariis,
1306 2190 1585 2230 memorantur,
1612 2198 1751 2221 recen-

308 2248 403 2284 sitae
426 2253 509 2295 post
529 2245 658 2282 Grotii
689 2258 840 2293 operam
868 2258 890 2281 a
913 2245 953 2281 L.
977 2243 1143 2280 Kustero
1168 2249 1205 2278 et
1228 2241 1280 2279 lo.
1310 2242 1394 2278 Alb.
1423 2240 1626 2277 Fabricio?
1664 2240 1749 2277 Hoc

307 2303 401 2339 mihi
422 2315 514 2338 vero
536 2304 568 2337 si
591 2301 763 2348 dederis,
793 2308 831 2338 et
850 2302 1018 2351 postulat
1046 2313 1163 2349 paene
1183 2298 1398 2345 Diodorus,
1429 2298 1650 2345 suspicabor
1681 2311 1748 2335 ve-

306 2361 409 2398 nisse
430 2372 453 2395 a
476 2357 718 2396 Philemone:

478 2435 526 2441 --
591 2435 639 2443 -·-
699 2410 868 2463 Οἴμοιέ
897 2407 1127 2464 τεθαύμαί
1160 2407 1233 2450 οὐκ
1265 2407 1349 2448 ἐπεὶ

473 2468 736 2516 Πέπλευκεν,
762 2467 847 2508 ἀλλ’
883 2469 917 2508 έῖ
945 2468 1007 2514 δὶς
1038 2466 1245 2506 πέπλευκε.
1278 2487 1326 2495 --

305 2526 384 2565 Sed
404 2527 626 2576 suspicabor
648 2532 808 2564 tantum.
839 2527 911 2570 Qui
929 2525 1031 2562 enim
1051 2525 1210 2562 meliora
1226 2523 1444 2572 coniecerit,
1476 2534 1562 2558 eum
1587 2532 1658 2571 ego
1679 2532 1747 2558 va-

306 2591 382 2622 tem
404 2583 610 2631 perhibebo
641 2585 836 2630 optimum.
878 2582 1012 2619 WVESS.

416 2640 523 2680 488.
546 2640 620 2679 31.
650 2635 921 2691 Ἔκφαίνεταί
938 2651 998 2683 τις
1017 2635 1172 2675 ἐπίνοια
1191 2636 1264 2674 τοῦ
1287 2631 1549 2685 νομοθέτου]
1578 2631 1746 2682 Egregia

303 2696 474 2745 profecto
495 2703 532 2732 et
553 2697 689 2732 summi
710 2695 862 2731 consilii
882 2696 1004 2742 plena.
1033 2691 1176 2738 Solon,
1205 2694 1275 2728 etsi
1295 2703 1373 2727 non
1393 2690 1605 2726 seiunxerit
1626 2688 1745 2724 bono-

303 2765 388 2788 rum
421 2760 533 2801 atque
562 2751 800 2788 educationis
832 2763 984 2796 curam,
1015 2749 1132 2785 simili
1151 2760 1200 2784 ex
1229 2759 1363 2784 caussa
1385 2752 1546 2796 agnatos
1575 2757 1598 2781 a.
1627 2745 1746 2780 tutela
