1828 3253
265 142 328 182 64
733 137 1245 178 ANNOTATIONES

265 254 555 305 inquisitionem
582 253 687 292 laudi
718 255 802 292 eius
832 252 958 302 cedit,
986 254 1044 292 uti
1071 261 1110 292 et
1129 252 1277 292 Ctesiac
1297 253 1400 292 infra
1417 252 1467 292 11.
1489 254 1562 295 32.
1587 253 1698 293 conf.

263 310 312 348 D.
343 310 544 348 Heinsium
572 308 677 347 Lect.
704 309 900 348 Theocrit.
930 324 963 347 c.
988 311 1026 350 5.
1061 310 1145 350 Nili
1178 313 1366 362 originem
1397 317 1436 347 et
1463 312 1699 350 incrementa

261 366 377 404 habes
396 368 438 403 in
456 365 642 404 Herodoti
666 365 713 404 ll.
741 368 811 407 19.
833 373 904 404 etc.
930 366 1065 407 YVESS.

375 423 450 462 44.
472 423 544 462 34.
579 425 674 462 Τῶν
702 420 841 463 τόπων
869 425 951 462 τῶν
980 420 1075 462 κατ’
1110 419 1354 475 Al'yvn‘cov]
1393 421 1452 460 De
1472 422 1697 473 Thucydide

263 478 336 516 hoc
355 482 538 528 scriptum
557 482 710 516 nollem.
768 481 872 524 Quae
892 480 938 516 de
960 479 1072 517 lnaro
1092 481 1124 517 is
1155 487 1194 516 et
1212 479 1507 517 Atheniensibus
1537 492 1699 517 comme-

263 543 390 573 morat
407 535 436 573 1.
460 537 561 577 104.
586 537 688 576 109.
705 538 832 573 omnia
851 538 927 573 alia
946 535 1096 572 docent.
1121 536 1254 573 WEss.

373 593 448 632 45.
475 594 549 633 41.
586 589 699 631 Ἀλλ’
733 590 828 631 οὐδὲ
858 591 975 643 μέχρι
1004 594 1088 631 τῶν
1119 589 1254 646 ὅρων]
1294 592 1378 643 Ipse
1414 590 1607 630 Diodorus
1638 591 1699 629 his

263 650 375 698 plane
403 650 565 687 adversa
591 648 775 686 scribitl.
798 651 870 689 67.
900 649 1034 687 WEss.

375 706 450 745 45.
465 707 540 746 42.
560 702 650 752 ’.ῗῄίξ
635 720 703 744 ενα
726 701 859 743 πάντα
879 721 930 755 ην
951 703 1003 743 τὰ
1023 703 1113 758 περὶ
1134 701 1256 754 τους]
1286 704 1433 742 Iustum
1451 704 1524 741 hoc
1546 712 1584 741 et
1602 705 1700 755 legi-

262 763 395 800 timum
415 770 482 799 est
541 760 606 799 Sic
630 761 706 798 XV
710 761 757 798 Π-
783 763 854 802 82.
875 757 997 808 ἄξενα
1016 761 1084 800 καὶ
1109 758 1336 812 ἀνεπίβατα
1365 758 1500 802 πάντα
1518 758 1571 800 τὰ
1594 760 1700 813 μέρη

260 821 335 870 τῆς
349 814 491 870 χώρας
510 814 702 870 ὑπῆρχε).
738 817 788 855 W
792 829 872 855 Ess.

375 876 448 914 45.
489 876 563 915 45.
621 870 804 926 Πρώτου
849 869 1204 928 στρατείπαντος]
1257 874 1332 912 P1
1316 886 1414 912 umus
1461 872 1702 911 Ptolemaeus

260 930 531 979 Philadelphus
557 931 612 968 Τι·
616 933 862 981 oglodyticen
883 934 1079 978 excussit,
1105 939 1148 968 ut
1166 930 1316 968 Plinius
1335 934 1412 977 ait,
1441 938 1479 967 et
1497 933 1539 967 in
1559 930 1702 967 finibus

261 988 487 1038 Aethiopiae
506 988 781 1025 Ptolemaidem
803 988 852 1024 ad
869 994 1032 1026 venatus
1059 986 1345 1038 elephantorum
1358 987 1543 1034 condidit,
1566 985 1630 1023 Vl.
1651 984 1701 1022 H.

261 1046 310 1084 N.
332 1047 404 1086 29.
436 1044 736 1095 Elephantorum
764 1047 866 1082 enim
893 1057 1028 1082 caussa
1057 1058 1141 1081 eam
1166 1044 1450 1092 expeditionem
1485 1045 1703 1093 ingressum

263 1117 344 1139 esse
367 1102 469 1139 filius
488 1102 698 1153 Euergetes
721 1101 868 1138 indic-at
887 1104 929 1138 in
949 1114 1135 1138 marmore
1166 1100 1374 1138 Adulitano
1407 1099 1507 1149 apud
1526 1098 1702 1136 cosmam

262 1159 532 1208 Indicopleust.
552 1158 599 1195 ll.
619 1157 890 1209 Cosmograph.
912 1170 948 1206 Ρ.
979 1159 1083 1198 141.
1119 1157 1254 1196 VVESS.

374 1217 448 1255 45.
474 1216 543 1255 50.
574 1213 712 1265 ΖΙΙὲχρι
733 1214 860 1253 τῶνδε
890 1216 972 1253 τῶν
1003 1210 1358 1266 ἱστοριογράφον]
1389 1212 1573 1262 Apposita
1600 1224 1703 1248 mar-

264 1274 348 1324 gini
366 1275 478 1309 lectio
498 1271 592 1308 mihi
611 1273 736 1319 potior
755 1271 930 1318 videtur,
958 1271 1058 1319 quod
1078 1278 1116 1307 et
1142 1269 1235 1307 alibi
1256 1272 1309 1307 ita
1326 1271 1525 1319 loquatur,
1554 1269 1587 1305 si
1606 1269 1702 1304 bene

262 1331 429 1366 memini.
460 1327 676 1365 Retinendo
698 1330 855 1365 alteram
877 1341 925 1363 ex
950 1326 1079 1366 τῶνδε
1099 1327 1266 1364 facerem
1285 1327 1419 1372 τοῦδε,
1439 1324 1701 1362 subaudiendo

259 1401 428 1438 290101
455 1392 500 1422 ut
519 1383 696 1422 dieitur
679 1385 720 1431 ἐξ
743 1383 790 1437 ρῖ)
813 1391 851 1420 et
869 1381 948 1437 ἀφ’
984 1382 1054 1431 οὑ,
1084 1383 1344 1420 subaudiendo
1367 1378 1542 1433 χρόνοι,
1574 1383 1702 1429 potius

264 1455 377 1492 quam
404 1441 444 1488 ἐξ
474 1440 530 1481 (ὃν
560 1448 598 1477 et
626 1438 703 1495 ἀφ’
730 1439 808 1487 ὡν,
838 1440 1099 1478 subaudiendo
1113 1454 1289 1493 χρυιων.
1318 1438 1472 1475 STEPH.
1525 1436 1704 1474 Restituo

265 1513 351 1536 cum
371 1497 420 1535 H.
441 1497 636 1547 Stephano
662 1497 804 1544 τοῦδε,
831 1504 873 1534 ut
892 1499 1131 1547 intelligatur
1160 1498 1232 1534 τοῦ
1258 1492 1435 1563 A96wv>5
1462 1496 1527 1532 vel
1545 1494 1703 1546 καιροῦ.

263 1556 431 1604 Itemque.
462 1551 644 1601 azonem,
673 1567 741 1603 pro
774 1551 815 1592 ἀ·
802 1551 923 1605 κυῆν,
948 1560 993 1590 ut
1019 1556 1070 1590 sit
1101 1555 1273 1603 enallage
1305 1565 1373 1601 pro
1409 1548 1595 1590 ἀκοῦσαι.
1649 1548 1702 1585 Et

264 1615 460 1661 aliquanto
483 1618 586 1660 post,
619 1623 688 1658 pro
711 1609 765 1655 εἷς
785 1610 920 1648 πίστιν
943 1607 1079 1649 αὐτῶ]
1091 1637 1102 1657 ,
1131 1611 1215 1660 lege
1235 1623 1319 1645 cum
1341 1608 1473 1644 eodem
1492 1606 1575 1652 εἷς
1566 1604 1702 1644 πίστιν

266 1666 405 1714 αὐτὸν,
430 1675 474 1705 ut
495 1669 686 1704 referatur
707 1667 754 1704 ad
775 1662 1091 1716 προσδεόιιειὛοι
1122 1664 1451 1715 R1101).7H÷'A9t
1470 1662 1598 1702 τῶνδε
1619 1663 1702 1701 τῶν

265 1724 455 1775 ἱστοριῶν
485 1722 785 1777 γραφομένων]
815 1721 963 1772 Sequor
982 1721 1030 1759 H.
1062 1721 1248 1770 Stephani
1267 1728 1305 1758 et
1334 1721 1507 1758 codicum
1531 1725 1704 1756 vetusto-

263 1795 349 1818 rum
383 1781 578 1819 iudicium.
637 1778 780 1817 Contra
817 1777 1029 1816 Diodorum
1067 1786 1195 1816 tamen
1238 1780 1347 1816 venit
1388 1777 1617 1814 Aristoteles
1659 1777 1702 1811 in

262 1837 443 1875 Biblioth.
476 1836 605 1873 Photii
636 1835 727 1873 Cod.
755 1835 961 1873 CCXLIX.
996 1847 1031 1884 p.
1064 1837 1200 1876 1322.
1233 1841 1270 1871 et
1298 1832 1572 1871 Eratosthenes
1601 1830 1703 1880 apud

262 1894 469 1931 Proclum'
459 1907 500 1930 in
521 1892 720 1930 Timaeum
740 1906 774 1942 Ρ.
797 1894 869 1932 37.
897 1892 947 1929 W
951 1903 1030 1928 Ess.

374 1951 450 1989 45.
477 1951 547 1990 51
581 1947 686 1989 Οὐδ’
711 1947 838 2000 ἀκοὴν
859 1944 1116 2001 ἀπεφήνατο]
1146 1946 1323 1984 Fortasse
1343 1942 1516 1985 ἀκοῦσαι
1540 1948 1705 1995 scripse-

263 2013 324 2044 rat
344 2006 558 2052 Diodorus,
581 2014 624 2042 ut
643 2001 878 2058 ἒωρακέιαι.
906 2007 1048 2054 alioqui
1077 2000 1235 2043 ἀκούει)
1269 2005 1435 2041 vicinius
1463 2010 1520 2039 est
1548 2014 1704 2039 accusa-

264 2066 348 2100 tivo
377 2059 517 2114 ἀκοιξαι
555 2061 707 2099 Smpn.
773 2061 882 2099 Nihil
908 2062 992 2109 hic,
1037 2062 1191 2099 tametsi
1228 2059 1328 2099 Clar.
1360 2060 1402 2099 2.
1441 2061 1710 2096 coniecturam-

267 2119 451 2169 Stephani
489 2122 619 2166 iuvet,
666 2125 782 2156 muto.
846 2119 1055 2169 Vulgatuin
1095 2119 1233 2154 cultius
1277 2123 1335 2153 est
1372 2122 1410 2152 et
1449 2116 1550 2152 idem
1588 2117 1702 2165 plano

266 2176 460 2226 significat
488 2181 601 2225 atque
633 2175 752 2222 illud,
784 2175 884 2223 quod
905 2178 986 2212 eius
1014 2175 1203 2211 inlocum
1236 2172 1458 2210 intruditur.
1513 2171 1702 2209 Aristides

267 2231 645 2299 Τ.111.Ρ.579(.8ἱ
664 2231 753 2269 He]
747 2233 895 2269 odotus
915 2245 1084 2282 unquam
1113 2228 1426 2282 Elephantinen,
1452 2234 1499 2266 ut
1523 2231 1606 2276 ait,
1633 2241 1703 2265 ve-

265 2291 408 2335 nisset,
435 2286 530 2327 ἐσθ’
568 2285 678 2334 ὅπως
709 2287 975 2341 πρῶτονμὲν
1008 2285 1134 2339 ἀκοην
1165 2287 1362 2340 διηγεῖτο,
1387 2284 1477 2337 περὶ
1499 2284 1555 2325 ὡν
1576 2281 1703 2332 tidem

256 2346 406 2394 fierine
427 2347 584 2396 potuit,
620 2352 666 2382 ut
696 2359 745 2382 ez·
772 2346 911 2382 auditu
943 2358 991 2382 ea
1019 2350 1233 2391 narraret,
1269 2356 1370 2394 quae
1399 2343 1561 2379 viderat
1590 2339 1704 2393 ilvae?

268 2402 402 2438 Simile
426 2408 483 2438 est
511 2404 552 2438 in
579 2401 705 2439 Attica
733 2403 839 2452 lege,
868 2413 980 2450 quam
999 2400 1244 2438 Demosthen.
1265 2399 1313 2436 11.
1336 2405 1437 2445 cont.
1458 2397 1637 2448 Stephan.
1664 2409 1702 2445 Ρ.

269 2458 375 2498 634.
410 2459 632 2507 exscripsit,
658 2455 785 2508 ἀκοὴν
815 2453 915 2496 εἶναι
957 2462 1182 2510 μαρτυρεῖν
1221 2458 1469 2503 τεθνεῶτος,
1501 2456 1622 2492 licere
1653 2455 1704 2492 de

265 2527 351 2552 mor
354 2521 440 2560 tuo,
471 2516 514 2551 id
531 2516 633 2565 quod
653 2515 792 2552 auditu
813 2516 1039 2565 acceperis,
1066 2515 1219 2550 testari.
1276 2511 1350 2549 Pro
1372 2523 1445 2559 quo
1473 2508 1575 2565 ἀκοῇ
1594 2524 1702 2561 μαρ-

266 2576 383 2622 τυρεῖ
382 2586 401 2608 ν
421 2584 522 2607 nnnc
542 2571 693 2618 quidem
712 2572 852 2621 legitur
866 2573 908 2608 in
929 2570 1112 2607 Oratione
1135 2569 1234 2606 isaei
1253 2569 1297 2605 de
1314 2567 1538 2606 Philoctem.
1551 2553 1700 2604 Hered.

267 2640 303 2675 p.
328 2629 422 2674 01„
460 2626 548 2675 sed,
585 2629 643 2664 uti
675 2634 844 2675 oportet,
879 2629 923 2664 in
951 2640 995 2664 ca
1025 2626 1072 2663 de
1095 2625 1222 2663 Ciron.
1250 2624 1391 2662 Hered.
1411 2638 1448 2674 p.
1470 2625 1542 2664 70.
1571 2630 1609 2660 et
1630 2624 1701 2662 72.

266 2684 399 2721 Wnss.

376 2740 451 2779 45.
479 2740 550 2779 54.
578 2736 678 2778 Ἀπὸ
708 2740 782 2778 τοῦ
815 2734 1126 2791 περιῇῥέοντος]
1164 2738 1396 2789 perstringit
1421 2733 1521 2775 hanc
1555 2736 1704 2784 opinio-

265 2808 352 2833 nem
371 2795 555 2836 Herodot.
579 2795 627 2833 11.
648 2797 724 2836 21.
743 2802 781 2833 et
797 2796 871 2835 23.
901 2795 1033 2834 Wass.
