1828 3253
460 138 523 178 1N
553 137 667 178 LIB.
692 137 738 178 V.
775 136 902 178 CAP.
941 138 1012 189 50.
1037 160 1085 168 -
1112 140 1184 181 52.
1433 148 1524 191 451

79 253 428 301 rumferlilitate,
455 254 532 291 alii
560 251 741 290 Siciliam
760 253 971 298 minorem,
1004 258 1078 289 aut
1100 253 1311 305 Callipolim
1340 259 1519 311 adpella-

77 317 182 346 runt.
211 308 331 346 Porro
343 310 489 353 Naxios
509 323 597 346 suae
612 309 757 345 insulae
779 307 919 345 Bacchi
938 310 1084 345 natales
1105 312 1374 362 contribuisse,
1394 319 1518 367 signi-

76 365 209 403 ficavit
229 373 266 402 ct
286 366 326 402 L.
348 365 412 402 III.
437 366 509 405 64.
537 363 743 401 Diodorus.
774 364 908 401 lVEss.

187 443 290 481 372,
321 441 395 481 4]-
440 440 523 479 Καὶ
549 438 713 493 Κλίὸῃ]
745 439 918 476 Assumsi
942 439 1083 479 Κλέίὸι
1105 443 1146 478 in
1173 447 1346 494 margine
1369 447 1514 485 adseri-

75 504 191 544 ptum.
216 497 350 534 Ram).
381 495 464 535 Καὶ
484 494 653 545 Κλείδι]
685 496 789 533 Idem
811 503 849 532 et
878 509 948 546 ego
972 499 1164 534 revocavi.
1206 498 1308 537 Clez‘s
1337 514 1414 539 non
1435 506 1512 542 alia

73 553 227 590 videtur
246 567 289 590 ac
313 553 446 597 Cleia,
479 564 589 601 quam
618 554 719 588 inter
746 551 888 588 Bacchi
916 554 1086 589 nutrices
1108 552 1299 592 Hesiodus
1319 562 1512 597 recensuit

74 622 118 644 eo
153 622 287 653 versu,
325 611 389 656 qui
419 607 590 645 Theonis
620 608 823 658 diligentia
852 615 1026 646 servatus
1056 610 1199 660 legitur
1231 613 1273 649 in
1303 612 1432 652 Schol.
1462 615 1510 653 ad

71 663 230 702 Aratum
248 664 453 702 Phaenom.
483 678 520 702 v.
549 666 651 704 177.

355 741 402 747 -—
428 742 475 748 —-
508 716 685 772 Nigmfm
711 717 946 769 χαρίτεσσιν
967 714 1107 770 ὃμοῖἀι

185 771 397 827 Φαισὺλη,
427 774 501 828 ἠδὲ
530 774 817 821 ΚΟΡΩΝΙΣ,
846 772 1097 828 ἕϋστέᾳανός
1116 788 1158 815 τε
1181 775 1428 817 KAEELd.

69 831 176 869 Nihil
195 844 288 879 opus
310 845 400 882 ergo
423 840 508 881 post
527 831 618 868 haec
643 834 862 868 coniectura
894 830 965 867 Th.
989 831 1214 880 Munckeri,
1243 835 1417 872 arbitrati
1436 849 1505 886 pro

67 888 191 933 Κλεῖζ·
211 901 258 924 ex
292 887 439 939 Hygini
460 888 503 927 F.
531 887 766 924 CLXXXII.
797 890 932 935 reponi
960 900 1070 936 posse
1097 889 1251 926 Cisseis.
1296 889 1374 927 Iam
1405 895 1506 940 quod

68 944 175 981 addit
194 943 407 990 Diodorus,
436 943 611 981 Semelen
631 946 735 992 prius
755 944 916 980 fulmine
936 957 1152 992 percussam
1176 959 1280 992 esse,
1307 959 1418 995 quam
1437 963 1504 998 pa·-

65 1008 190 1046 τοι-εἴ,
238 1008 281 1036 ut
308 1000 477 1037 Bacchus
507 1014 526 1036 e
557 1000 702 1037 duobus
731 1000 996 1036 inmortalibus
1032 1006 1241 1051 prognatus
1271 1013 1504 1053 censeretur,

67 1055 106 1092 id
128 1056 288 1104 quodam
308 1057 419 1093 modo
438 1058 634 1093 illustrant
652 1055 742 1092 haec
764 1055 1019 1102 Artemidori,
1048 1054 1179 1103 οὐδεὶς
1197 1054 1275 1108 γὰρ
1295 1073 1504 1110 κεραυνω-

64 1112 156 1157 θὲὶς
176 1108 320 1162 ἄτιμός
338 1112 446 1150 ἐστιν
461 1143 471 1159 ,
499 1109 600 1151 ὅθεν
619 1126 661 1163 γε
691 1111 757 1150 καὶ
780 1106 836 1157 ὥς
854 1108 954 1156 θεὸς
973 1115 1161 1162 τιμᾶται,
1192 1113 1237 1149 de
1267 1112 1398 1151 Somn.
1419 1116 1503 1153 Ex-

65 1170 153 1217 plie.
186 1168 226 1204 L.
257 1167 304 1204 II.
337 1171 376 1209 8.
406 1168 545 1205 ἎῙΕΞΞ.
604 1167 807 1204 Meliorum
836 1167 1009 1205 codicum
1044 1168 1197 1220 Κλείδῃ
1221 1176 1296 1205 stat·
1324 1171 1500 1222 caditque

65 1237 150 1260 cum
171 1227 397 1274 cognomine
429 1224 569 1261 baccha
588 1224 687 1271 apud
715 1223 896 1260 Nonnum
918 1222 1082 1273 Dionys.
1102 1224 1215 1261 XXI.
1241 1227 1312 1264 77.
1345 1227 1499 1281 litaldo]

62 1278 310 1331 λυσιέθειρα.
334 1279 391 1317 Ibi
410 1293 558 1330 quoque
577 1281 691 1317 facile
711 1278 840 1330 Κλείη
864 1281 1064 1326 restituas,
1100 1282 1163 1318 vel
1183 1281 1348 1332 Κλείτη.

172 1333 281 1386 Ι373.
314 1347 391 1386 44.
422 1344 488 1385 Ἕν
508 1349 558 1400 τῇ
580 1348 716 1400 τροφῇ
737 1342 811 1392 τὰς
823 1342 999 1399 χάριτας
1021 1344 1270 1397 ἀπολαβεῖν]
1296 1349 1410 1385 Putes
1433 1364 1500 1388 ne·-

61 1405 205 1454 glectas
226 1404 271 1439 al)
301 1405 507 1451 interprete
534 1416 648 1440 voces
679 1402 720 1441 ἐν
739 1405 789 1456 τῇ
810 1405 945 1456 τροφῇ
978 1416 1025 1439 ex
1055 1402 1200 1440 scholio
1231 1403 1304 1440 huc
1333 1407 1498 1444 viciniae

61 1463 342 1510 conmigrasse,
370 1459 765 1507 Grammaticumque,
796 1466 838 1496 ut
856 1456 930 1504 τὰς
944 1455 1120 1510 χάριτας
1140 1466 1361 1507 exponeret,
1388 1463 1498 1500 addi..

62 1516 163 1552 disse
183 1520 377 1568 τροᾳεῖα,
408 1527 516 1563 quae,
547 1529 633 1552 cum
653 1517 813 1552 molesta
832 1513 905 1552 hoc
927 1523 1055 1551 essent
1074 1517 1171 1562 loeo,
1192 1516 1371 1565 deinceps
1391 1519 1498 1555 abie-

60 1575 141 1609 rint
160 1573 279 1609 nimia
306 1573 464 1609 alterius
485 1571 686 1608 sedulitate
708 1574 748 1608 in
779 1584 886 1618 eum,
911 1573 976 1619 qui
995 1584 1095 1608 nunc
1118 1579 1195 1618 est,
1220 1585 1358 1610 vocum
1394 1575 1497 1612 ordi—

62 1641 161 1665 nem.
200 1627 342 1674 Nemo,
375 1628 512 1674 credo,
541 1630 575 1665 si
606 1626 696 1664 hinc
728 1629 952 1673 exularent,
975 1629 1213 1674 postliminio
1243 1635 1286 1664 ut
1312 1629 1496 1678 redirent,

62 1685 283 1722 elaboraret.
317 1685 391 1728 Qui
411 1690 538 1721 tamen
558 1685 729 1734 legitima
746 1682 1054 1729 arbitrabuntur,
1085 1681 1130 1720 de
1152 1686 1278 1720 victus
1298 1685 1497 1723 abundan-

59 1743 114 1778 tia
134 1748 171 1777 et
190 1738 274 1777 ficis
293 1742 496 1788 accipient,
521 1753 680 1790 quarum
700 1751 811 1776 usum
830 1738 976 1776 Naxios
1003 1737 1175 1776 Bacchus
1196 1740 1361 1787 edocuit,
1385 1743 1497 1781 Illa.-

58 1791 405 1847 hylae-‘propterea
426 1798 526 1833 inter
556 1809 620 1832 eos
644 1802 897 1843 nuncupatus.
933 1793 1032 1831 Nam
1053 1797 1093 1831 in
1124 1794 1250 1832 insula
1279 1797 1497 1847 ΖΙΙειλίχιον

57 1854 274 1891 καλεῖσθαι
296 1849 367 1891 τὸν
387 1848 618 1898 Διόνυσον,
647 1849 714 1890 διὰ,
744 1848 819 1903 τὴν
838 1852 912 1890 τοῦ
939 1848 1103 1888 συκίνου
1132 1854 1292 1902 καρποῦ
1314 1850 1499 1905 nuptiae..

59 1922 146 1956 σιν,
172 1916 345 1946 auctores
367 1908 488 1945 habeo
508 1907 758 1955 Andriscum,
786 1906 1046 1944 Naxiacorum
1071 1909 1309 1957 scriptorem,
1337 1916 1374 1945 et
1394 1908 1497 1960 Aga-

58 1963 230 2002 sthenem
249 1966 291 2001 in
308 1963 445 2002 Athen.
465 1964 506 2002 L.
525 1963 592 2001 III.
615 1965 653 2003 5.
685 1964 824 2000 IVESS.

169 2033 272 2071 373.
304 2033 380 2072 46.
418 2031 503 2071 Καὶ
524 2027 717 2076 ναυτικάς
744 2046 786 2069 τε
809 2026 1000 2080 δυνάμεις
1022 2023 1340 2081 συστήσασθαι]
1380 2032 1496 2070 Naxii

58 2087 149 2125 olim
180 2090 274 2125 mari
305 2089 509 2136 plurimum
530 2088 759 2133 valuerunt,
786 2089 1015 2135 armatisque
1045 2087 1229 2131 navibus,
1261 2100 1353 2136 quas
1376 2089 1494 2126 Καν-

55 2140 217 2195 θάροιπς·
237 2144 448 2191 vocabant,
473 2146 600 2193 plures
628 2143 676 2180 ad
696 2146 877 2192 imperata
894 2142 1069 2179 facienda
1100 2144 1371 2191 compulerunt:
1403 2144 1493 2181 hinc

57 2206 95 2236 et
114 2202 212 2236 inter
234 2200 686 2251 θαλασσοκρατοῦντας
715 2212 737 2236 a
757 2198 915 2235 Cratino
933 2204 1182 2235 numerantur
1211 2199 1309 2246 apud
1333 2198 1493 2239 Suidam

56 2268 95 2292 v.
112 2253 393 2308 Ναξιουργὴς,
432 2263 469 2292 et
487 2256 532 2292 ab
553 2255 742 2299 Eusebio,
780 2267 891 2304 quem
918 2256 1047 2303 pulcre
1069 2253 1238 2302 explicat
1257 2255 1304 2293 Is,
1330 2254 1489 2296 Casaub.

56 2309 105 2347 ad
134 2310 266 2361 Polyb.
298 2311 324 2349 I.
343 2313 418 2352 20.
462 2313 567 2356 Quae
596 2325 688 2349 vero
720 2310 778 2348 his
809 2309 1017 2348 succedunt
1045 2310 1090 2346 de
1123 2309 1333 2348 Naxiorum
1365 2312 1492 2359 rebus,

55 2366 209 2404 Persico
232 2367 330 2404 bello
351 2375 504 2406 strenue
523 2368 821 2414 administratis,
848 2379 1006 2414 vereor,
1030 2373 1074 2403 ut
1093 2366 1185 2403 alibi
1213 2373 1289 2404 tam
1310 2366 1490 2405 distincte

52 2423 234 2472 reperias,
262 2422 402 2463 VVESS.

171 2491 275 2530 373.
313 2492 383 2530 50.
424 2490 530 2542 Περὶ
552 2485 627 2543 τὴν
655 2492 730 2530 τοῦ
762 2486 874 2529 οἴνου
905 2483 1091 2541 ἰδιότητα
1111 2488 1208 2541 etc.]
1255 2488 1374 2527 Naxii
1406 2489 1489 2527 vini

56 2551 166 2583 tanta
187 2546 278 2583 olim
297 2549 422 2598 gratia
442 2555 544 2594 erat,
572 2554 615 2584 ut
635 2546 900 2592 Archilochus,
931 2545 1030 2582 haud
1051 2543 1206 2594 insipidi
1225 2548 1343 2593 palati
1365 2553 1489 2593 poeta,

54 2605 128 2651 ipsi
151 2605 294 2639 nectari
314 2605 587 2651 aequipararet,
620 2602 815 2639 Athenaeo
834 2602 874 2638 L.
900 2601 924 2638 I.
947 2603 1021 2641 24.
1051 2602 1190 2638 indice.
1217 2601 1322 2638 Haec
1343 2615 1490 2647 caussa,

56 2659 103 2695 ob
125 2672 235 2708 quam
259 2658 378 2695 Naxii
399 2661 524 2696 numis
551 2661 629 2695 suis
649 2657 858 2703 Bacchum,
890 2657 1112 2694 cantharum
1133 2657 1289 2704 dextra,
1315 2654 1489 2706 thyrsum

54 2717 211 2751 sinistra
242 2722 434 2751 tenentem
453 2717 718 2765 inscripserint
743 2717 784 2751 in
806 2713 995 2751 Thesauri
1021 2710 1162 2750 Brand.
1185 2712 1231 2749 T.
1252 2713 1281 2751 I.
1312 2726 1347 2761 p-
1369 2713 1491 2759 432„

52 2771 119 2809 ubi
136 2770 316 2822 Begcrus.
343 2770 476 2808 lVEss.
1119 2823 1145 2851 ἢ

1117 2825 1177 2864 ..9
1194 2826 1211 2845 ¹²
