1828 3253
473 170 534 210 IN
563 169 673 208 LIB.
700 168 729 207 1.
768 168 894 209 CAP.
915 170 988 210 66.
1018 171 1089 210 67.
1395 171 1484 212 109

61 287 103 324 in
131 285 258 324 sedem
290 269 638 335 revocavi,'Codd.
667 289 839 322 veterum
867 287 905 321 et
935 279 1122 321 Herodoti
1149 281 1197 321 11.
1226 281 1328 327 154.
1353 290 1486 322 aucto-

60 345 173 380 ritate
195 350 331 380 motus.
361 341 495 380 IVESS.

175 411 245 450 77.
265 411 338 450 21.
369 402 609 462 Κατῷκισεν
634 405 689 454 εἷς
709 404 912 460 Μέμφιν]
942 404 1085 444 Eadem
1108 404 1335 445 Herodotus.
1369 407 1488 444 Addit

60 464 298 516 Polyaenus,
325 477 348 501 a
367 462 526 502 Caribus
544 463 602 501 his
625 470 768 514 partem
797 463 964 501 civitatis
992 462 1178 512 Memphis
1207 463 1487 518 Καροιιεμφῖ-

60 536 127 561 ται
155 522 336 572 appellari
365 519 449 559 VII.
484 518 652 571 Stratag.
676 521 716 559 3.
748 520 881 557 WESS.

173 590 245 630 77.
267 588 342 630 24.
377 583 641 642 Στρατεύσαι
643 601 713 633 τος
747 584 791 626 δ’
823 586 879 634 εἷς
907 583 1088 640 Συρίαν]
1126 584 1239 623 Forte
1267 598 1311 624 ea
1330 586 1487 636 expedi-

56 647 178 693 tione,
201 657 276 696 qua
295 645 459 682 Azotum
477 643 680 682 obsidere
670 656 865 695 ingressus
887 649 946 680 est
965 643 1064 693 apud
1081 641 1376 682 Herodot.11.l
1389 644 1486 690 57.;

59 704 326 751 quamquamis
337 712 418 749 cap.
431 701 503 740 30.
513 701 626 751 longe
638 701 750 737 aliam
770 699 882 738 huius
902 699 1148 737 discessionis
1162 711 1333 736 caussam
1348 698 1485 745 adfert,

58 770 138 795 non
156 759 316 796 multum
338 756 585 794 dissentiente
605 755 798 794 Plutarch.
817 755 864 793 T.
885 755 932 793 ΙΙ.
956 770 993 807 p.
1018 757 1124 797 601.
1146 754 1192 792 Ε.
1223 755 1303 792 Nec
1323 753 1487 793 Diodori

56 822 183 852 tamen
203 814 371 852 narratio
389 826 412 851 a
431 826 524 851 vero
545 824 700 862 prorsus
717 812 884 850 abludit:
909 811 1129 850 Herodotus
1147 814 1248 849 enim
1267 812 1486 861 transfugas

56 868 127 907 hos
163 870 286 920 patrio
314 881 486 907 sermone
510 869 679 907 Ascham
699 876 737 906 et
758 868 904 906 Graece
927 865 1025 915 τοὺς
1056 867 1098 916 ἕξ
1118 864 1333 919 ἀριστερῆς
1346 864 1485 920 χειρὸς

56 923 386 979 παρισταμένους
413 924 580 976 βασιλέϊ
612 928 692 963 sive
716 939 741 963 a
771 927 937 963 sinistra
965 926 1057 975 regi
1084 926 1322 963 adsistentes
1357 925 1486 974 appel-

54 983 130 1020 lari
156 989 288 1020 auctor
320 989 397 1030 est3
427 984 534 1019 cuius
561 983 827 1032 appellationis
849 994 893 1019 ea
912 981 1067 1020 videtur
1084 995 1166 1019 esse
1192 993 1346 1029 caussa,
1373 993 1486 1031 quam

54 1036 247 1081 Diodorus
265 1039 442 1090 praefert.
481 1038 615 1076 Wess.

171 1107 243 1147 78.
263 1106 336 1146 39.
367 1107 468 1152 Τοῖς
495 1109 654 1153 κοντοῖς
686 1102 761 1152 τὰς
788 1102 967 1152 ἀσπίδας
993 1099 1276 1157 πατάξαντες]
1298 1105 1485 1144 Ammian.

55 1160 144 1202 XV.
169 1165 208 1204 8.
239 1175 324 1201 cum
351 1161 478 1200 hastis
505 1163 633 1213 clypei
647 1162 890 1210 feriantur,
926 1164 1015 1200 irae
1051 1164 1319 1201 documentum
1351 1170 1412 1201 est
1448 1168 1489 1200 et

54 1219 214 1257 doloris.
272 1219 395 1262 Quare
416 1217 462 1254 de
482 1217 774 1266 Macedonibus,
795 1230 909 1268 quum
927 1218 974 1256 ad
997 1232 1062 1255 eos
1083 1233 1214 1268 parum
1235 1227 1344 1271 grata
1362 1219 1486 1257 Near-

55 1274 149 1312 chus
180 1280 414 1325 perorasset,
445 1275 546 1312 nullt‘
562 1275 758 1326 placebat
784 1277 942 1320 orati0‚·
969 1276 1104 1326 itaque
1132 1288 1201 1312 suo
1230 1289 1337 1313 more
1355 1275 1485 1313 hastis

54 1337 168 1369 scuta
199 1331 424 1382 quatientes
452 1330 677 1383 obstrepere
698 1331 1019 1382 perseverabant
1045 1333 1087 1369 in
1108 1330 1231 1369 Curtii
1250 1331 1302 1369 X.
1327 1334 1368 1372 6.
1397 1346 1485 1370 cum

54 1386 192 1425 Cellar.
212 1394 315 1424 nota.
370 1386 526 1436 Alioqui
550 1394 594 1424 ut
622 1394 688 1424 aut
713 1389 948 1425 alacritatem
977 1401 1083 1425 suam
1112 1395 1179 1425 aut
1204 1387 1378 1425 hostibus
1404 1389 1485 1426 for-

52 1443 236 1482 midinem
257 1449 513 1490 ostentarent,
540 1441 660 1480 hastis
680 1450 789 1481 scuta
812 1451 966 1493 quatere
989 1445 1174 1492 solebant,
1198 1445 1299 1494 quod
1322 1444 1485 1483 Aeliano

52 1499 155 1538 VIII.
176 1498 226 1539 H.
246 1497 290 1537 A.
317 1501 387 1540 10.
417 1497 521 1551 πρὸς
539 1496 613 1546 τὰς
631 1497 810 1547 ἀσπιδας
826 1497 878 1539 τὰ
885 1495 1112 1569 δοράτια’
1090 1497 1292 1554 αράττειν,
1319 1500 1485 1539 Arriano

54 1555 84 1594 I.
101 1555 148 1595 E.
174 1555 218 1592 A.
244 1557 284 1597 6.
312 1560 398 1601 τοῖς
422 1552 568 1609 δόρασι
591 1555 796 1609 δουπῆσαι
818 1553 924 1611 πρὸς
949 1552 1025 1604 τὰς
1052 1553 1252 1608 ἀσπίδας,
1281 1557 1348 1595 ubi
1375 1560 1486 1609 plura

53 1611 129 1650 lac.
149 1611 320 1649 Gronov.
357 1610 492 1649 VVFSS.

168 1670 239 1709 78.
269 1668 344 1708 46.
387 1669 476 1719 Τῆς
510 1650 743 1715 Αἶθιοπιάς
778 1683 827 1722 τη
832 1684 854 1708 ν
893 1667 1140 1723 κρατίστην]
1175 1669 1345 1709 Insulam
1371 1683 1485 1722 supra

55 1723 211 1763 Meroen
230 1722 372 1762 Strabo
389 1723 517 1763 XVII.
538 1736 573 1773 p.
599 1725 733 1765 1134.
751 1723 817 1772 B.,
843 1725 994 1764 Plinius
1013 1725 1077 1764 VI.
1096 1726 1146 1764 N.
1165 1726 1216 1764 H.
1239 1728 1311 1768 30.
1340 1734 1378 1765 et
1395 1736 1482 1766 ante

53 1795 140 1819 eum
169 1779 355 1820 Herodot.
388 1779 437 1818 11.
467 1781 540 1822 30.
569 1782 680 1830 plura
703 1781 924 1833 Aethiopiae
954 1784 1040 1821 loca
1072 1782 1260 1821 insedisse
1297 1784 1484 1823 adfirmat.

51 1836 186 1875 Wnss.

165 1895 238 1934 78
261 1892 333 1934 52.
371 1889 483 1939 Τοὺς
525 1890 772 1940 ἐθελουσίως
800 1890 1142 1962 ἀποδημοῦντας]
1188 1894 1274 1934 Hoc
1299 1897 1485 1947 praefero.

53 1949 94 1988 S.
123 1949 246 1988 Lucas
273 1948 422 2000 Evang.
449 1948 539 1987 XV.
576 1951 646 1991 13.
673 1949 741 1989 καὶ
763 1946 1030 2017 ιἀπεδήμησεν
1061 1950 1117 1998 εις
1139 1948 1284 2003 χώραν
1307 1949 1484 2006 μακράν.

51 2006 157 2045 Novi
181 2020 278 2052 τους
304 2001 637 2058 ἓπιὸημησαντας
655 2009 738 2046 τῶν
763 2001 908 2059 1:772!ae
911 2022 968 2047 ων
986 2019 1034 2044 ex
1054 2006 1250 2046 Demosth.
1269 2008 1427 2047 Midian.
1446 2022 1482 2058 p.

53 2064 158 2104 378.
190 2069 229 2100 et
247 2064 328 2099 eius
347 2064 500 2113 generis
527 2064 634 2101 alios.
693 2061 772 2100 Sed
791 2071 871 2101 tum
890 2070 1110 2114 oportuerat
1131 2063 1172 2103 ἐν
1191 2067 1241 2119 τῇ
1264 2062 1480 2120 Αῗγύπτιο,

50 2120 129 2158 nisi
154 2120 354 2169 enallagen
384 2122 676 2169 praepositionis
706 2120 905 2168 admittas,
936 2127 979 2158 ut
1004 2119 1113 2158 XIII.
1139 2123 1208 2162 12.
1237 2121 1351 2159 XIX.
1380 2125 1480 2164 117.

50 2175 215 2213 Multum
245 2186 393 2224 quoque
417 2174 518 2212 haud
549 2176 680 2213 absum
711 2177 757 2214 ab
780 2174 986 2223 gattam,
1009 2177 1139 2227 quod
1128 2191 1171 2215 ιιι
1190 2177 1307 2216 Codd.
1325 2179 1482 2228 quibus-

52 2231 161 2279 dam,
182 2231 375 2280 probando
397 2231 445 2268 ob
464 2230 571 2272 XVI.
593 2233 667 2273 42.
694 2232 839 2270 XVIII.
862 2233 934 2273 53.
961 2233 1095 2271 Wass.

166 2300 238 2339 78.
264 2299 335 2338 56.
369 2295 435 2337 Τὰ
460 2296 566 2338 κατὰ
594 2297 670 2352 τὴν
703 2297 832 2352 ἄλλην
863 2298 964 2353 etc.]
1012 2299 1058 2338 Si
1094 2300 1332 2340 Herodotum
1360 2303 1482 2350 audis,

53 2355 135 2391 sola
154 2356 245 2392 olim
263 2353 466 2392 Naucratis
482 2354 649 2406 Aegypti
665 2358 874 2405 emporium
894 2363 996 2404 erat,
1027 2357 1075 2395 ad
1103 2358 1204 2409 quod
1233 2371 1391 2411 peregre
1412 2359 1480 2397 ad-

50 2411 250 2448 venientes
268 2411 458 2459 adplicare
478 2412 666 2451 debebant
683 2412 729 2450 11.
753 2413 854 2454 179.
881 2413 1015 2451 Wess.

168 2479 239 2519 78.
261 2479 333 2519 60.
357 2474 416 2518 Ἡ
431 2479 521 2533 περὶ
539 2477 612 2520 τὸν
632 2477 858 2533 Βούσιριν]
887 2480 931 2518 ln
961 2480 1192 2518 Graecorum
1221 2481 1362 2520 fabulis
1382 2481 1479 2520 nihil

55 2535 136 2571 eius
166 2535 388 2572 crudelitate
418 2537 631 2584 inmanius,
666 2549 777 2586 quam
813 2537 1036 2587 Polycrates
1071 2544 1220 2585 tamen,
1257 2545 1384 2576 orator
1419 2540 1478 2575 in-

54 2597 184 2638 eptus,
215 2592 256 2627 in
291 2592 372 2640 ipsa
399 2590 588 2630 Busiridis
616 2592 803 2645 Apologia
834 2592 934 2631 haud
963 2606 1096 2643 parum
1123 2593 1303 2641 adauxit,
1324 2597 1477 2632 solitum

54 2644 286 2685 κατεσθίειν
313 2661 410 2693 τους
436 2644 698 2701 ἆνθρωπους,
730 2650 903 2687 homines
921 2651 1042 2688 devm
1043 2664 1093 2687 ao
1096 2663 1128 2696 e,
1155 2650 1372 2698 perhibens,
1398 2664 1478 2688 me-

52 2702 128 2739 rito
157 2709 357 2752 propterea
387 2710 540 2742 notatus
565 2705 612 2742 ab
636 2705 861 2746 Isocratem
879 2704 1005 2749 Busir.
1026 2720 1062 2756 p.
1083 2707 1187 2747 325.
1213 2706 1330 2744 Natas
1352 2713 1477 2743 autem

55 2757 122 2796 has
149 2771 231 2796 esse
261 2758 407 2796 fabulas
436 2761 538 2798 inter
570 2760 758 2808 Graecos,
786 2762 887 2812 quod
913 2761 1094 2813 Aegyptii
1122 2763 1212 2799 olim
1232 2775 1338 2799 suam
1358 2763 1397 2799 in
1417 2775 1479 2800 re—

54 2817 207 2864 gionem
222 2814 367 2852 delatos
383 2821 449 2853 aut
467 2828 544 2854 non
563 2817 808 2857 admitterent
835 2825 901 2857 aut
919 2818 1051 2860 durius
1068 2817 1263 2866 haberent,
1283 2825 1320 2856 et
1338 2817 1478 2862 Strabo
