1828 3253
305 24 401 66 464
769 19 1294 61 ANNOTA'HONES

305 150 401 186 quae
422 141 591 186 potestas
611 133 684 170 etsi
701 134 841 180 rarior,
870 133 984 171 obvia
1006 140 1148 180 tamen,
1176 140 1273 172 teste
1298 133 1444 172 Galeno
1465 138 1504 173 in
1524 133 1745 185 Hippocrat.

304 194 545 244 l'rognostic.
576 204 611 239 p.
636 191 690 229 1.)
696 191 738 229 1.
778 189 1012 236 Coniunxit,
1040 190 1172 226 eodem
1200 191 1348 237 indice,
1381 191 1598 228 Dinarchus
1627 188 1746 259 φύσει

300 263 486 314 χρηστον
507 246 573 285 καὶ
595 241 739 312 εὐηθιγ.
771 245 1018 282 Demosthen.
1038 245 1128 296 Leg.
1149 248 1319 283 ementit.
1341 260 1374 296 p.
1391 250 1417 286 ξ..)
1423 249 1497 287 23.
1531 262 1746 298 πραοτητα

308 306 373 345 καὶ
398 300 602 355 ετῖιθειατ.
645 310 682 338 et
704 305 743 339 in
762 301 970 338 'limocrat.
991 316 1024 350 p.
1047 302 1152 341 451.
1189 310 1226 339 et
1246 305 1286 339 in
1309 302 1507 353 Aristogit.
1532 303 1559 339 Ι.
1582 317 1616 352 p.
1636 304 1744 343 483.

309 369 346 398 et
366 361 475 397 Plato
496 358 560 395 Ill.
581 359 626 394 de
647 357 740 408 Rep.
778 372 812 407 p.
834 359 940 397 400.
982 358 1072 394 Scio
1100 358 1324 409 Κρονίους,
1354 356 1605 411 Κρονικοὺς,
1637 356 1748 410 Κρό-

306 432 403 462 vove·
424 417 564 464 passim
583 415 628 451 ab
650 414 918 463 Aristophane,
938 413 1108 451 Luciano
1128 422 1239 462 atque
1262 417 1348 452 aliis
1373 417 1513 453 stultos
1543 422 1582 451 et
1609 417 1748 466 insipi-

306 476 388 519 dos,
409 469 576 523 μωροὺς
596 470 663 508 καὶ
683 467 966 521 ἀναισθήτους
985 470 1190 518 adpellari:
1211 472 1424 508 cuiusmodi
1447 485 1493 508 ne
1515 470 1605 521 quid
1625 478 1662 507 ct
1685 471 1747 508 bic

306 532 348 566 in
379 530 597 577 opinionem
629 526 761 573 cadat,
800 523 963 578 εὐήθεις
993 527 1059 565 καὶ
1090 524 1235 566 ἄκακοι
1269 529 1430 564 iunctim
1463 530 1581 576 positi
1604 534 1748 565 vetant.

305 586 440 624 WEss.

420 640 523 680 383.
550 639 620 678 73.
658 634 788 690 Παρὰ
803 633 1019 689 εΡωιιιωόις
1038 636 1104 676 καὶ
1128 637 1458 690 Καρχηδονίοις]
1488 639 1751 678 Romanorum

307 697 547 735 Saturnalia
570 708 681 730 nemo
707 697 868 744 ignorat.
910 693 1286 745 Carthaginiensium
1308 698 1638 745 superstitionem,
1675 709 1750 745 qua

307 753 476 791 Saturno
498 751 667 788 victimis
686 749 861 786 humanis
883 751 1069 797 litabant,
1100 750 1282 787 describit
1301 750 1342 788 L.
1361 751 1471 788 Xlll.
1498 755 1569 793 86.
1594 760 1631 789 et
1648 752 1748 791 XX.

309 812 381 851 14.
398 809 463 845 ubi
483 809 647 844 fortasse
668 819 738 842 nos
763 807 881 853 plura.
924 806 1057 842 WVESS.

418 865 522 903 383.
549 864 620 902 76.
654 858 821 907 Τόπους
841 858 1081 913 ἐπωνύμους
1105 857 1232 901 αὐτοῦ
1254 859 1474 914 γενέσθαι]
1505 863 1601 901 Vide
1621 864 1662 901 L.
1683 864 1747 901 Ill.

307 923 381 961 91.
415 920 550 956 Wnss,

419 976 524 1016 383.
548 976 618 1014 82.
645 970 711 1012 Ἐν
733 972 870 1012 τοῖσδε
895 977 981 1019 τοῖς
1001 969 1155 1025 ἔπεσιν]
1169 974 1243 1017 Qui
1265 976 1455 1023 incipiunt
1471 988 1628 1013 numero
1647 978 1663 1016 l
1679 978 1694 1016 l
1711 979 1746 1017 l.

304 1033 387 1071 Lib.
401 1032 429 1069 Ι.
451 1033 533 1070 τῶν
547 1028 719 1082 ’'E9ywv,
739 1037 777 1066 et
799 1032 837 1066 iu
857 1031 1001 1066 nostris
1015 1031 1295 1077 exemplaribus
1316 1034 1368 1068 ita
1389 1034 1578 1082 leguntur.
1610 1032 1645 1084 ‘A
1663 1034 1749 1080 qui-

303 1090 374 1126 bus
409 1091 481 1125 etsi
511 1088 553 1123 in
585 1089 759 1136 margine
787 1089 961 1123 annotati
992 1084 1086 1138 (quo
1111 1088 1224 1123 etiam
1246 1089 1402 1124 ultimus
1424 1091 1463 1124 in
1488 1095 1670 1126 contextu
1691 1096 1749 1126 est

301 1140 575 1194 remittendus)
597 1142 874 1190 quodammodo
899 1142 1134 1191 discrepant:
1166 1144 1348 1180 concinni
1368 1151 1494 1181 tamen
1516 1151 1606 1181 sunt
1623 1152 1660 1182 et
1680 1159 1748 1183 ve-

303 1207 485 1238 tustatem
509 1199 696 1236 eruditam
718 1201 884 1246 sapiunt
914 1197 1049 1236 Rnon.

424 1256 529 1296 383.
563 1255 636 1296 85.
676 1251 740 1293 Νό
721 1268 843 1306 οσφιν
872 1250 969 1306 ἄτερ
1000 1269 1042 1293 τε
1067 1249 1233 1304 πόνιιοι]
1265 1256 1369 1299 Quae
1392 1254 1508 1293 Codd.
1528 1257 1654 1306 plures
1674 1256 1748 1294 hoc

304 1315 346 1351 in
366 1326 481 1350 versu
499 1318 669 1357 mutant,
703 1324 747 1347 ea
775 1313 815 1347 in
845 1313 1038 1361 integrum
1064 1313 1340 1358 restituissem,
1370 1314 1446 1349 nisi
1478 1313 1622 1360 liquido
1653 1313 1747 1350 mihi

302 1372 511 1418 patuisset,
548 1369 733 1404 translata
763 1368 805 1403 in
832 1340 1082 1403 hu11c⁰100um
1106 1380 1188 1403 esse
1212 1379 1260 1404 ex
1280 1369 1538 1417 superioribus
1561 1368 1745 1407 Hesiodi:

305 1428 360 1462 sic
388 1440 424 1463 v.
448 1426 520 1464 90.
551 1426 673 1460 canit:

413 1480 524 1529 Πρὶι
543 1478 619 1530 μέν
638 1475 714 1531 μὶρ
737 1472 952 1526 ζώεσκον
935 1475 1140 1528 επιχθοιι
1163 1475 1256 1531 qffl'
1280 1473 1517 1546 ἀνθρώπιον

412 1532 580 1602 Νόσςιιι
601 1533 716 1587 ἄτερ
719 1549 759 1573 τε
765 1536 913 1572 κακῶ)
926 1562 937 1581 ‚
956 1534 1021 1572 καὶ
1044 1531 1138 1585 ἄτερ
1156 1536 1237 1584 χιι.)
1243 1550 1351 1574 εποιο
1377 1531 1518 1575 πόνοιο

413 1589 593 1631 Νούσων
616 1589 648 1629 τ)
675 1588 829 1642 ci97a7s
809 1605 884 1629 ειοι
897 1618 907 1637 ,
945 1590 988 1628 αι’
1006 1588 1038 1629 τ’
1066 1587 1270 1642 ἀιὸράσι
1260 1595 1388 1643 γῖριις
1410 1590 1578 1631 έῦωκαι.

300 1647 428 1685 Habes
449 1650 616 1694 fontem,
647 1647 748 1684 unde
769 1654 1016 1694 emanarunt,
1044 1659 1154 1695 quem
1176 1648 1265 1685 libri
1286 1623 1423 1685 Mutia.
1445 1648 1746 1686 additamentum

303 1706 513 1742 clarissime
538 1707 675 1754 signat.
716 1703 849 1739 Wssss.

420 1762 523 1801 383.
550 1762 623 1800 90.
666 1756 718 1798 Οἳ
747 1756 781 1797 ὁ)
809 1755 1190 1809 ἕθεληλιιοὶἽῚσυχοι
1214 1756 1290 1811 ἔργ’
1316 1758 1529 1810 εἰέἰιιοντο]
1561 1759 1644 1797 Ηοο
1662 1774 1744 1798 ma-

299 1820 379 1855 lim.
394 1817 541 1854 Firmat
562 1815 820 1853 Dicaearchus
841 1818 894 1852 ita
915 1818 1037 1851 citans
1056 1818 1096 1852 in
1111 1815 1315 1865 Porphyrii
1335 1816 1376 1852 L.
1401 1816 1461 1852 lv.
1485 1816 1528 1852 A.
1552 1817 1595 1852 A.
1617 1831 1649 1855 c,
1676 1819 1741 1864 1.;

301 1877 366 1922 qui
387 1874 484 1910 nihil
505 1872 609 1909 aliud
632 1885 747 1920 quum
768 1874 941 1918 innovet,
969 1873 1147 1908 excusari
1167 1885 1245 1907 non
1265 1882 1425 1921 possunt
1443 1873 1605 1920 librarii,
1633 1875 1743 1923 plura

298 1929 360 1967 hic
381 1943 478 1979 pro
468 1930 626 1966 arbitrIO
658 1928 911 1965 adstruentes.
953 1928 1027 1970 Qui
1048 1928 1217 1964 succedit

460 1983 564 2038 4912
569 1999 638 2023 ειοι
665 1999 717 2034 μ)
710 1979 842 2029 ‘zoam
873 1982 984 2035 ([ιλοι
1005 1977 1235 2033 μακάρεσσι
1256 1985 1404 2031 θεοῖσι,

302 2041 441 2092 dignus
464 2049 521 2078 est
540 2043 647 2078 visus
667 2038 745 2076 Cel.
768 2039 820 2076 lo.
844 2038 984 2090 Georg.
1010 2039 1199 2087 Graevio,
1231 2043 1296 2088 qui
1314 2039 1485 2077 Hesiodo
1506 2039 1742 2088 redderetur,

300 2099 366 2135 sed
387 2105 474 2146 post
492 2110 647 2135 versum

472 2149 669 2203 Tc'9n0vz’
693 2150 734 2191 ἓν
754 2149 948 2204 θαλίῃσι,
978 2152 1115 2190 κακῶν
1137 2148 1335 2191 ἔκτοσθεν
1356 2146 1562 2191 ἁπάντων.

301 2212 409 2247 cuius
428 2209 583 2245 consilii
610 2222 783 2246 caussam
806 2208 979 2255 equidem
1000 2221 1078 2244 non
1097 2209 1297 2257 perspicio.
1333 2207 1501 2245 Hesiodo
1537 2210 1570 2245 si
1591 2221 1669 2244 non
1690 2209 1741 2245 sit

298 2266 504 2315 indignus,
532 2265 588 2301 uti
607 2265 773 2310 videtur,
795 2265 934 2310 sedem,
961 2276 1073 2312 quam
1096 2267 1318 2313 occupavit,
1345 2266 1459 2301 facile
1479 2265 1658 2303 tuebitur.
1695 2264 1739 2301 ld

300 2323 418 2367 bene,
455 2321 555 2369 quod
574 2321 709 2357 Latina
739 2320 1008 2357 Rhodomanni
1037 2321 1310 2368 inprobaverit.
1332 2318 1544 2373 iirpzaeaoig
1570 2316 1739 2371 μήλοισι

300 2378 489 2416 ΚΙιοιίοηι.
522 2379 647 2413 vertit
682 2378 813 2413 felices
842 2376 1035 2427 gregibus.
1084 2377 1218 2427 ΖΙΙῆλα
1248 2376 1313 2413 hic
1341 2389 1416 2414 non
1459 2384 1552 2414 sunt
1583 2388 1738 2426 greges.

301 2434 403 2471 Nam
428 2435 605 2484 quamvis
624 2435 847 2484 pastoritia
882 2435 966 2469 vita
997 2435 1053 2469 sit
1081 2433 1394 2483 simplicissima,
1425 2440 1465 2470 et
1491 2434 1584 2470 aliis
1612 2435 1736 2470 vitam

299 2492 499 2527 tolerandi
517 2488 738 2526 rationibus
758 2491 962 2535 vetustior,
989 2490 1176 2538 ignorata
1197 2496 1324 2526 tmnen
1339 2489 1434 2536 fuit
1453 2490 1737 2540 antiquissimis

299 2547 526 2591 hominibus,
546 2548 613 2595 qui
641 2545 708 2582 sub
740 2545 916 2582 Saturno
940 2545 1125 2582 dicuntur
1146 2547 1284 2594 egisse.
1331 2545 1388 2582 Hi
1412 2548 1511 2583 enim
1536 2548 1586 2582 iis
1612 2545 1734 2581 solam

297 2616 338 2640 se
369 2602 592 2648 tuebantur,
625 2613 726 2651 quae
749 2604 862 2638 terra
881 2608 1017 2651 sponte
1038 2603 1093 2638 ad
1111 2614 1242 2638 eorum
1262 2603 1407 2639 victum
1418 2602 1600 2648 ferebat.
1634 2599 1735 2637 Tum

296 2665 382 2709 post
402 2669 538 2709 pauca:
577 2658 714 2709 Μῆλα
741 2664 872 2694 autem
892 2657 965 2694 lzoc
994 2658 1077 2694 Ioco
1107 2664 1201 2695 sunt
1225 2670 1354 2696 omnes
1384 2657 1734 2704 arbuteifructus,
