1828 3253
460 150 528 210 IN
559 149 775 189 LIB.1V.
804 147 930 186 CAP.
961 150 1005 190 6.
1031 169 1080 176 -
1105 151 1145 190 8.
1419 148 1508 188 317

183 263 290 305 252.
320 267 392 307 88.
423 259 617 308 Ἡσίοδος
644 259 718 315 δὲ]
767 261 813 299 In
835 259 1063 312 Theogonia
1079 273 1194 298 versu
1215 261 1287 300 77.
1315 258 1451 297 Ruon.

183 322 291 360 253.
321 322 395 361 99.
439 317 692 370 Παρθένους
719 333 762 358 τε
792 315 922 364 αὐτὰς
960 315 998 357 οἱ
1026 319 1207 356 πλεῖστοι
1241 337 1289 344 -—
1314 317 1507 366 μυθολο-

67 376 214 427 γοῦσι]
255 377 331 415 Vix
351 384 479 413 tamen
499 376 578 412 ulla
602 378 642 411 in
662 377 876 412 novenario
901 387 1031 410 earum
1059 386 1218 409 numero
1244 375 1455 420 reperitur,
1485 385 1505 407 e

68 443 144 479 qua
164 445 243 469 non
260 432 398 481 aliquis
417 432 574 468 furtivis
595 432 787 468 amoribus
806 437 1009 479 conceptus
1030 431 1198 480 legatur:
1226 441 1386 477 quorum
1405 426 1507 464 haud

69 498 208 535 paucos
230 489 340 526 nobis
357 494 582 524 annumerat
591 486 766 524 Eustath.
786 490 827 524 in
846 485 1001 523 Homer.
1025 497 1059 533 p.
1075 486 1192 530 830..
1224 486 1350 532 plures
1370 483 1504 520 Tzetz.

68 543 119 580 ad
144 542 300 580 Hesiod.
332 543 403 593 Op.
420 550 459 579 et
489 542 538 578 D.
568 545 748 592 princip„
777 543 844 579 sed
873 545 916 579 in
944 543 1136 591 plerisque
1164 543 1340 578 vitiosus.
1370 540 1504 577 wEss.

67 597 179 636 Conf.
201 598 334 638 Schol.
363 599 450 638 Vat.
472 598 564 636 Eur.
582 598 702 637 Rhesi
734 613 771 637 v.
803 599 907 638 346.

179 656 285 694 253.
317 656 358 695 3.
384 652 498 694 'Ano
527 658 601 694 τοῦ
621 660 739 705 μυεῖν
761 653 859 700 τοὺς
881 649 1157 704 ἀνθρώπους]
1189 652 1341 689 Placuit
1361 665 1404 688 ea
1427 653 1504 688 ori-

50 711 214 760 .ginati0
247 711 501 762 Etymologo‚
543 718 672 758 estque
706 712 825 748 multo
853 711 1085 760 probabilior
1126 722 1256 745 eorum
1288 715 1504 753 conmento,

65 768 132 814 qui
154 767 254 816 apud
275 768 378 806 Plut.
413 766 460 804 T.
480 766 527 804 11.
557 781 593 817 p.
614 768 720 808 480.
741 767 786 803 Ε.
818 774 856 803 et
876 766 1015 816 Synes.
1036 768 1076 802 in
1095 763 1210 801 Dion.
1231 776 1265 812 p.
1287 766 1360 803 42.
1381 762 1424 801 C.
1455 775 1504 800 ex

50 816 172 872 ’ὃμοῦ
195 819 323 869 οὔσας
343 823 549 860 conflatum
576 837 706 860 earum
727 836 866 860 nomen
890 823 1156 872 opinabantur.
1202 820 1284 871 Ego
1308 834 1392 856 cum
1413 821 1503 857 Pla-

63 883 154 914 tone
186 881 228 916 in
259 877 405 930 Cratyl.
436 891 472 928 p.
494 880 600 920 406.
632 879 676 916 A.
715 881 862 925 fecero,
903 876 982 918 ἀπὸ
1015 880 1089 916 τοῦ
1118 880 1291 927 μῶσθαι
1326 875 1392 914 καὶ
1425 878 1501 925 τῆς

68 929 273 985 ζητήσεως
303 935 353 972 ab
382 938 655 985 investigando
681 936 900 983 derivante3
944 949 965 971 a
996 946 1070 982 qua
1102 934 1292 969 sententia
1325 945 1401 968 non
1432 931 1500 968 ab-

61 989 201 1027 ludunt
229 989 384 1028 Cornut.
414 992 502 1028 Nat.
532 992 647 1029 Deor.
693 1005 724 1028 c.
755 992 826 1031 14.
857 998 896 1028 et
937 990 1138 1028 Helladius
1178 992 1218 1026 in
1250 988 1379 1026 Photii
1407 987 1498 1024 Cod.

62 1043 314 1086 CCLXXIX,
346 1060 382 1095 p.
407 1049 541 1088 1582.
578 1048 675 1085 Vide
693 1048 797 1085 Prid.
820 1046 1004 1098 Sylburg.
1030 1046 1233 1083 Animadv.
1260 1047 1302 1082 in
1322 1043 1502 1081 Clenardi

64 1099 308 1139 Grammatie.
343 1116 378 1153 p.
402 1105 504 1144 529.
544 1103 677 1141 1ΥΕ83.

47 1165 70 1169 ““
174 1159 280 1198 253.
312 1160 382 1199 10.
423 1156 540 1199 ’Ana
574 1162 649 1199 τοῦ
678 1155 848 1198 θάλλειν
878 1157 942 1198 ἐπὶ
971 1155 1150 1203 πολλοὺς
1183 1152 1388 1207 χρόνους]
1441 1155 1499 1193 Ita

61 1214 180 1264 vulgo
202 1214 421 1265 legebatur,
447 1216 607 1265 abrupta
627 1222 664 1252 et
684 1215 832 1252 defecta
850 1219 1050 1252 sententia.
1081 1213 1164 1264 Ego
1186 1212 1303 1249 codd.
1326 1219 1498 1249 vetustos

57 1275 213 1306 secutus
236 1271 400 1318 explevi.
435 1270 601 1309 Nomina
619 1278 746 1308 autem
773 1271 867 1308 haec
887 1271 1084 1308 Musarum
1111 1269 1346 1306 multimodis
1375 1269 1499 1316 expli-

60 1325 142 1361 cari
158 1337 269 1373 posse
290 1338 338 1362 ex
360 1324 566 1364 Plutarcho
584 1326 685 1364 V111.
705 1326 883 1377 Sympos.
909 1328 980 1368 14.
1002 1334 1040 1364 et
1058 1325 1228 1363 Cornuto
1249 1322 1356 1362 N.D.
1376 1337 1407 1361 c.
1424 1325 1495 1364 14.

59 1379 220 1419 videbis.
255 1381 391 1419 WEss.

46 1490 49 1491 ⁷
171 1437 279 1477 253.
308 1439 379 1479 18.
406 1434 879 1490 Ἀπαθανατιζομένους
897 1440 947 1492 τῇ
968 1434 1081 1492 δόξῃ]
1111 1436 1353 1475 Carminibus
1373 1442 1499 1474 aeter-

57 1503 130 1529 nae
146 1492 270 1530 famae
289 1493 471 1543 traditos3
492 1508 566 1545 quo
587 1496 700 1533 modo
719 1496 879 1544 Eupolis
902 1495 1045 1532 dicitur
1063 1493 1380 1533 ἁπαθανατίσαι
1401 1490 1498 1538 τοὺς

57 1544 213 1599 ἄνδρας
240 1547 415 1600 Longino
438 1550 483 1587 de
515 1551 615 1602 Styl.
637 1550 797 1589 Sublim.
825 1566 857 1589 c.
882 1554 952 1593 16.
984 1565 1019 1601 p.
1044 1553 1146 1592 122.
1175 1558 1212 1587 et
1239 1550 1394 1599 Hippon
1416 1551 1498 1585 cul-

56 1606 202 1640 tissime
229 1601 543 1646 ἀπαθανατῖσαι
570 1605 643 1647 τὸν
672 1604 861 1647 θάνατον
889 1605 962 1647 τὸν
991 1604 1140 1646 ἑαυτοῦ
1169 1606 1353 1645 Clement.
1386 1607 1496 1642 Alex.

56 1657 247 1709 Protrept·
276 1674 312 1710 p.
336 1662 410 1702 48.
446 1662 526 1700 Nec
545 1665 673 1701 minus
701 1671 882 1710 venuste,
914 1666 987 1701 etsi
1007 1678 1079 1701 usu
1098 1664 1330 1710 diversiooe,
1361 1662 1495 1700 Philo-

57 1715 198 1764 sophus
217 1715 342 1754 Ethic.
359 1717 411 1755 X.
439 1721 480 1758 7.
504 1717 586 1771 χρὴ
610 1718 653 1758 δὲ
673 1717 743 1766 οὗ,
773 1722 920 1770 inquit,
947 1718 1055 1758 κατὰ
1076 1717 1175 1766 τοὺς
1188 1721 1494 1771 παραινοῦντας

56 1767 302 1824 ἀνθρώπινα
323 1779 511 1827 ᾳρονεῖν,
537 1774 763 1828 ἄνθρωπον
791 1773 914 1823 ὄντα,
943 1773 1038 1816 οὐδὲ
1058 1773 1197 1828 θνητοὶ
1223 1775 1296 1815 τὸν
1320 1772 1496 1826 θνητὸν,

55 1823 143 1865 ἀλλ’
178 1822 240 1880 ἐφ’
274 1825 374 1868 ὅσον
406 1829 607 1882 ἐνδέχεται
636 1829 981 1881 ἀπαθανατίζειν,
1023 1835 1047 1869 i.
1079 1846 1111 1870 e.
1153 1833 1495 1869 immortalitatem

54 1884 245 1921 meditari
271 1892 392 1936 atque
419 1895 588 1926 aeterna
610 1889 754 1926 moliri.
786 1888 864 1927 Sed
891 1889 980 1926 vide
999 1889 1048 1926 ad
1070 1888 1153 1925 Lib.
1171 1888 1200 1925 I.
1227 1891 1265 1929 1.
1285 1895 1324 1925 et
1344 1887 1393 1927 11.
1417 1889 1493 1927 20.

53 1938 190 1977 Wssss.

165 1996 272 2036 253.
299 1998 374 2037 24.
413 1996 810 2052 Μεταβιβάσωμεν]
860 1999 1000 2051 Recipe
1029 1997 1388 2052 μεταβιβάσομεν,
1416 2012 1490 2048 quo

50 2049 165 2089 modo
192 2053 288 2090 alias
321 2056 364 2091 in
391 2057 617 2094 transitione
644 2059 828 2107 loquitur.
857 2057 993 2097 Ruon.
1046 2058 1181 2095 Simile
1208 2060 1346 2095 vitium
1379 2069 1493 2105 supra

52 2107 101 2145 11.
123 2107 197 2148 48.
228 2107 367 2146 ἎῙΕΒΒ.

165 2165 272 2204 253.
300 2165 372 2205 33.
400 2166 486 2205 Καὶ
505 2165 579 2207 τὸν
597 2164 720 2221 λόγον
739 2168 929 2216 ἐξισῶσαι
950 2175 1037 2216 τοῖς
1058 2165 1337 2220 τηλικούτοις]
1387 2169 1492 2217 Una,

53 2219 125 2276 sed
151 2223 325 2258 maxima
354 2221 590 2271 defficullas,
629 2228 734 2276 quod
751 2226 851 2264 haec
881 2238 1057 2276 aequare
1085 2228 1270 2273 (licendo,
1308 2228 1487 2264 arduum.

55 2274 123 2310 sic
141 2275 241 2312 Plin.
270 2276 312 2314 L.
334 2277 436 2315 VIII.
465 2279 534 2328 Ep.
555 2281 598 2320 4.
629 2282 836 2319 Sallustius
851 2296 943 2321 vero
963 2282 1116 2319 Catilin.
1140 2284 1180 2322 3.
1211 2284 1394 2334 inprimis
1419 2297 1490 2319 αν-

54 2331 170 2367 duum
203 2333 362 2370 videtur
392 2347 457 2372 res
481 2344 619 2385 gestas
649 2339 845 2375 seribere.-
879 2341 1053 2391 primum
1086 2341 1191 2389 quod
1214 2340 1351 2386 factis
1379 2341 1488 2376 dicta

53 2393 147 2422 sunt
175 2392 447 2438 exaequanda.
495 2392 619 2442 Atque
649 2393 719 2431 hae
757 2402 957 2444 perpetuae
985 2395 1257 2432 historicorum
1287 2398 1487 2443 querelae3

53 2449 183 2489 estque
212 2446 381 2491 profecto
409 2458 488 2483 non
506 2452 676 2487 omnium
704 2447 927 2503 ἶσόζίῥοπος
947 2454 1030 2490 τῶν
1061 2449 1186 2502 ἔργων
1217 2447 1237 2490 ὃ
1269 2448 1412 2502 λόγος,
1443 2459 1487 2488 ut

51 2496 218 2535 Pericles
248 2500 347 2549 apud
377 2500 591 2553 Thucydid.
619 2505 667 2542 II.
686 2507 761 2545 42.
785 2510 852 2543 ait.
895 2506 1076 2544 Libanius
1106 2521 1149 2544 ea
1177 2513 1331 2557 propter
1366 2507 1411 2544 T.
1436 2508 1484 2544 II.

49 2554 212 2619 pglog·
242 2567 397 2623 prorsus
415 2558 464 2595 ad
485 2558 647 2598 Diodori
664 2569 850 2609 mentem,
880 2565 1065 2614 πολλαχῆ·
1088 2561 1135 2601 δέ
1146 2579 1216 2613 μοι
1239 2564 1355 2602 δοκεῖ
1365 2565 1487 2614 χαλε-

8 2628 13 2631 ·
49 2623 130 2701 ἴξιν
150 2612 250 2648 εἶναι
283 2626 358 2663 την
388 2610 592 2667 εὐφημίαν
618 2622 709 2664 ταῖς
737 2621 820 2657 τῶν
849 2619 1054 2669 βασιλέων
1085 2616 1252 2668 ἀρεταῖς
1283 2618 1485 2665 ἐξισῶσαι.

106 2675 186 2703 Ess.

164 2722 272 2786 254.
295 2722 370 2763 45.
404 2720 480 2763 Ἐκ
499 2727 574 2778 τῆς
595 2725 814 2776 ἀσθενείας
839 2732 922 2769 τῶν
945 2732 1018 2769 νῦν
1047 2727 1312 2783 ἀνθρώπων]
1346 2731 1487 2769 Nostri

51 2781 237 2828 tempor-28
262 2778 479 2827 hominum5
508 2785 573 2831 qui
595 2781 634 2823 οἱ
652 2787 724 2825 νῦν
745 2785 928 2824 Straboni
950 2786 978 2823 l.
1005 2799 1041 2835 p.
1065 2789 1137 2827 67.
1158 2787 1216 2835 A„
1247 2786 1286 2828 οἱ
1304 2791 1376 2827 νῦν
1410 2786 1484 2827 ἄν·
