1828 3253
302 175 358 215 68
762 168 1273 209 ANNOTATIONES

304 287 400 324 tiam
431 284 658 334 descriptum
684 289 948 334 servatumque
977 296 1081 321 esse:
1127 296 1221 335 quae
1253 290 1380 321 tamen
1409 286 1626 323 coniectura
1654 293 1734 324 tum

309 343 458 379 demum
489 343 571 378 iure
600 341 701 377 facta
721 341 935 387 videbitur,
965 342 997 378 si
1017 339 1116 389 quod
1136 341 1290 378 aliunde
1308 343 1368 378 illi
1386 343 1502 379 robur
1527 348 1566 379 et
1587 343 1733 391 pondus

304 398 517 436 accesserit.
545 396 677 433 XVESS.

416 454 490 494 48.
510 454 580 493 73.
599 450 685 491 ’Έτι
709 449 754 492 δὲ
774 448 1028 505 κισσηρώὸη]
1068 451 1216 489 Codicis
1245 451 1302 492 Cl.
1325 456 1367 493 2.
1409 455 1596 504 scriptura
1624 453 1735 491 huius

304 517 364 547 cst
402 505 750 562 παραδιόρθωσις.
818 508 1013 560 Aegyptus
1044 504 1302 562 κισσηρώὸης
1347 510 1393 547 ob
1426 512 1497 547 soli
1526 512 1735 561 ingenium,

305 565 407 616 quod
433 568 621 615 pumicem
658 565 933 613 quodammodo
971 565 1180 612 referebat,
1216 572 1259 602 ut
1287 567 1413 603 insula
1443 565 1570 603 Thera
1600 579 1648 603 ex
1672 579 1735 602 ea-

306 623 392 660 dem
416 635 551 659 caussa
596 617 854 674 κισσηρώὸης
880 619 947 660 καὶ
975 617 1211 676 πολι-φόρος
1229 623 1270 658 in
1294 620 1424 658 Schol.
1442 622 1600 660 Pindari
1622 622 1735 673 Pyth.

303 679 367 716 iv.
393 681 459 719 11.
487 677 620 715 wass.

415 736 488 775 48.
512 735 583 775 80.
616 730 742 784 Mede*
765 731 877 786 παρὰ
898 734 981 772 τῶν
1000 729 1184 782 εῗὸότων]
1206 731 1291 770 Hoc
1308 732 1460 783 quidem
1480 735 1571 771 satis
1590 735 1736 771 acerbe.

304 790 355 829 Et
373 798 500 828 tamen
514 817 526 837 ,
552 791 629 826 nisi
646 791 784 827 falsum
804 790 962 827 tradidit
981 790 1239 840 Porphyrius,
1276 789 1456 840 Aegyptii
1474 797 1623 827 veteres
1645 803 1734 827 cen-

303 848 461 893 sebant,
498 843 544 885 τὸ
581 842 693 897 ’ὕδωρ
735 842 922 885 κάτωθεν
965 843 1301 896 ἀναβλίυταιίἐιν
1342 848 1391 899 τῇ
1429 842 1626 897 ἀναβάσει
1659 847 1733 885 τοῦ

304 903 479 949 Nestor,
516 914 651 950 aquam
674 916 693 938 e
714 904 877 939 terrain
908 902 990 939 Nili
1009 904 1252 939 incrementis
1282 903 1486 945 scaturire,
1519 910 1735 952 propterea-

304 971 375 1008 que
395 960 524 996 Nilum
550 956 705 1009 ἱδρῶτα
727 960 800 1009 τῆς
816 960 890 1010 γῆς
938 963 1072 996 terrae
1098 960 1277 997 sudorem
1314 965 1415 995 recte
1446 959 1522 996 dici
1553 961 1593 995 in
1623 957 1734 996 Com-

302 1022 417 1052 ment.
435 1015 560 1051 Procli
579 1016 620 1051 in
632 1013 831 1052 Timaeum
851 1027 886 1062 p.
903 1015 987 1061 37,
1007 1016 1072 1052 ubi
1092 1023 1130 1051 et
1149 1029 1192 1051 ea
1213 1017 1401 1051 sententia
1418 1015 1643 1062 rationibus,
1674 1015 1735 1052 his

300 1071 434 1108 Nostri
453 1083 529 1107 non
554 1072 713 1107 multum
734 1071 1001 1118 dissimilibus,
1033 1072 1269 1121 infringitur.
1296 1070 1430 1109 wass,

411 1127 483 1166 48-
507 1127 578 1167 85.
602 1125 741 1166 Πλείω
762 1129 844 1166 τῶν
871 1123 1168 1180 ἑξακισχιλίων]
1196 1126 1306 1164 Conf.
1328 1140 1440 1176 supra
1468 1141 1500 1166 c.
1525 1127 1597 1167 30.
1642 1125 1735 1164 Mox

300 1181 394 1235 πρὶν
422 1179 446 1234 ἢ
478 1184 616 1229 malui,
655 1183 755 1232 quod
789 1189 827 1221 et
857 1185 973 1231 alias,
1018 1186 1168 1235 scriptis
1197 1183 1463 1221 addicentibus
1494 1185 1624 1233 libris,
1656 1196 1734 1220 non

299 1251 485 1288 spernam.
514 1239 647 1276 WEss.

411 1296 486 1335 48.
520 1296 593 1335 90.
636 1297 822 1335 Τοσοῖτο
853 1293 1044 1348 πλῆθος]
1088 1294 1305 1334 Relativum
1342 1295 1444 1334 istud
1483 1303 1734 1348 exaggerato·-

300 1351 400 1388 rium
429 1353 513 1388 loco
544 1353 773 1389 movendum
802 1365 879 1389 non
909 1366 991 1389 esse
1014 1353 1188 1390 arbitror.
1244 1352 1472 1402 Respectum
1494 1356 1595 1390 enim
1621 1352 1733 1390 habet

298 1407 347 1444 ad
378 1408 578 1445 mirificam
604 1408 686 1446 Nili
715 1409 1032 1456 exundationem,
1071 1421 1165 1457 quae
1185 1412 1366 1448 maiorem
1384 1423 1566 1459 aquarum
1586 1412 1733 1460 copiam

297 1463 492 1515 deposcit,
524 1477 637 1513 quam
661 1476 756 1514 quae
778 1469 952 1503 cavernis
972 1472 1094 1504 terrae
1114 1467 1368 1504 contineatur.
1401 1465 1535 1502 RHon.

407 1521 481 1560 48.
503 1522 576 1561 97.
612 1518 672 1560 Τὸ
694 1521 850 1571 ψεῦδος
871 1524 944 1573 τῆς
963 1536 1004 1561 τε
1025 1518 1350 1573 ποταμοχώστου
1364 1522 1451 1576 γῆς]
1477 1521 1595 1569 Haec,
1627 1534 1734 1572 pres-

296 1578 375 1613 sius
399 1579 433 1614 si
451 1579 615 1625 urseris,
641 1589 720 1614 non
739 1578 834 1615 bene
858 1580 936 1616 illis
965 1581 1216 1626 convenient,
1258 1590 1353 1627 quae
1373 1593 1404 1617 c.
1437 1580 1508 1619 34.
1538 1580 1732 1629 professus

298 1639 366 1670 est.
424 1632 578 1681 Voluit,
610 1641 723 1684 puto,
755 1641 932 1686 aggestae
961 1634 1048 1672 huic
1065 1642 1188 1672 terrae
1211 1639 1396 1673 cavitates
1426 1642 1465 1672 et
1488 1643 1655 1683 meatus,
1688 1638 1731 1673 in

297 1689 433 1738 quibus
458 1702 555 1738 aqua
577 1689 838 1740 conprehensa
864 1692 1018 1738 lateret,
1049 1704 1200 1742 negare.
1226 1691 1360 1729 Wnss.

405 1746 480 1786 48.
505 1747 578 1786 99.
619 1748 716 1786 Τῶν
744 1745 786 1786 ἓν
812 1743 974 1794 τούτοις
1001 1745 1191 1801 ἐλέγχων]
1231 1748 1446 1786 Articulum
1477 1746 1539 1786 hic
1560 1749 1730 1786 ociosum

297 1814 401 1850 csse,
436 1802 550 1839 facile
569 1806 814 1841 concesseris.
842 1801 975 1841 RHoD.

407 1858 480 1899 48.
495 1860 536 1898 2.
564 1856 736 1911 Πολλὴν
751 1854 894 1913 χώραν
912 1856 1121 1912 πεποίηκε]
1136 1858 1335 1900 Maeandri
1353 1873 1537 1910 campum,
1560 1856 1730 1901 Macch-

297 1912 396 1965 ὅρου
428 1914 566 1954 πεδίον
599 1915 784 1954 Herodot.
821 1915 869 1953 Π.
895 1918 964 1957 10.
1002 1929 1051 1954 ex
1088 1924 1245 1969 aggesto
1276 1920 1368 1955 limo
1397 1925 1549 1965 natum,
1588 1917 1727 1955 Strabo

295 1968 385 2009 XII.
407 1983 444 2019 p·
467 1974 570 2012 868.
626 1971 812 2021 Prienen,
842 1975 940 2010 mari
960 1974 1052 2010 olim
1071 1974 1339 2021 accubantem,
1361 1977 1553 2011 continuis
1573 1973 1729 2011 Maean-

298 2025 358 2062 dri
374 2028 630 2065 alluvionibus
649 2030 690 2065 in
712 2031 793 2066 solo
812 2030 1090 2067 mediterraneo
1120 2031 1344 2068 collocatam
1363 2030 1566 2081 significat.
1592 2030 1726 2067 lVEss.

408 2083 481 2124 48.
502 2085 544 2123 4.
569 2079 617 2122 ‘O
634 2081 831 2135 Ἀχελῶος
850 2083 1054 2138 ποταμὸς]
1082 2086 1297 2124 Echinades
1317 2101 1403 2125 eum
1431 2088 1576 2124 insulas
1599 2093 1637 2123 et
1668 2087 1727 2123 fe‘-

298 2139 393 2174 cisse
447 2146 484 2176 et
509 2141 680 2178 conditas
707 2152 824 2191 paene
853 2143 1065 2180 continenti
1101 2144 1273 2180 iunxisse
1316 2143 1455 2181 docent
1481 2142 1727 2194 Thucydides

298 2192 346 2230 Il.
373 2195 470 2234 102.
494 2195 655 2234 Pausan.
674 2197 774 2234 VIII.
795 2198 866 2238 24.
886 2211 922 2248 p.
945 2199 1050 2239 647.
1077 2206 1115 2235 et
1135 2199 1273 2236 Strabo
1291 2199 1343 2237 X.
1365 2200 1515 2250 p.703.
1537 2198 1583 2238 A.
1614 2212 1725 2249 quem

299 2255 337 2285 et
355 2250 401 2286 de
427 2249 587 2300 Cephiso
616 2253 705 2291 vide
733 2253 805 2291 IX.
824 2267 859 2304 p.
885 2256 989 2295 624.
1007 2254 1052 2294 Β.
1112 2254 1155 2292 Id
1176 2269 1268 2294 vero
1314 2257 1414 2306 quod
1435 2257 1480 2293 de
1505 2255 1725 2303 Maeandro,

297 2304 464 2342 Acheloo
489 2314 526 2343 et
557 2307 719 2356 Cephiso
747 2309 806 2348 hic
829 2311 1026 2359 proditur,
1062 2313 1238 2348 omnibus
1264 2326 1346 2349 esse
1368 2313 1497 2350 fluviis
1526 2325 1722 2349 commune

297 2373 358 2398 res
386 2365 467 2410 ipsa
494 2373 622 2401 monet
649 2372 687 2402 et
716 2367 762 2403 ab
782 2367 914 2404 eodem
933 2367 1147 2405 ostenditur
1172 2367 1214 2405 L.
1234 2367 1263 2407 1.
1285 2382 1320 2418 p.
1345 2371 1420 2409 91.
1450 2368 1583 2406 WESS.

406 2418 480 2458 48.
501 2420 542 2458 9.
572 2417 875 2475 Ὠλιγωρηκότα
907 2425 983 2474 τῆς
1018 2420 1236 2475 ἀληθείας]
1265 2424 1373 2462 Nihil
1402 2425 1548 2462 Seneca
1574 2424 1722 2462 dissen-

294 2475 394 2510 tiens
427 2474 627 2526 Ephorus,
656 2479 798 2527 inquit,
831 2492 906 2517 non
935 2481 1256 2530 religiosissimae
1265 2482 1390 2529 fidei,
1423 2494 1541 2532 saepe
1562 2483 1722 2533 decipit,

294 2541 411 2581 saepe
442 2532 638 2582 decipitur
672 2532 754 2574 VH.
776 2535 820 2578 Q.
840 2534 888 2574 N.
914 2537 984 2576 16.
1040 2536 1150 2580 Quod
1177 2538 1372 2588 utriusque
1409 2537 1593 2575 iudicium
1629 2551 1721 2575 con-

292 2586 418 2623 firmat
439 2586 485 2624 G.
504 2587 557 2624 lo.
586 2589 743 2626 Vossius
767 2590 795 2627 Ι.
813 2590 862 2627 H.
882 2591 1016 2629 Graec.
1040 2594 1079 2633 7.
1109 2591 1244 2631 Wssss.

354 2647 356 2650 ’
404 2643 477 2682 49.
502 2644 572 2683 15.
593 2641 911 2693 Ἀντιπεπονθὸς
937 2653 1028 2694 ταῖς
1059 2644 1200 2702 ὥραις]
1231 2648 1334 2686 Bene
1353 2647 1590 2687 Rhodoman.
1617 2662 1719 2700 quae

293 2701 501 2736 contraria
521 2699 640 2737 habet
664 2702 760 2738 anni
779 2708 965 2754 tempora.
1025 2703 1308 2755 Theophrastus
1339 2706 1385 2743 de
1405 2705 1536 2756 Lapid.
1557 2719 1592 2756 p.
1613 2707 1718 2745 393.

292 2753 359 2791 καὶ
381 2753 528 2801 ἐκεῖνος
545 2755 620 2806 μὲν
647 2753 779 2811 τούτῳ
814 2756 891 2812 (τῷ
911 2758 1039 2814 λίθῳ)
1076 2757 1211 2811 ὥσπερ
1232 2759 1560 2808 ἀντιπεπονθώς,
1598 2769 1639 2799 et
1654 2762 1719 2799 Ιιίσ

292 2812 443 2858 quidem
462 2812 564 2863 lupis
581 2813 642 2850 illi
657 2816 902 2852 contrarium
923 2815 1042 2854 habet
1062 2819 1269 2867 ingenium.
1327 2818 1414 2856 Alio
1432 2831 1503 2856 usu
1523 2818 1718 2870 Pythago-
