1828 3253
419 144 487 185 IN
514 142 628 184 LIB.
655 143 783 185 XIV.
822 143 950 186 CAP.
997 147 1069 191 30.
1102 147 1176 188 31.
1415 147 1510 189 743

59 259 255 310 afficiunt.
302 261 385 304 Qua
412 261 454 297 in
479 272 522 296 re
550 258 632 296 abit
663 259 710 296 ab
728 259 934 324 Apollonio
963 258 1187 307 11.1028.‚
1218 259 1348 300 inedia
1378 273 1507 314 regem

59 321 188 356 statim
207 318 256 355 ob
282 318 340 354 ius
360 317 459 353 male
481 315 609 352 datum
633 317 786 352 enecari
806 315 1003 354 tradente:

220 368 371 423 Αὐτὰρ
393 370 434 409 ἒν
455 366 664 424 ὖψίστιιιι
639 368 809 420 βασιλευ
813 386 833 417 ς
853 367 1030 422 μόσσυνι
1055 367 1262 412 θαάσσων

216 425 368 473 Ἰθειας
395 425 580 466 πολέεσσι
603 425 721 473 ὁικας
747 427 882 466 λαοῖσι
906 423 1054 474 δικάζει

221 481 424 534 Σχέτὶιος·
451 479 502 534 ἧι
513 497 628 576 γαρἸ
618 497 697 521 που
717 481 756 521 τὶ
778 478 1032 533 θεμιστεύων
1055 480 1258 535 ἀλίτηται,

218 539 350 593 Λιμῷ
374 553 444 589 μιν
467 553 548 577 κειν
584 552 694 590 ι’μαρ
714 536 1033 584 ἕνικλειψσαιτες
1020 554 1192 589 εχουσιν.

52 593 143 632 Scio
171 594 220 634 Is.
251 595 429 632 vossium
461 594 630 631 studiose
661 593 784 631 Melae
816 608 884 632 suo
914 602 1047 633 contra
1071 595 1291 633 Pintianum
1309 596 1494 647 adfuisse,

50 652 115 689 sed
136 651 318 688 Nicolaus
347 649 607 687 Damascenus
626 651 745 688 verba
771 651 966 700 Apollonii
987 654 1027 688 in
1049 653 1163 689 aliam
1186 655 1412 689 sententiam
1432 653 1497 690 in-

50 713 292 774 terpretatur.
339 702 433 744 Ἐὰν
463 703 513 745 ὁέ
542 720 604 752 τις
633 702 734 759 δόξῃ
768 709 904 752 κακῶς
933 721 1031 746 ποτε
1059 709 1388 757 βεβουλεῦσθαι,
1433 711 1492 748 τῶ

48 765 154 818 λιμοι
188 759 316 802 αὐτὸν
344 759 630 802 ἀποκτείνουσι
668 763 709 800 iu
729 762 912 813 Excerpt
931 762 1077 800 Valesii
1111 776 1146 812 p.
1174 765 1278 804 517.
1301 764 1434 801 Wiss.

161 820 267 859 666.
296 819 367 858 79.
410 814 751 870 Βαρβαριιιτατον
782 815 825 856 δ’
861 816 1024 886 ἔφασαν
1057 817 1095 858 οἱ
1115 822 1364 872 στρατιῶται
1385 827 1456 857 etc.
1470 818 1490 873 ]

44 874 263 924 Xenophon
292 874 423 914 cadem
453 877 581 913 omnia
610 873 654 913 L.
675 874 720 912 V.
738 888 776 926 p.
797 876 906 916 277.
896 902 929 923 .,
960 878 1024 913 cui
1053 875 1150 913 adde
1170 875 1348 928 Apollon.
1365 875 1489 915 Rhod-

45 931 92 968 ll.
117 932 252 972 1020.
281 931 416 970 IVEss.

157 989 264 1028 666.
296 989 367 1028 86.
394 984 473 1026 ‘'J-Iit
494 982 666 1026 ἐκάλουν
692 981 967 1039 Τιβαρηνῆν]
999 985 1067 1024 Sic
1086 988 1260 1038 regionis
1281 1001 1420 1026 nomen
1438 1000 1487 1026 ex

43 1045 270 1093 scriptorum
289 1044 475 1080 librorum
496 1044 671 1093 vestigiis
691 1043 845 1081 refinxi.
884 1042 1103 1093 Xenophon
1129 1045 1375 1095 Τιβαρηνῶν
1402 1041 1487 1095 χώ-

43 1112 135 1152 ραν,
155 1099 380 1149 Apallonius
402 1097 474 1135 Rh.
496 1098 543 1137 lI.
565 1101 699 1139 1012
704 1099 992 1165 Τιβαρηνίδα
1011 1103 1133 1151 γαῖαν
1152 1100 1330 1149 adpellat.
1353 1100 1399 1138 W
1403 1111 1485 1137 Ess.

155 1157 267 1198 666
299 1158 371 1196 88
410 1150 669 1206 Πεντήκονθ)
693 1149 852 1207 ἡμέρας
875 1152 1117 1221 διέτριψαν]
1156 1155 1378 1205 Xenophon
1397 1171 1485 1195 τετ-

40 1207 275 1264 ταράκοντα
294 1210 362 1250 καὶ
381 1209 520 1258 πέντε,
549 1213 614 1259 qui
633 1217 671 1248 et
689 1211 821 1249 urbem
840 1207 1048 1264 Κοτυωρα
1076 1219 1191 1250 vocat
1209 1209 1354 1262 Ἀναβ
1371 1212 1414 1250 L.
1437 1213 1483 1251 V.

40 1282 76 1317 p.
99 1270 208 1308 278.
258 1266 386 1304 Ceteri
412 1268 632 1316 plerumque
666 1281 714 1306 το
747 1262 952 1319 Κυτωρον
990 1274 1056 1304 aut
1088 1265 1161 1307 τὸν
1186 1263 1411 1318 Κυτιιιρον,
1440 1276 1485 1305 ut

40 1322 544 1371 StraboL.X11.p.82o.
580 1322 763 1372 Apollon
791 1321 984 1362 Rhod.11.
1008 1324 1114 1363 944.
1144 1331 1257 1374 atque
1286 1326 1365 1361 alii.
1411 1324 1483 1362 Di-

39 1381 222 1431 stinguit,
253 1380 398 1425 fateor,
425 1374 635 1430 Κοτυιιιρα
665 1384 704 1415 et
731 1374 935 1431 Κύτωρον
968 1378 1208 1429 Stephanus,
1237 1381 1304 1418 sed
1326 1382 1484 1430 iniuria,

39 1443 83 1474 ut
104 1438 179 1474 viri
200 1435 302 1472 docti
325 1435 467 1472 dudum
485 1440 728 1472 monuerunt.
758 1434 899 1474 Wssss.

151 1493 258 1531 666.
286 1491 362 1531 95.
407 1489 619 1543 ,Μέγιστον
639 1486 741 1539 εἶχεν
763 1487 924 1541 ἀξίωμα
953 1492 1037 1531 τῶν
1062 1489 1154 1543 περὶ
1179 1488 1277 1538 τοῦς
1296 1487 1482 1542 τόπους]

34 1546 263 1585 Eustathius
292 1546 352 1584 his
383 1559 475 1584 usus
495 1554 555 1584 est
582 1547 630 1583 ad
649 1545 833 1597 Dionysii
852 1560 889 1583 v.
914 1548 1017 1587 772.
1057 1546 1193 1585 Fuisse
1213 1547 1389 1598 Sinopen
1406 1548 1483 1586 Mi-

35 1604 217 1641 thridatis
248 1605 394 1654 regiam
434 1612 471 1640 et
507 1609 708 1652 propterea
744 1616 767 1640 a
794 1601 837 1639 L.
867 1602 1028 1640 Lucullo
1057 1611 1314 1655 expugnatam
1349 1612 1483 1642 notum

35 1673 85 1697 ex
115 1660 305 1697 Strabone
334 1659 379 1698 L.
400 1658 493 1698 XII.
525 1672 562 1709 p.
585 1660 690 1700 821.
729 1664 769 1696 et
795 1659 897 1697 Plut.
932 1662 979 1697 iu
1005 1658 1166 1697 Lucullo
1194 1674 1230 1710 p.
1254 1662 1360 1704 506.
1387 1663 1482 1698 satis

33 1723 103 1756 est.
131 1716 269 1753 WEss.

147 1774 255 1814 666.
288 1773 326 1812 l·
358 1769 589 1825 ΖΙἸεγαρέων
611 1768 810 1811 &nemori
838 1771 1124 1822 Megarensium
1144 1774 1331 1810 coloniam
1357 1773 1479 1810 fuisse

34 1830 284 1866 consentiunt
301 1835 454 1866 veteres
472 1831 659 1878 plerique.
697 1827 838 1865 Sabo
859 1835 985 1865 tamen
1004 1828 1048 1867 L.
1070 1828 1161 1866 XII.
1182 1842 1217 1878 p.
1242 1830 1347 1869 816,
1385 1830 1478 1867 Zm-

33 1886 189 1936 quot'wv
221 1884 372 1935 κτίσμα
402 1885 595 1934 perhibet,
637 1890 795 1922 notatus
823 1891 862 1920 et
892 1897 916 1922 a
949 1882 1174 1922 casaubono
1205 1891 1242 1920 et
1274 1885 1479 1921 Palmerio.

34 1940 122 1979 Nou
145 1943 260 1991 longe
283 1942 329 1977 ab
360 1942 454 1978 urbe
483 1937 866 1993 παι-Ἀχερουσιὰς
886 1936 1179 1993 λέῥρόνησος,
1205 1941 1319 1977 sicuti
1343 1939 1479 1977 Xeno-

34 1996 173 2046 phonti
202 1998 343 2034 dicitur
368 1996 412 2036 L.
443 1997 508 2034 VI.
535 2011 570 2046 p.
599 1998 706 2036 292.
739 2003 777 2033 et
811 1995 1154 2045 Sch01*.Apollon.
1181 1996 1478 2043 11.730.‚ubi

32 2053 239 2091 Herculem
270 2055 316 2090 ab
346 2054 481 2090 inferis
504 2052 711 2090 Cerberum
739 2054 953 2089 extlaxisse
988 2056 1102 2090 etiam
1131 2051 1343 2102 Dionysius
1373 2039 1479 2089 enuit

33 2109 183 2160 Perieg.
214 2124 251 2147 v-
279 2111 396 2156 790...
419 2115 458 2146 et
482 2111 590 2147 numi
625 2106 982 2148 HPAKAEIAC
1010 2109 1089 2147 EN
1118 2109 1313 2148 JIONT
1301 2108 1348 2147 Οι
1377 2108 1478 2158 apud

32 2166 283 2203 Vaiilantium
303 2173 341 2202 et
363 2164 636 2215 spanhemium
665 2165 889 2202 ostendunt
916 2163 1038 2202 Porro
1057 2171 1096 2201 et
1115 2164 1209 2202 haec
1227 2164 1390 2202 Diodori
1409 2177 1476 2201 ex-

34 2224 188 2269 scripsit
206 2221 431 2259 Eustathius
451 2223 500 2259 ad
520 2221 704 2271 Dionysii
722 2236 763 2259 v.
784 2221 890 2260 791.
919 2220 1059 2258 WEss.

146 2279 253 2318 666.
291 2280 334 2318 6.
367 2274 537 2330 ΙΠόγις]
579 2274 722 2324 Μόλις
751 2275 846 2327 Reg.
877 2278 938 2324 1.,
977 2289 1072 2325 quae
1096 2279 1240 2326 passim
1271 2277 1478 2327 permutari

35 2332 146 2370 docet
168 2332 435 2371 Hemsterhus.
454 2335 502 2371 ad
524 2333 685 2371 Luciani
703 2333 789 2370 Iud.
806 2332 936 2369 Vocal.
961 2347 992 2369 o.
1014 2335 1058 2373 4.
1092 2333 1227 2371 Ἆ7Ε88.

148 2391 254 2430 666.
283 2393 322 2431 8.
366 2389 591 2441 Τρισχίλιοι
612 2385 876 2440 ὀκτακόσιοι]
917 2388 962 2426 lu
981 2389 1041 2426 his
1063 2392 1231 2427 numeris
1249 2389 1387 2426 menda
1407 2394 1478 2426 est.

35 2442 336 2483 Rhodomannus
365 2446 642 2496 adscripserat,
678 2447 722 2482 in
749 2443 1008 2492 Xenophonte
1038 2445 1083 2482 V.
1114 2444 1271 2495 Ἀναβ.
1302 2460 1335 2495 p.
1369 2446 1477 2484 273.

35 2497 358 2551 ιικτακισχιλιόυς
377 2502 444 2540 καὶ
464 2498 700 2550 ἑξακοσίους
723 2503 930 2548 numerari,
959 2504 1040 2539 sive
1064 2510 1149 2539 octo
1171 2503 1296 2539 millia
1328 2509 1368 2538 et
1388 2513 1480 2538 sex-

37 2563 194 2603 centos,·
221 2559 322 2606 quod
349 2571 505 2605 verum,
537 2559 688 2595 tametsi
709 2570 890 2593 numerus
908 2560 941 2594 is
964 2560 1083 2594 initus
1115 2559 1170 2595 ibi
1191 2558 1338 2594 dicatur
1359 2556 1481 2593 Cera-

37 2619 169 2650 sunte:
199 2614 360 2651 eundem
390 2617 490 2651 enim
515 2615 629 2653 facile
660 2613 943 2650 consummabis
971 2626 1018 2650 ex
1047 2615 1148 2661 iuis,
1178 2626 1273 2662 quae
1295 2613 1335 2649 Ιι.
1358 2613 1420 2649 Vl.
1442 2627 1478 2662 p.

37 2669 145 2707 294.
175 2670 324 2716 prodita
342 2672 534 2720 leguntur.
565 2668 690 2714 Quid?
721 2676 853 2706 auctor
876 2671 954 2718 ipse
976 2684 1010 2706 c.
1028 2671 1100 2709 37.
1131 2668 1480 2718 πεντακισχιλίους

38 2737 169 2761 eorum
201 2726 320 2762 refert
342 2726 474 2763 ducem
505 2727 580 2764 sibi
598 2724 897 2774 Xenophontem
927 2728 1079 2777 legisse.
1120 2725 1280 2763 Constat
1310 2738 1400 2776 ergo
1435 2725 1482 2761 de

39 2781 189 2817 mendo.
231 2782 304 2825 Qui
326 2795 418 2819 vero
438 2786 587 2820 numeri
615 2782 801 2820 substitui
833 2781 1017 2830 debeant,
1038 2795 1088 2820 an
1107 2780 1404 2832 Xenophontis,
1434 2793 1485 2818 an
