1828 3253
421 155 480 194 lN
511 153 624 193 1418.
660 154 690 194 1.
726 152 851 192 CAP.
889 151 961 193 34.
993 154 1066 193 35.
1400 154 1457 195 59

24 275 155 324 Prosp.
184 273 363 323 Alpinum
389 269 434 307 de
465 268 599 308 Plant
623 266 785 319 Aegypt.
818 267 955 308 c.1.0
988 266 1200 316 notabuntg
1238 279 1309 306 nec
1341 268 1460 306 alium

26 333 209 381 intelligit
228 329 284 368 Cl.
309 328 518 364 Salmasius
539 328 579 362 in
601 324 723 361 Solin.
746 339 779 374 p.
804 325 909 364 931.
943 323 1073 361 NVFsS.

136 388 210 426 41.
232 386 302 426 83.
325 380 378 423 ‘⁴0
398 383 473 421 καλ
478 382 525 419 οὗ
530 395 568 421 σι
589 377 747 448 ζύθος]
777 379 843 418 Sic
865 386 1043 430 praestat.
1088 377 1147 419 Τὸ
1172 377 1298 429 ζύθος
1320 379 1459 418 Strabo

26 443 99 480 XV
105 442 148 480 ΙΙ.
169 457 204 492 p.
227 441 359 482 1179.
383 437 424 475 C.
451 434 498 477 τὸ
519 436 561 476 ἐν
579 433 780 491 Αἷγυπτῳ
808 438 883 475 καλ
889 432 985 487 οὗιιε
990 451 1060 475 νον
1081 432 1209 484 ζύθος
1240 436 1463 486 'lheophra-

26 507 106 537 stus
140 499 202 535 Vl.
231 496 360 534 C·.1uss
390 494 516 531 Plant.
552 494 620 534 15.
651 500 688 531 et
715 478 818 532 in¹fra
845 493 909 530 IV.
939 495 981 533 2.
1011 492 1118 530 Adde
1147 492 1266 531 Hadr.
1291 494 1393 531 lunu
1410 492 1460 533 ΙΙ

30 554 230 593 Animadv.
253 555 324 594 12.
350 551 484 589 VVESS.

134 623 209 663 41
235 623 305 664 86
335 613 756 673 ῙΙροσα9ορευόμειον
787 615 831 658 δὲ
855 615 977 668 Κίκι]
1008 616 1191 655 Straboni
1211 615 1313 656 κίκκι
1334 616 1409 653 XV
1412 616 1462 655 ΙΙ.

26 694 61 730 Ρ
83 679 216 720 1179.
240 676 304 725 0.,
331 678 468 714 ceteris
499 689 601 724 717c,
634 675 735 711 unde
768 673 916 714 κίκιιοι
946 671 1081 714 «ἔλαιον
1111 673 1324 712 GalenoV.
1354 675 1463 723 simp.

25 734 224 774 Medicam.
252 734 383 772 facult.
414 745 451 782 p.
484 733 555 772 82.
595 730 680 768 Soli
710 730 898 769 Gronovii
926 730 1122 768 Herodoto
1153 730 1201 767 lI.
1230 730 1306 770 94.
1343 725 1463 781 Τηκι,

24 792 125 841 quod
156 790 316 828 schedae
345 787 565 835 Mediceae,
589 787 688 825 fidae
717 788 898 836 quidem
887 801 928 825 ln
950 789 1104 835 multis,
1135 787 1200 824 sed
1221 785 1381 823 schedae
1405 792 1465 823 ta-

22 861 133 895 men,
162 861 184 885 a
206 849 290 886 viro
312 846 533 882 doctissimo
560 847 822 894 inpetrarunt,
850 850 893 881 ut
921 846 1089 881 omnium
1116 845 1337 881 auctoritati
1355 855 1466 890 prae·

23 910 239 954 poneretur.
293 901 352 939 De
377 900 543 939 Diodori
570 907 695 938 autem
722 901 850 939 verbis
880 900 979 938 nihil
1007 903 1136 950 ntique
1169 899 1404 946 addidisset,
1432 900 1467 937 si

23 960 73 998 H.
96 959 285 1010 Stephani
303 958 508 996 editionem
527 958 566 994 in
588 959 790 994 consilium
809 959 960 995 mittere
989 958 1248 995 sustinuisset.
1274 955 1410 993 VVEss.

134 1027 209 1067 41.
231 1026 304 1067 94.
340 1026 439 1073 Τοῖς
463 1023 640 1077 χηνείοις
669 1021 964 1077 παραπλήσια]
995 1024 1109 1062 Haud
1137 1026 1249 1061 aliter
1280 1021 1466 1060 Herodot.

26 1083 77 1123 ll.
104 1085 176 1124 68.
195 1083 356 1121 Aristot.
377 1081 422 1118 V.
443 1080 492 1119 H.
521 1081 564 1118 A.
588 1082 660 1121 32.
687 1080 838 1119 Plinius
863 1081 964 1118 Vm.
985 1080 1034 1117 H.
1064 1080 1112 1118 N.
1133 1082 1207 1120 25.
1237 1093 1373 1117 verum
1399 1080 1467 1116 ille

26 1150 116 1177 xvu
147 1140 360 1177 cubitorum
389 1137 690 1189 longitudinem,
718 1140 789 1175 iste
820 1148 901 1186 xv,
933 1137 995 1175 hic
1023 1137 1291 1188 duodeviginti
1322 1136 1467 1172 bestiae

25 1196 173 1234 tribuit.
200 1195 348 1232 Aelian.
380 1193 504 1231 XVII.
524 1193 572 1231 H.
595 1194 639 1230 A.
663 1196 704 1234 6.
733 1195 968 1232 crocodilum
986 1207 1077 1245 rege
1101 1190 1381 1232 Psammeticho
1401 1205 1468 1229 cu·-

25 1253 190 1290 hitorum
218 1261 309 1288 xxv
338 1256 377 1287 et
405 1249 582 1287 Amaside
612 1252 823 1300 palmorum
850 1257 1013 1300 quatuor
1042 1262 1157 1298 supra
1186 1258 1293 1286 XXVI
1325 1249 1469 1295 cubita,

23 1308 157 1357 Prosp.
188 1315 313 1346 autem
342 1306 469 1356 Alpin.
495 1305 558 1343 IV.
577 1305 666 1343 Rer.
688 1306 862 1359 Aegypt.
888 1308 927 1348 5.
955 1316 1048 1345 xxx
1078 1305 1296 1345 cubitorum
1321 1307 1364 1343 in
1392 1303 1468 1342 Ae·

24 1372 146 1418 gypto
166 1370 409 1413 conspectum
426 1363 557 1400 refert.
595 1363 729 1400 W'Ess.

136 1433 211 1473 41.
240 1433 315 1473 96.
353 1426 426 1478 ιΩς
459 1445 536 1470 κατ
587 1427 839 1499 ἄνθριιοπον]
880 1430 1055 1480 Mallem,
1091 1432 1216 1470 vitam
1243 1436 1325 1469 tam
1353 1430 1470 1480 longe

17 1495 223 1542 prwogat
248 1502 298 1527 ae
328 1488 451 1526 homo.
497 1489 636 1526 Ζιυσιν
677 1486 715 1527 οἳ
753 1489 934 1527 πλεῖστοι
964 1483 1156 1541 καθάπερ
1187 1503 1208 1528 ο
1240 1482 1471 1541 μακρόβιος

27 1544 272 1598 ἄνθρωπος,
302 1556 376 1594 quo
404 1544 516 1583 modo
549 1544 643 1581 alibi
671 1545 717 1582 (le
748 1544 970 1595 elephantis.
1016 1543 1248 1582 Plutarchus
1278 1542 1325 1582 Τ
1353 1542 1404 1582 ΙΙ.
1431 1556 1470 1593 p.

30 1603 135 1642 381.
153 1600 195 1640 C.
219 1607 257 1638 et
276 1600 424 1638 Aelian.
444 1600 496 1638 X.
515 1599 565 1638 H.
587 1600 632 1637 A.
647 1603 722 1641 21.
747 1601 958 1638 crocodilos
976 1602 1177 1650 plerosque
1197 1601 1472 1651 sexagenarios

28 1659 127 1694 mori
154 1656 365 1706 perhibent.
410 1656 468 1694 De
494 1658 627 1708 lingua
656 1658 755 1707 quod
785 1658 962 1703 additur,
991 1658 1031 1695 id
1058 1664 1168 1695 caute
1195 1655 1471 1707 accipiendum.

30 1714 208 1763 Linguae
239 1725 311 1751 usu
338 1720 456 1751 caret
478 1714 684 1763 prudenter
704 1713 875 1752 Plinius:
904 1713 1019 1752 habet
1047 1717 1149 1752 enim
1178 1715 1372 1766 linguam,
1403 1712 1473 1750 sed.

29 1772 208 1820 exiguam
239 1776 277 1807 et
305 1770 546 1808 immobilem.
602 1768 843 1818 Herodotus,
868 1769 1082 1817 Diodorus,
1113 1769 1364 1817 Plutarchus,
1398 1768 1473 1807 So-

28 1827 153 1873 linus,
181 1824 422 1873 Ammianus,
450 1828 588 1875 quique
609 1828 677 1864 alii
696 1833 890 1876 praeterea
909 1828 1081 1877 linguam
1103 1826 1296 1863 crocodilo
1315 1831 1473 1876 negant,

29 1894 78 1919 ex
97 1883 204 1933 vulgi
225 1895 377 1920 rumore
409 1884 557 1931 loquuti
585 1883 788 1930 videntur,
815 1890 858 1920 ut
878 1881 919 1920 S.
938 1881 1151 1920 Bochartus
1179 1881 1225 1918 V.
1254 1880 1474 1920 Hierozoic.

34 1939 105 1979 16.
125 1952 162 1989 p.
185 1940 287 1979 771.
305 1944 343 1975 et
364 1938 410 1976 O.
428 1937 599 1976 Bor-rich.
619 1937 747 1976 Herm.
767 1952 799 1976 c.
819 1941 887 1980 10.
909 1942 1064 1991 egregie
1084 1939 1308 1977 docuerunt.
1334 1937 1471 1977 VVESS.

139 2005 214 2046 41
239 2006 312 2047 98.
340 2004 491 2073 Δὲρμα
510 2002 637 2045 αὐτοῦ
657 2008 740 2045 πᾶν
760 2002 992 2060 ([ολιὸιοτόν
1013 2006 1147 2057 ἔστιν]
1176 2006 1325 2044 Aelian.
1343 2005 1399 2044 X.
1419 2001 1472 2044 H.

29 2061 75 2099 A.
95 2063 170 2102 24.
200 2061 330 2101 λεπίσι
349 2061 424 2113 μὲν
442 2058 519 2131 ἴάρ
540 2077 582 2101 τε
602 2078 670 2130 703c
691 2062 830 2131 φολίσι
851 2061 1127 2132 πέφρακται,
1130 2061 1197 2102 καὶ
1219 2058 1274 2111 ὡς
1295 2059 1346 2102 ἂν
1367 2060 1473 2102 εἴποι

29 2132 92 2164 τις
112 2115 323 2157 ω’πλισται.
349 2118 416 2160 καὶ
437 2117 614 2158 ἐοίκασιι
635 2115 852 2172 ὀστράκοις
880 2117 1091 2174 καρτὲροις
1111 2116 1136 2172 ἡ
1157 2115 1337 2171 κό9γαις.
1376 2131 1474 2168 quae

32 2175 215 2212 crocodili
253 2181 422 2226 tergum,
460 2177 626 2223 squamis
664 2189 838 2225 asperum
886 2183 923 2213 et
961 2178 1101 2214 crustis
1136 2177 1246 2226 quasi
1283 2178 1476 2214 munitum

31 2232 225 2282 eleganter
244 2230 479 2282 depingunt3
507 2244 578 2268 nec
595 2234 723 2269 minus
742 2232 860 2269 Arist.
880 2232 929 2269 11.
949 2231 1000 2269 Η.
1019 2232 1064 2269 Α.
1088 2233 1157 2273 10.
1186 2231 1327 2269 Parum
1345 2239 1474 2271 autem

31 2289 228 2334 intererit,
255 2290 337 2326 sive
356 2295 398 2325 tu
417 2286 613 2341 διαφέρον
634 2283 879 2342 σκληρότητι
902 2302 968 2326 seu
980 2284 1189 2356 διάφορον
1213 2290 1339 2340 legas:
1366 2296 1474 2326 utro-

33 2355 106 2391 que
135 2345 347 2393 promiscue
376 2346 518 2383 utitur:
558 2343 814 2398 διαφέρουσα
842 2345 901 2401 τιιῦ
941 2341 1079 2386 κάλλει
1109 2344 1158 2383 ΙΙ.
1190 2345 1233 2386 4.
1262 2352 1304 2383 at
1333 2359 1365 2384 c.
1399 2347 1472 2388 16.

34 2394 234 2453 ὁιάφοοος
251 2414 310 2438 τω
331 2396 432 2439 usim.
436 2415 480 2440 ει.
498 2400 639 2439 VVESS.

145 2467 284 2507 41.1.
321 2463 412 2507 Δύο
443 2466 487 2507 δὲ
518 2465 557 2507 οἳ
581 2464 902 2522 χαιλιόιῖοιτες]
931 2468 1102 2516 Plinius,
1132 2483 1248 2508 unum
1267 2472 1476 2522 superiore

34 2521 165 2559 mobili
191 2524 358 2561 maxilla
387 2526 568 2576 inprimit
603 2537 794 2572 morsum,
831 2526 936 2563 alias
968 2526 1205 2573 terribilem,
1232 2529 1475 2578 pectinatim

36 2580 210 2630 stipante
229 2591 270 2617 se
290 2581 461 2618 dentium
488 2583 617 2618 serie:-
645 2581 745 2629 quod
764 2583 891 2629 paullo
914 2582 1129 2620 diversum:
1158 2596 1280 2632 neque
1304 2579 1476 2633 lavizo-

37 2634 175 2680 ὸοντες
203 2641 293 2672 sunt
321 2639 479 2683 serrati,
517 2640 598 2674 sive
612 2639 752 2677 instar
781 2651 910 2675 serrae
938 2638 1056 2676 divisi
1084 2639 1240 2686 dentes,
1267 2645 1311 2676 ut
1346 2639 1475 2676 Plinio

35 2690 243 2738 adscripsit
269 2689 511 2740 Harduinus,
550 2694 615 2729 sed
645 2696 787 2731 exserti
816 2700 854 2730 et
879 2697 1161 2744 prominentes,
1189 2697 1304 2733 sicuti
1331 2697 1373 2732 in
1398 2696 1479 2732 ele-

37 2745 188 2796 phantis
209 2752 246 2783 ct
264 2749 379 2796 apris.
406 2748 508 2785 Ioan.
520 2748 568 2786 Di
574 2762 682 2788 acon.
703 2752 745 2787 in
764 2749 872 2787 Scut.
890 2749 1052 2788 Hesiodi
1073 2752 1178 2791 303.
1194 2746 1475 2801 χαυλιόδοντα

36 2800 110 2852 μὲν
129 2800 346 2856 λέγεται,’
334 2800 413 2844 όσα
441 2802 576 2856 ἔχουσι
604 2803 702 2854 τοὺς
731 2801 948 2853 ὀδόντας
931 2803 1197 2859 ἐξεστηκότος
1219 2808 1294 2846 τοῦ
1315 2802 1477 2860 στόμα.-
