1828 3253
275 171 364 214 146
747 168 1263 208 ANNOTATIONES

276 284 415 324 merito
433 283 565 333 magni
582 282 745 330 faciam,
775 296 907 332 parum
930 283 1058 330 abest,
1087 284 1179 332 quin
1201 283 1392 330 suspicer,
1420 283 1541 332 magis
1562 284 1717 319 conclu-

276 344 385 378 sione
409 339 572 388 quadam
591 339 629 375 id
651 341 852 389 collegisse
871 353 920 376 ex
938 340 1117 389 diligenti
1134 352 1335 387 corporum
1355 339 1578 385 conditura,
1605 351 1719 387 quam

279 403 385 434 certa
413 396 647 432 tradentium
666 395 739 432 fide
768 398 972 444 accepisse.
1013 396 1169 432 Veteres
1200 396 1352 443 quidem
1380 403 1482 431 certe
1511 397 1718 444 scriptores

277 453 350 489 hac
376 459 482 501 parte
504 452 552 488 ab
574 465 619 488 eo
640 451 885 489 dissentiunt.
922 451 1040 488 Immo
1071 451 1123 487 Io.
1173 450 1379 488 Cassianus
1410 451 1546 488 collat.
1565 450 1654 489 XV.
1675 451 1717 489 3.

277 520 426 546 morem
454 507 755 545 condiendorum
774 520 975 555 corporum
998 508 1204 557 .›legyptz'is
1225 507 1310 544 Nili
1320 509 1501 557 flaminis
1522 509 1720 543 invexisse

279 567 436 603 alveum
467 571 682 611 asseverat:
728 571 772 601 uc
800 567 984 614 quoniam
1013 566 1203 600 universa
1233 564 1340 600 illius
1379 565 1550 601 latitudo
1584 570 1720 600 terrae

278 625 412 659 instar
433 621 774 671 inmensipelagz',
810 633 884 657 non
905 633 1038 672 parco
1069 622 1167 656 (mni
1186 627 1356 670 tempore
1385 621 1503 657 solita
1524 632 1720 669 aquarum

278 680 484 730 eruptione
506 679 759 726 cont'egitm·7
786 678 846 713 ita
865 678 974 714 nulla
998 684 1090 713 tunc
1109 678 1290 726 cuiquam
1309 675 1498 714 humandi
1516 678 1629 727 copia
1648 675 1722 711 lm-

278 736 389 773 mam'
415 734 597 785 corporis
626 733 849 779 tribuatur,
897 735 978 770 nisi
1003 739 1101 783 post
1139 734 1470 769 transvectionem
1500 734 1722 778 decursam,

279 803 451 842 corpora
472 796 737 836 mortuorum,
757 792 978 841 pigmentis
1005 791 1165 827 condita
1196 789 1484 834 redolentibus,
1512 790 1551 825 in
1579 790 1722 825 editio-

279 848 389 885 ribus
419 847 572 884 cellulis
597 848 878 884 recondantur.
923 847 1028 889 Quae
1047 847 1147 883 ratio
1175 851 1219 881 ut
1237 858 1392 883 movere
1420 844 1631 895 Aegyptios
1653 856 1722 892 po-

280 905 378 950 tuit,
406 904 461 940 ita
480 904 682 951 praecipua
709 915 789 938 non
808 904 928 939 fuisse
944 902 1108 939 videtur.
1138 901 1273 938 WEss.

398 959 501 999 104.
532 959 605 997 91.
642 954 819 998 Διὸόιάι
849 956 904 1003 εἷς
935 952 1157 1009 ὑποθήκην
1186 955 1376 1003 ὸάνειόυ]
1414 955 1500 993 Huc
1529 957 1724 1004 pertinent

283 1015 431 1052 Teletis
466 1013 682 1063 philosophi
709 1015 828 1051 verba
856 1016 897 1050 in
928 1012 1086 1050 Stobaei
1122 1013 1245 1050 Serm.
1276 1014 1348 1052 38.
1380 1026 1415 1062 p.
1445 1014 1552 1052 234.
1601 1009 1639 1050 οἳ
1678 1010 1724 1049 δὲ

281 1066 616 1115 omnm-homm-
645 1067 761 1108 ἔνδον
791 1067 951 1120 ἔχουσιν
983 1065 1039 1115 ὡς
1072 1065 1199 1108 καλόν
1226 1082 1287 1115 τι,
1326 1068 1394 1106 καὶ
1426 1067 1596 1120 ἐνέχυρα
1626 1064 1725 1112 τοὺς

280 1123 452 1176 νεκροὺς
469 1122 745 1175 λαμβάνουσι·
777 1125 931 1163 bivero
960 1127 1165 1163 desiccata
1197 1126 1401 1162 cadavera
1430 1138 1500 1161 ceu
1524 1125 1725 1175 quippiam

271 1185 461 1235 pulcrum
493 1184 598 1220 domi
625 1190 859 1229 asservant,
907 1188 948 1218 et
963 1183 1153 1233 pignoris
1181 1182 1265 1218 loco
1295 1189 1470 1218 mortuos
1496 1182 1726 1232 accipiunt:

279 1241 435 1276 tametsi
461 1241 563 1275 enim
593 1237 803 1289 Aegyptios
835 1241 1060 1275 nominatim
1091 1238 1190 1274 haud
1211 1238 1409 1288 designet
1438 1250 1567 1273 eorum
1598 1244 1726 1272 tamen

280 1298 489 1345 praecipua
511 1294 603 1332 hacc
621 1294 878 1332 consuetudo.
912 1294 1071 1332 Lucian.
1104 1295 1149 1330 de
1169 1267 1317 1330 Lucmo
1313 1307 1344 1329 c.
1368 1296 1444 1333 21.
1476 1294 1616 1330 similia
1637 1305 1726 1340 pro-

281 1353 402 1398 didit,
427 1358 466 1388 et
495 1358 645 1399 praeter
677 1358 823 1388 ceteros
854 1350 1035 1388 Herodot.
1066 1350 1114 1389 11.
1144 1351 1267 1396 136.;
1299 1363 1319 1386 e
1351 1361 1425 1398 quo
1455 1347 1606 1398 Asyehe
1634 1362 1726 1399 rege

281 1422 428 1446 morem
448 1407 550 1443 hunc
571 1408 612 1444 in
639 1420 750 1444 usum
769 1409 943 1454 venisse,
974 1409 1262 1455 summumque,
1299 1419 1347 1443 ne
1370 1407 1543 1454 sepulcro
1564 1405 1727 1441 inferre-

283 1472 369 1511 tur,
398 1466 463 1512 qui
482 1461 603 1511 patris
626 1477 689 1500 aes
711 1466 879 1501 alienum
901 1476 1120 1513 expungere
1149 1470 1186 1499 et
1207 1476 1343 1511 corpus
1365 1462 1551 1498 redimere
1574 1474 1728 1497 recusa-

279 1528 364 1568 ret,
393 1524 592 1558 novimus:
622 1531 697 1568 qua
724 1522 765 1557 in
788 1533 830 1556 re
850 1519 1080 1556 humanitati
1095 1521 1231 1556 melius
1264 1520 1481 1555 consultum
1500 1518 1620 1554 fuisse
1648 1515 1728 1553 Ro-

281 1590 390 1623 mae,
422 1576 465 1613 L.
489 1577 561 1615 38.
594 1574 644 1612 D.
672 1577 720 1613 de
742 1576 933 1625 Religios.
963 1582 1002 1612 et
1033 1578 1074 1616 6.
1108 1574 1149 1612 C.
1177 1577 1225 1613 de
1248 1575 1440 1626 Sepulcro
1461 1574 1553 1611 υἱοί.
1580 1572 1728 1621 liquido

278 1639 483 1671 testantur.
514 1632 565 1669 W
569 1643 652 1669 Ε88.

402 1687 691 1729 1041.Καῖ
712 1692 901 1743 ποιηταῖς
923 1684 1290 1751 διαβεβλημένοις]
1332 1687 1407 1730 Qui
1427 1687 1525 1723 male
1544 1685 1727 1722 audiunt·

283 1748 338 1783 sic
357 1745 469 1782 XIX.
493 1747 534 1785 7.
576 1743 720 1783 nomo)
745 1742 780 1782 ὁ
804 1744 891 1791 οὖν,
902 1744 970 1782 καὶ
990 1746 1073 1783 τῶν
1092 1741 1199 1810 μηδ
1220 1738 1358 1782 οτιοῦν
1381 1740 1729 1793 διαβεβλημεῆων,

283 1800 541 1869 ἂιῃοοῦντο,
577 1800 689 1837 Plato
718 1799 863 1837 Criton.
899 1813 935 1848 p.
970 1801 1044 1839 44
1073 1799 1123 1838 D.
1156 1795 1226 1838 ἐάν
1257 1814 1318 1845 τις
1346 1797 1388 1837 ἐν
1419 1796 1470 1837 αἴ
1475 1803 1559 1843 τοῖς
1591 1797 1729 1847 διαβε-

282 1860 335 1909 β)
327 1856 488 1910 .’7;μενος
516 1874 555 1923 η..
617 1855 819 1906 Ceteroqui
850 1853 1153 1906 διαβάλλεσθαι
1193 1855 1387 1906 significat
1414 1849 1730 1904 ἀπεχθάνεσθαι

284 1915 432 1960 odisse,
460 1917 518 1961 uti
540 1916 581 1950 in
601 1914 771 1950 eiusdem
795 1913 988 1950 Phaedon.
1016 1926 1052 1962 p.
1078 1914 1151 1952 67.
1179 1911 1225 1948 E.
1227 1884 1359 1948 ξ’1)ἰοη.
1390 1909 1588 1960 Chrysost.
1619 1909 1728 1946 Orat.

283 1971 464 2008 LXXIV.
492 1984 528 2019 p.
551 1971 657 2010 642.
685 1969 729 2008 Β.
752 1976 789 2006 et
811 1968 991 2006 Strabon.
1014 1968 1138 2005 XVII.
1169 1980 1205 2016 p.
1230 1968 1365 2007 1142.
1395 1967 1440 2003 A.
1461 1980 1547 2002 cum
1567 1964 1727 2003 Casaub.

283 2033 391 2065 nota.
425 2026 526 2063 Male
545 2040 638 2063 vero
657 2027 810 2063 audisse
830 2030 960 2073 po‘esstas
994 2038 1038 2062 ac
1057 2031 1256 2074 propterea
1282 2025 1450 2060 famosos
1468 2023 1611 2069 fuisse,
1642 2035 1730 2060 cum

284 2085 414 2132 paullo
434 2084 605 2132 asperius
625 2083 822 2120 videretur
841 2082 998 2128 dictum,
1018 2082 1238 2118 maluerunt
1257 2079 1375 2117 codd.
1389 2078 1453 2117 Co.
1474 2085 1512 2116 et
1524 2077 1575 2115 M.
1596 2080 1729 2114 aucto'-

283 2153 366 2186 res,
394 2142 526 2176 eiectis
544 2141 689 2187 poetis„
714 2140 841 2175 locum
868 2134 1029 2191 φήμαις
1056 2139 1294 2184 relinquere:
1327 2149 1450 2185 neque
1481 2137 1584 2172 enim
1613 2136 1730 2172 aliam

282 2197 461 2233 lectionis
481 2198 562 2232 eius
580 2207 753 2232 caussam
770 2201 952 2244 exputare
973 2207 1138 2243 possum.
1167 2194 1301 2230 Wrss.

401 2253 504 2292 104.
524 2252 568 2291 4.
592 2246 708 2290 Υπο
723 2253 807 2290 τῶν
826 2246 999 2304 φαυλων
1013 2251 1067 2300 χ)
1072 2246 1327 2301 ειαζόμενοι]
1355 2246 1479 2284 Multo
1499 2248 1728 2283 concinnius

284 2313 323 2345 et
355 2309 570 2357 expeditius
598 2308 690 2344 libri
719 2307 858 2345 Mutin.
889 2307 942 2357 χ)
947 2317 1030 2345 ευα
1023 2302 1171 2356 {cyma
1201 2305 1326 2343 videri
1344 2310 1474 2352 posset
1502 2303 1549 2339 ob
1580 2304 1730 2349 ταῦτα,

283 2375 380 2413 quae
401 2370 713 2424 praecesserant:
740 2375 863 2412 neque
882 2363 995 2402 valde
1022 2364 1174 2399 obesset
1202 2373 1384 2398 numerus
1403 2359 1664 2396 multitudiuis
1686 2361 1729 2395 in

281 2421 424 2467 verbo,
463 2420 590 2471 quod
592 2422 765 2469 proxime
803 2421 1067 2468 consequitur:
1106 2431 1217 2467 saepe
1251 2419 1353 2453 enim
1383 2414 1729 2452 Grammaticorum

283 2476 477 2513 decretum
497 2479 701 2525 scriptores
729 2484 994 2526 aspernantur,
1017 2474 1233 2522 Nosterque
1260 2475 1341 2523 ipse
1361 2470 1451 2508 XV.
1472 2472 1545 2511 48.
1569 2469 1729 2523 ἐγένον-

281 2544 329 2571 το
352 2528 472 2584 παθη
500 2535 685 2571 τοιαῦτα.
734 2532 873 2570 Strabo
899 2533 945 2572 V.
968 2544 1003 2580 p.
1025 2532 1130 2571 330.
1162 2530 1202 2567 C.
1234 2526 1336 2580 ὅσην
1357 2526 1645 2579 3722270‘Ezraz
1674 2524 1727 2565 τὰ

276 2585 524 2627 Aniarvnr’a
512 2604 601 2639 opr-
630 2588 969 2638 Heliodor.1V.p.
996 2588 1097 2627 174.
1126 2584 1151 2625 ἁ
1173 2583 1222 2637 ὸη
1244 2590 1331 2630 τοῖς
1349 2581 1626 2635 Αἶγυπτίίων
1613 2597 1728 2635 cepa-

282 2649 410 2691 τικοῖς
432 2642 699 2694 καλουμένοις
718 2641 963 2695 &mauman
997 2655 1092 2691 quae
1111 2643 1285 2690 exempla
1301 2653 1403 2677 nunc
1423 2639 1573 2676 abunde
1593 2644 1727 2684 erunt3

282 2703 393 2750 plura
412 2702 574 2738 fortasse
597 2701 647 2737 ad
665 2701 708 2737 V.
734 2704 773 2741 8.
800 2702 831 2737 1
836 2703 870 2737 el
893 2704 947 2738 sic
968 2707 1094 2737 tamen
1117 2711 1251 2748 passus
1267 2711 1363 2744 sum,
1390 2703 1432 2732 ut
1455 2695 1595 2741 sedem,
1614 2707 1731 2743 quant

281 2759 439 2808 vulgata
461 2764 664 2805 occuparat
683 2760 886 2806 scriptura,
911 2763 1096 2804 tueretur,
1116 2757 1395 2837 respiceretque
1416 2751 1603 2798 Graecos,
1631 2761 1727 2799 quos

280 2820 399 2852 taxat.
426 2814 560 2852 Wrss.
