1828 3253
392 205 455 245 IN
488 203 701 244 LIB.1V.
728 203 858 245 CAP.
892 208 1118 248 76.--79.
1400 208 1492 249 393

51 320 226 360 Clemens
253 320 362 357 Alex.
392 319 583 366 Protrept.
613 329 648 366 p.
674 318 767 365 53„
797 314 965 371 ἄγγελον
981 333 1180 385 πετιυμετ
1184 334 1230 359 ον
1260 318 1300 357 S.
1332 319 1493 357 Ioannes

51 379 206 429 Apocal.
232 376 335 415 VIII.
359 377 428 416 13.
460 374 569 412 XIV
588 376 643 421 6.,
671 381 708 410 et
731 372 853 426 ὄρνεα
885 370 1149 425 πῑτώιιεναο.
1172 374 1285 413 ΧΙΧ.
1313 379 1396 425 17,
1426 377 1494 415 sed

53 433 358 484 discrepantibus
386 432 493 468 libris
520 445 567 469 m
560 444 634 467 mu
655 432 834 468 exaratis.
860 431 910 468 W
915 441 993 467 Ess.

168 503 273 541 321.
312 500 382 540 73.
428 494 715 538 Κατεσκεύασε
746 495 789 536 δ’
825 495 866 536 ἐι
896 499 946 551 τῆ
979 493 1092 551 νήσω
1129 493 1261 551 vairp
1291 514 1381 538 rna
1410 502 1493 539 τῶν

55 555 122 610 2¹92
125 555 209 609 mv]
239 555 344 594 Haec
373 554 547 605 Ephorus
578 554 619 591 L.
640 553 722 591 VII.
754 559 791 591 et
820 553 1004 592 Philistus
1036 553 1078 590 L.
1100 553 1128 590 Ι.
1158 555 1313 592 uberius
1340 557 1494 594 fueraut

54 615 247 658 exsecuti,
279 611 436 648 Theone
457 611 637 661 l'rogym.
657 623 689 646 c.
710 612 750 650 2.
778 622 812 658 p-
839 612 908 650 16.
943 617 1110 647 auctore.
1145 609 1261 647 Forte
1284 610 1493 659 Diodorus,

56 672 170 707 solito
199 669 274 705 sibi
300 681 428 715 more,
477 669 704 704 alterutrum
733 668 774 703 in
811 665 870 705 his
901 666 1162 704 describendis
1191 667 1323 705 ducem
1353 668 1495 707 habuit.

58 726 107 764 u
112 736 192 762 Ess.

166 782 271 821 3.2l
301 781 372 821 75.
400 777 588 830 ΗΕποιησε
612 775 687 830 τὴν
709 774 1016 830 ὀιομαζομείην
1037 774 1372 831 κολυμβηθραν]
1413 779 1496 817 Me-

54 839 168 875 minit
187 836 298 874 huius
320 835 529 887 piscinaeV
536 835 635 872 ibius
656 833 875 883 sequester,
902 834 967 871 sed
989 835 1199 872 obscurius.
1231 836 1395 874 Alacliis
1409 837 1496 875 Me-

52 895 306 944 garensium,
331 895 480 941 inquit,
507 894 618 929 cuius
629 891 790 938 fontem
809 889 1018 929 Daedalus
1035 892 1246 940 dilatavit,
1275 906 1496 944 agrumque

54 951 231 989 reddidit
261 957 301 986 et
329 951 551 999 regionem,
585 961 701 998 quam
732 949 831 985 idem
854 948 1007 997 flavias
1036 949 1232 986 devastat.
1283 949 1497 988 Alabonem

56 1009 158 1044 euim
179 1007 417 1043 intellexisse
448 1018 510 1041 res
543 1006 625 1054 ipsa
653 1004 844 1050 ostendit,
867 1011 904 1040 et
934 1006 1067 1052 scripti
1094 1006 1207 1052 libri,
1237 1017 1396 1054 quorum
1428 1008 1498 1044 alii

59 1063 220 1108 Alebim,
240 1063 320 1110 alii,
342 1068 386 1098 ut
407 1062 454 1108 is,
483 1072 594 1110 quem
617 1075 640 1098 a
655 1059 940 1097 C1.D'Orvilli0
960 1061 1143 1098 utendum
1163 1064 1304 1112 accepi,
1319 1062 1498 1101 Alaebim

55 1120 289 1170 praeferunt.
335 1117 488 1154 Durant
515 1119 685 1167 piscinae
714 1116 897 1165 quaedam
928 1119 969 1153 in
998 1116 1090 1154 haec
1114 1125 1286 1167 tempora
1315 1121 1496 1170 vestigia,

56 1182 154 1213 teste
174 1174 242 1212 Ph.
263 1173 442 1211 Cluverio
463 1173 505 1210 L.
529 1173 557 1210 Ι.
580 1173 690 1212 Sicil.
714 1173 844 1221 Antiq.
865 1186 897 1210 c.
913 1175 982 1214 ll.
1005 1185 1041 1222 p.
1068 1175 1170 1213 133.
1198 1174 1332 1212 Wnss

170 1243 275 1282 321.
315 1243 388 1281 78.
436 1237 560 1280 Κατὰ
589 1237 664 1292 τὴν
694 1256 767 1279 νυν
798 1237 965 1292 ssiam.)
969 1256 1134 1293 αντιιην
1163 1240 1204 1280 ἓν
1232 1245 1290 1282 τῶ
1321 1243 1499 1294 Καιιικῶ

58 1299 150 1338 καλ.
161 1298 177 1348 ]
234 1297 434 1335 Gamicum
471 1296 761 1346 Agrigentinor
764 1310 826 1334 um
857 1298 1060 1334 castellum
1102 1297 1217 1335 habet
1250 1298 1409 1336 Diodor.
1454 1299 1498 1337 L.

57 1353 211 1393 XXIII.
233 1355 301 1401 9.;
330 1366 446 1404 quare
467 1353 597 1402 Agrig
574 1355 735 1390 <reatina
755 1367 857 1391 nanc
880 1355 917 1390 in
943 1354 1101 1390 Camico
1121 1362 1305 1403 vocatur,
1332 1362 1375 1392 ut
1394 1354 1501 1393 Rho-

59 1411 159 1448 dom.
189 1413 328 1457 vertit,
368 1411 524 1446 tolerari
553 1422 631 1446 non
660 1416 796 1459 potest.
846 1407 1020 1447 Camicus
1049 1413 1152 1447 enim
1181 1418 1219 1448 et
1247 1411 1503 1463 Agrigentum

60 1468 214 1505 diversa
243 1473 334 1504 sunt
362 1466 511 1515 oppida.
555 1464 713 1503 Rectius
736 1465 903 1513 Cluver.,
934 1468 973 1503 in
993 1467 1281 1517 Agrigentino,
1311 1471 1381 1519 qai
1398 1482 1502 1506 nanc

59 1530 249 1570 vocatur,
278 1524 334 1561 ad
359 1522 559 1559 Camicam
588 1534 703 1571 agro.
738 1519 805 1560 Ἐν
827 1522 1002 1576 Καμικῷ
1035 1525 1090 1561 ad
1114 1523 1313 1562 Canticum
1335 1527 1502 1576 flamen,

60 1587 102 1616 ut
122 1579 163 1618 ἐν
185 1579 390 1629 Σαλαμῖνι
415 1580 470 1617 ad
499 1580 668 1616 insulam
699 1577 941 1616 Salaminem
962 1578 1119 1616 Lucian.
1151 1582 1280 1619 Amor.
1308 1595 1340 1618 c.
1366 1582 1436 1622 52.
1467 1588 1506 1618 et

59 1635 243 1685 Polyaen.
272 1635 300 1671 Ι.
325 1636 397 1674 30.
421 1636 483 1682 3.,
511 1634 552 1673 ἐν
580 1632 763 1689 ΖΙΙυκάλῃ
794 1637 909 1672 iaxta
938 1635 1122 1687 Mycalen
1155 1637 1346 1675 Aristides
1369 1637 1505 1675 '1¹.111.

60 1704 98 1740 p.
115 1693 218 1732 354.
236 1698 274 1728 et
293 1691 442 1728 Aelian.
464 1690 511 1727 11.
531 1690 576 1727 V.
596 1690 646 1728 H.
669 1693 757 1737 25,
785 1692 851 1729 ubi
869 1691 946 1730 Cel.
967 1692 1039 1730 Iac.
1060 1693 1236 1744 Perizon.
1258 1701 1295 1730 et
1313 1707 1384 1731 nos
1403 1695 1507 1731 infra

61 1748 105 1785 L.
127 1747 253 1785 XVII.
275 1748 347 1787 36.
385 1746 506 1783 Porro
528 1760 640 1797 quam
662 1749 794 1784 urbem
815 1747 877 1784 hic
898 1756 1032 1795 vocat,
1066 1756 1195 1798 petrae
1219 1752 1426 1799 inpositam
1448 1756 1507 1786 at-

63 1817 135 1854 que
167 1807 336 1842 omnium
364 1804 678 1850 munitissimam,
710 1817 754 1840 ea
784 1803 1125 1855 Agrigentinorum
1152 1818 1223 1842 arx
1251 1812 1329 1852 est,
1371 1813 1509 1844 natura.

64 1862 154 1898 olim
187 1867 300 1910 atque
331 1860 508 1907 operibus
536 1862 689 1910 egregie
717 1863 886 1906 munita,
923 1860 1086 1911 Polybio
1118 1861 1219 1898 VIII.
1253 1864 1328 1903 21.
1364 1863 1506 1902 indice.

62 1917 171 1954 Vidit
190 1923 227 1954 et
248 1915 318 1953 hoe
350 1915 417 1952 Ph.
438 1914 590 1953 Cluver.
615 1915 658 1952 L.
678 1915 708 1952 I.
732 1916 772 1953 S.
800 1917 846 1955 A.
873 1919 1045 1965 p.207.,
1077 1930 1202 1956 arcem
1225 1932 1307 1955 eam
1335 1917 1510 1971 Ompha-

65 1987 134 2012 cen
155 1978 437 2021 nuncupatam,
465 1971 531 2009 sed
562 1973 819 2011 incertissima
848 1977 1090 2022 coniectura,
1121 1981 1318 2025 praeterea
1348 1982 1511 2013 conten-

65 2030 172 2067 dens.
204 2028 340 2066 WEss.

181 2097 286 2136 321
321 2095 394 2135 92.
435 2092 558 2134 Κατὰ
581 2092 626 2134 ὁέ
647 2091 720 2135 τὸν
731 2092 886 2147 ’Έρυκα
908 2094 1061 2152 πέτρας
1088 2094 1216 2150 οἷ’σης
1234 2094 1352 2138 ‹ino-c.
1365 2097 1381 2150 ]
1416 2098 1514 2137 Vide

52 2153 169 2192 ‘infra
207 2166 240 2191 c.
267 2152 338 2193 85.
367 2158 405 2188 et
423 2150 492 2188 Ph.
516 2151 669 2190 Cluver.
691 2151 720 2189 Ι.
753 2151 833 2190 Sic.
853 2153 983 2204 Antiq.
1014 2168 1050 2205 p.
1071 2155 1178 2195 244.
1210 2155 1344 2193 WEss.

182 2221 287 2260 322.
320 2220 394 2260 97.
423 2219 624 2271 Χρυσοῦν
642 2233 684 2259 τε
705 2219 848 2273 κηοιόν
866 2223 916 2275 τῇ
943 2218 1183 2276 ΗΑφροὸιτῃ
1198 2221 1300 2276 etc]
1333 2222 1402 2260 Ph.
1423 2222 1516 2261 Clu·

67 2278 199 2314 verius
219 2273 331 2326 κοιὸν
361 2281 399 2312 et
418 2288 507 2312 mox
530 2278 628 2329 κριίῦ
661 2279 880 2314 coniectura
909 2277 1045 2315 ductus
1065 2281 1250 2330 corrigit,
1279 2281 1320 2316 in
1351 2293 1434 2317 eam
1452 2282 1516 2316 in-

69 2333 201 2383 pulsus
217 2311 276 2370 his
296 2331 498 2380 Pomponii
517 2330 651 2369 Sabini
674 2333 722 2369 ad
743 2333 850 2384 Virg.
869 2333 963 2370 Aen.
977 2334 1022 2371 V.
1047 2335 1150 2374 759.
1172 2336 1320 2373 verbis:
1347 2335 1516 2374 Daeda-

70 2389 132 2426 lus
156 2410 203 2416 —
227 2390 393 2426 arietem
413 2401 602 2436 auream,
629 2391 698 2440 qui
714 2391 848 2427 vivere
869 2390 1129 2436 credebatur,
1166 2393 1312 2430 Veneri
1330 2401 1369 2430 et
1392 2393 1518 2443 Eryci

72 2446 334 2484 consecravit.
367 2443 444 2481 Sed
468 2447 500 2481 is
530 2446 699 2493 locuples
720 2453 757 2482 et
776 2448 886 2482 testis
914 2453 952 2483 et
971 2447 1247 2486 emendationis
1279 2456 1413 2486 auctor
1436 2461 1516 2485 uon

74 2504 171 2547 erit,
199 2508 350 2538 secutus
366 2499 506 2551 Poggii
523 2500 681 2549 Latina,
710 2509 753 2539 ut
773 2505 835 2539 vel
854 2502 967 2553 E7·y.v
996 2511 1038 2540 et
1064 2505 1205 2552 Venas,
1230 2507 1315 2543 loco
1353 2507 1517 2544 Veneris

73 2556 276 2608 Erycinae
306 2557 444 2608 positi,
472 2564 674 2594 testantur.
719 2559 810 2595 Plus
842 2559 1021 2606 ponderis
1051 2567 1110 2596 est
1142 2563 1182 2598 in
1212 2564 1364 2609 scriptis
1393 2562 1518 2607 libris,

76 2612 192 2650 Coisl.
213 2620 250 2648 et
264 2612 414 2659 Mutin„
435 2614 572 2660 quibus
594 2620 632 2649 et
652 2627 722 2665 ego
744 2614 989 2665 suffragarer,
1015 2617 1048 2652 si
1067 2617 1162 2655 mihi
1184 2618 1229 2654 de
1244 2620 1372 2655 ariete
1393 2629 1517 2654 (careo

74 2682 137 2707 res
157 2671 284 2718 paullo
305 2675 405 2705 esset
424 2669 618 2719 liquidior.
652 2669 692 2706 [d
726 2671 814 2707 dum
839 2674 1004 2719 eveniat,
1029 2676 1267 2722 acquiescam
1287 2676 1328 2711 in
1350 2675 1521 2724 vulgata,

76 2737 156 2762 non
184 2728 312 2762 minus
330 2725 528 2775 egregium
557 2728 650 2762 artis
673 2725 887 2764 Daedaleae
919 2729 1112 2777 specimen
1134 2729 1352 2767 exhibente.
1385 2730 1463 2767 VVE
1467 2739 1521 2766 ss.

192 2793 299 2832 322.
344 2792 384 2830 3.
434 2790 794 2847 Θαλαττοκρατῶν
835 2792 927 2835 κατ’
963 2793 1139 2844 ἐκείνους
1178 2811 1276 2844 τους
1312 2792 1524 2850 χρόιους]

85 2847 200 2898 Supr.
233 2861 266 2885 c.
288 2849 362 2888 62.
393 2847 530 2885 VVEss.
