1828 3253
532 196 594 235 IN
624 195 795 235 LlB.1.
834 194 962 234 CAP.
992 196 1064 236 76.
1095 196 1167 235 77.
1475 195 1563 238 123

137 310 330 359 praeditos
366 307 526 363 εὐφυεῖς
551 310 783 357 appellitant.
840 308 962 347 Ζῶον
995 303 1142 360 εὐφυὲς
1171 307 1218 343 ob
1242 307 1464 357 ingenium,
1493 319 1568 357 quo

140 367 366 404 animalibus
388 368 522 403 ceteris
542 371 721 414 praestat,
747 364 858 401 homo
881 376 982 412 supr.
994 377 1026 401 c.
1042 367 1081 404 8.
1112 362 1218 399 Adde
1238 363 1386 402 Platon.
1407 363 1568 402 Phaedr.

139 434 176 471 p.
201 424 307 463 270.
332 422 487 460 Lucian.
513 421 650 458 Saltat.
679 421 750 460 74.
771 427 811 457 et
827 419 918 457 Luc.
936 419 1112 457 Holsten.
1133 421 1175 456 in
1193 419 1269 456 Vit.
1293 420 1455 472 Pythag.
1473 420 1570 458 Por-

140 478 269 529 phyrii
287 491 318 516 c.
346 479 382 518 I.
420 478 550 515 VVESS.

254 536 324 576 87.
350 536 423 574 22.
443 530 562 573 ‘'anc
581 529 694 586 παρὰ
712 535 799 579 τοῖς
819 529 1062 584 Αἰγυπτίοις
1081 531 1177 581 etc.]
1207 530 1482 581 Aegyptiorum
1503 531 1572 569 has

131 591 244 641 -lcges
271 591 469 640 diligenti,
496 602 565 626 nec
593 602 738 638 semper
769 596 895 625 tamen
919 589 1047 635 felici,
1077 600 1191 636 opera
1217 589 1402 637 explicuit
1425 588 1478 626 Io.
1499 587 1572 626 Ni—

142 648 271 683 colaus
291 646 337 682 de
357 645 522 696 Synedr.
542 645 702 696 Aegypt.
724 658 754 681 c.
780 646 819 685 7.
843 651 913 681 etc.
940 644 1072 681 W'ESS.

254 704 325 742 87.
345 704 418 742 27.
449 697 579 747 Θεούς
599 716 640 740 τε
661 696 950 753 ἀσεβούντων]
983 700 1060 737 Aut
1085 712 1185 737 nove
1208 705 1275 736 aut
1306 706 1482 749 corrupte
1509 698 1573 737 hic

141 758 282 808 legitur
299 760 340 795 in
364 758 539 794 omnibus
558 759 700 795 nostris
721 757 915 794 codicibus
936 752 1061 802 θεούς
1082 770 1125 794 τε
1149 750 1409 805 ἀσεβούντων
1428 759 1495 804 pro
1520 755 1575 802 εἷς

141 810 268 860 θεούς
286 828 330 854 τε
348 815 412 852 vel
429 813 520 866 περὶ
539 809 664 859 θἐούς
683 827 725 852 τε
745 808 1019 863 ἀσεβούντων.
1079 810 1145 849 Sic
1164 811 1305 848 alicubi
1323 816 1575 862 παρανομεῖν

131 867 303 907 habetur
330 870 430 920 apud
447 869 548 907 hunc
576 873 800 919 scriptorem
828 882 914 905 eum
940 870 1160 906 accusativo
1181 870 1263 905 sine
1283 870 1577 917 praepositione.

87 970 89 972 Ι
145 924 297 964 STEPH.
351 925 562 975 praeposit.
592 925 682 977 περὶ
711 927 776 964 vel
808 924 863 971 εἷς
893 927 974 973 ipse
1005 935 1153 972 quoque
1174 924 1489 973 praemittendam
1514 937 1577 961 ar-

144 982 278 1022 bitror.
306 981 440 1020 Ruon.
495 982 584 1019 Non
603 983 702 1018 male
724 983 801 1020 viri
818 981 1050 1018 doctissimi:
1080 981 1220 1030 poterit
1239 987 1365 1016 tamen
1384 978 1578 1017 Diodorus

146 1050 186 1074 se
215 1041 313 1076 tueri
339 1040 511 1086 exemplo
541 1037 722 1086 Aeschyli
748 1037 949 1074 Eumenid.
976 1038 1082 1077 270.
1120 1033 1245 1087 ’Όψει
1276 1033 1318 1074 ‹5'
1355 1034 1439 1074 ἐκεῖ
1461 1035 1523 1082 τίς
1551 1033 1579 1088 ἢ

148 1091 274 1142 θεὸν,
303 1091 328 1145 ἢ
360 1092 472 1141 ξένον
492 1091 571 1133 τιν’
596 1091 777 1143 ἀσεβῶν,
803 1089 828 1144 ἢ
857 1091 1002 1139 τοκέας
1031 1092 1188 1146 φίλους.
1244 1098 1303 1128 est
1329 1095 1430 1129 enim
1459 1094 1582 1141 persi-

146 1151 248 1187 mile.
304 1149 422 1187 Recte
450 1163 541 1188 vero
571 1149 770 1199 Aegyptii:
809 1149 1073 1186 iusiurandum
1105 1151 1207 1185 enim
1243 1148 1348 1185 aliud
1383 1147 1482 1185 nihil
1510 1155 1581 1196 est,

148 1217 260 1253 quam
285 1205 358 1243 Dei
390 1208 431 1243 in
466 1219 507 1243 re
536 1206 712 1256 ambigua
730 1205 779 1242 ad
798 1206 1058 1243 testimonium
1085 1205 1284 1242 invitatio:
1313 1203 1437 1241 Deum
1455 1211 1582 1242 autem

147 1263 226 1299 nisi
253 1265 340 1299 veri
365 1274 499 1299 caussa
530 1264 685 1308 testari,
728 1260 961 1311 flagitiorum
992 1263 1168 1298 ultimum
1209 1267 1277 1297 est.
1324 1256 1475 1312 ‘'09209
1502 1257 1581 1314 γὰρ

148 1314 268 1357 οὐδὲν
301 1314 400 1357 ἄλλο
432 1316 541 1356 ἐστὶν
572 1314 598 1369 ἢ
625 1316 834 1369 μαρτυρία
861 1319 964 1356 θεοῦ
992 1316 1081 1369 περὶ
1104 1311 1345 1368 πράγματος
1366 1314 1584 1383 ἀμφισβη-

148 1371 368 1424 τουμένου·
399 1370 501 1412 θεὸν
521 1372 564 1412 (Ῐέ
581 1371 639 1424 μὴ
662 1371 728 1411 ἐπ’
751 1370 928 1429 ἀληθεία
947 1374 1082 1411 καλεῖν
1102 1368 1269 1411 πάντων
1289 1369 1584 1421 ἀνοσιωτατον,

149 1428 261 1467 Philo
282 1430 364 1469 Iud.
388 1429 434 1466 de
454 1428 545 1480 Leg.
566 1428 730 1478 Special.
755 1441 790 1477 p.
815 1431 920 1469 770.
945 1427 986 1466 C.
1016 1428 1149 1466 WVESS.

265 1501 336 1539 88.
360 1498 432 1537 30.
461 1494 539 1547 Μὴ
563 1492 731 1550 ῥύσαιτο
754 1493 929 1542 δυνατὸς
950 1493 1035 1547 ὢν]
1068 1496 1225 1534 Nullum
1254 1497 1401 1533 crimen
1419 1497 1587 1547 patitur

137 1554 208 1601 ·i8,
235 1557 304 1604 qui
323 1567 398 1591 non
409 1552 620 1605 prohibet,
649 1566 732 1590 cum
758 1552 971 1604 prohibere
999 1565 1076 1591 non
1092 1558 1252 1605 potest,
1280 1554 1334 1589 ait
1359 1552 1516 1589 Paullus
1542 1552 1585 1590 L.

156 1611 260 1650 109.
289 1611 335 1647 de
368 1608 462 1660 Reg.
490 1609 565 1646 [ur.
605 1606 748 1646 Contra
778 1622 842 1656 ea,
874 1611 944 1659 qui
968 1622 1045 1647 non
1086 1608 1290 1656 defendit,
1315 1621 1389 1646 nec
1418 1609 1586 1655 obsistit,

155 1667 192 1703 εἰ
210 1673 365 1717 potest,
401 1667 598 1712 iniuriae,
627 1672 707 1702 tam
734 1672 795 1701 est
826 1667 865 1702 in
904 1667 1024 1714 vitio,
1060 1679 1177 1717 quam
1205 1666 1242 1702 si
1268 1678 1483 1717 par-emes,
1516 1670 1591 1702 aut

155 1725 326 1769 amicos,
355 1728 428 1758 aut
447 1723 631 1772 patriam
660 1723 840 1768 deserat,
871 1719 1003 1758 Cicero
1030 1722 1059 1760 1.
1081 1722 1190 1759 Offic.
1214 1722 1254 1761 7.
1281 1721 1405 1770 Atque
1424 1721 1514 1759 hinc
1532 1723 1588 1758 le-

155 1779 266 1830 gibus
285 1778 580 1826 municipalibus
602 1778 851 1814 multifariam
869 1779 1116 1815 constitutum
1136 1779 1314 1814 novimus
1327 1804 1338 1824 ,
1367 1784 1412 1814 ut
1438 1779 1590 1815 illatum

155 1848 178 1872 a
196 1833 522 1884 praetereuntibus
551 1835 663 1870 alteri
687 1833 866 1870 damnum
887 1834 1080 1871 furtumve
1107 1835 1251 1871 factum
1268 1846 1291 1870 a
1310 1835 1452 1870 vicinis
1472 1835 1590 1871 sarci-

154 1897 286 1938 retur,
317 1889 362 1927 de
391 1890 528 1938 quibus
561 1888 716 1926 Radulf.
747 1888 778 1926 F
781 1902 906 1927 orner.
935 1889 981 1927 V.
1008 1888 1098 1928 Rer.
1125 1889 1279 1935 Quotid.
1310 1891 1385 1930 28.
1417 1895 1455 1926 et
1475 1889 1591 1928 Ever.

158 1946 250 1984 Otto
273 1946 319 1983 ΙΙ.
339 1945 431 1984 Tut.
455 1945 559 1982 Viar.
584 1947 653 1986 10.
676 1959 713 1996 p.
738 1946 841 1985 554.
867 1946 1001 1983 W'Ess.

272 2015 344 2053 88.
370 2013 442 2052 37.
460 2009 513 2052 uO
536 2017 621 2059 τοῖς
645 2016 1021 2067 συκοφαντηθεῖσιν
1052 2011 1271 2066 ἐτέτακτο]
1306 2012 1592 2051 calumniantes

158 2071 274 2106 etiam
300 2081 349 2106 ex
376 2071 649 2106 constitutione
676 2069 768 2118 Imp.
798 2069 963 2107 Honorii
992 2076 1029 2106 et
1057 2069 1268 2107 Theodosii
1301 2069 1344 2109 L.
1376 2071 1445 2106 ult.
1474 2067 1515 2107 C.
1546 2069 1592 2106 de

157 2125 330 2163 Calumn.
353 2124 398 2161 nd
429 2125 639 2163 vindictam
658 2129 782 2174 poscit
803 2125 1013 2163 similitudo
1044 2127 1243 2175 supplicii,
1271 2133 1383 2175 atque
1416 2127 1593 2174 inprimis

161 2195 209 2220 ex
229 2183 313 2232 lege
332 2179 477 2218 Divina
495 2180 703 2219 Deuteron.
723 2182 840 2220 XIX.
864 2185 933 2223 16.
958 2182 1092 2219 Wnss.

275 2250 346 2289 88.
379 2248 454 2288 39.
487 2245 825 2303 Ἀπογράφεσθαι
856 2246 960 2301 πρὸς
989 2245 1086 2296 τοὺς
1106 2244 1337 2302 ἄρχοντας]
1377 2249 1510 2287 Amasi
1528 2251 1593 2286 lex

163 2303 257 2343 haec
287 2304 468 2353 debetur,
494 2307 528 2342 si
555 2305 649 2342 fides
675 2305 870 2342 Herodoto
898 2304 945 2342 Il.
977 2307 1101 2352 177.‚
1132 2317 1227 2355 quae
1255 2313 1292 2342 et
1313 2305 1412 2355 apud
1437 2305 1595 2352 Sardos,

138 2367 141 2370 ’
163 2360 337 2398 Lucanos
358 2367 395 2397 et
412 2362 531 2409 alios,
563 2361 607 2398 de
632 2362 765 2411 quibus
786 2362 833 2398 ad
852 2361 999 2398 Aelian.
1022 2361 1084 2398 IV.
1104 2360 1152 2398 H.
1175 2360 1220 2398 V.
1244 2364 1282 2402 l.
1314 2361 1388 2399 Iac.
1405 2361 1596 2408 Perizon.,

156 2418 301 2469 riguit.
357 2415 495 2454 Delevi
515 2425 640 2454 autem
657 2431 769 2455 voces
788 2419 944 2455 inutiles
963 2413 1104 2471 πόρων
1127 2416 1195 2456 καὶ
1221 2413 1410 2471 τρόπων,
1438 2419 1597 2456 obsecu-

165 2478 226 2510 tus
243 2474 406 2510 vetustis
424 2471 541 2510 Codd.
578 2473 711 2512 Wssss.

280 2542 350 2580 88.
371 2540 445 2581 40.
477 2537 633 2592 Πόρων
662 2540 727 2580 καὶ
751 2536 942 2594 τρόπων]
997 2539 1123 2588 Haec,
1164 2548 1208 2579 ut
1237 2541 1426 2591 superflua
1449 2548 1487 2578 et
1507 2541 1596 2578 sub-

169 2593 317 2642 dititia,
350 2596 454 2633 eradi
481 2598 592 2634 facilc
620 2599 767 2646 patior3
793 2600 942 2634 tametsi
972 2600 1014 2634 in
1033 2600 1210 2635 versione
1230 2600 1496 2647 praetermissa
1519 2610 1598 2634 non

168 2651 289 2688 fuere.
313 2649 446 2689 Ruoo.

287 2720 358 2759 88·
378 2719 451 2758 43.
474 2714 576 2758 εΥπὸ
598 2715 816 2770 Σόλωνος]
847 2718 913 2757 Sic
940 2727 977 2757 et
1003 2720 1234 2758 Herodotus.
1288 2719 1444 2757 Rectius
1471 2726 1598 2757 tamen

171 2772 342 2812 Draconi
367 2774 588 2813 adscribunt
619 2776 753 2826 Lysias
781 2779 822 2813 in
842 2775 1005 2827 Diogen.
1025 2776 1054 2814 I.
1077 2778 1148 2816 55.
1171 2784 1209 2814 et
1227 2776 1326 2813 Plut.
1346 2775 1478 2812 Solon.
1501 2773 1547 2812 T.
1568 2776 1596 2812 1.

166 2827 209 2880 p.
231 2832 303 2872 87.
334 2829 455 2867 Solon
473 2833 574 2868 enim
600 2843 783 2879 poenam,
804 2844 899 2881 quae
927 2835 1101 2883 capitalis
1124 2834 1274 2879 fuerat,
1298 2833 1435 2870 lenivit
1457 2832 1597 2886 substi-
