1828 3253
435 206 499 244 1N
534 203 645 244 LlB.
677 201 803 242 XIV.
842 200 971 240 CAP.
1010 202 1083 242 37.
1114 201 1187 244 38.
1468 202 1567 242 751-

128 325 166 356 et
186 319 374 368 Aeropum
395 317 654 369 agnoscentis,
679 316 825 354 munita
843 315 943 366 apud
964 313 1190 366 Syncellum
1207 326 1242 364 p.
1263 315 1369 356 262.
1390 312 1564 352 Chrono-

123 375 316 427 graphiae.
350 375 487 411 Wuss.

239 443 343 482 672-
365 442 438 481 27.
461 438 563 479 ’Καὶ
596 436 695 478 nab>
731 436 895 479 κώνειον
924 434 1205 491 ἐτελεύτησεν]
1236 437 1293 475 De
1323 440 1448 475 cicuta
1469 438 1562 490 Aeg.

128 496 330 548 Menagius
347 499 395 535 ad
407 497 619 547 Diogenem
635 495 763 535 nam.
783 503 819 532 et
838 496 981 533 Comici
994 495 1088 533 Ran.
1109 509 1146 533 v.
1172 496 1274 535 125.
1295 493 1562 543 Spanhemius.

126 553 302 590 Actionis
330 554 555 599 formulam,
594 564 668 600 qua
689 554 883 599 inpietatis
908 559 947 588 et
969 558 1167 600 corruptae
1191 553 1401 588 iuventutis
1420 550 1563 587 Socra-

128 616 206 647 tem
224 611 480 659 postularunt,
510 609 616 645 dabit
637 606 749 659 Diog.
774 607 898 646 Laert.
919 611 959 644 in
982 608 1138 645 Socrate
1159 620 1274 657 segni.
1294 607 1366 645 40.
1397 607 1533 645 Wssss.

242 686 347 725 672.
377 686 449 725 31.
486 683 571 723 Καὶ
602 682 717 730 τέλος
748 681 938 735 ἀκρίτους
966 679 1198 731 ἀπέκτεινε]
1230 681 1403 719 Melitum
1425 683 1562 719 mortis

129 739 380 778 damnarunt:
407 742 503 777 alios
524 741 617 777 urbe
636 742 842 788 eiecerunt,
861 754 1019 788 quorum
1041 740 1212 789 Anytum
1236 738 1484 775 Heracleotae
1505 740 1562 774 la-

126 796 280 845 pidibus
310 804 610 845 cooperuerunt,
642 796 815 847 Diogene
837 804 873 833 et
896 795 1108 833 'l‘hcmistio
1130 795 1303 831 testibus.
1332 793 1563 831 Plutarchus

128 851 175 888 de
198 851 258 888 his
275 853 614 890 calumniatoribus
635 852 681 889 T.
702 853 746 889 ll.
766 866 800 902 p.
824 853 925 892 538.
947 853 991 888 A.
1032 850 1127 896 τοὺς
1147 852 1244 902 γοῦν
1266 846 1465 901 Σωκράτη
1487 864 1564 888 συ-

127 904 495 960 κοφαντήσαντας,
523 904 579 955 ὦς
599 908 653 955 εἷς
673 906 846 959 ἔσχατον
869 907 1011 954 κακίας
1031 902 1304 957 ἐληλακότας,
1328 904 1457 951 οὕτως
1477 904 1563 955 ἒμί-

128 976 264 1014 σησαν
284 961 322 1003 οἳ
342 966 502 1004 πολῖται
525 964 590 1003 καὶ
618 960 824 1018 ἀπεστράτ]
839 978 963 1014 ησαν,
993 959 1048 1008 ὥς
1065 959 1167 1014 μήτε
1189 964 1269 1013 πῦρ
1294 959 1427 1006 αὔειν,
1456 958 1561 1012 μήτε

127 1015 426 1073 ἀποκρίνεσθαι
453 1019 802 1072 πυνθανομένοις,
835 1017 889 1071 pat)
913 1018 1148 1069 λουομένοις
1171 1022 1374 1056 κοινωνεῖν
1395 1014 1561 1065 ὕδατος,

129 1071 216 1113 ἀλλ’
251 1073 486 1128 ἀναγκάζειν
506 1076 632 1128 ἐκχεῖν
660 1076 783 1115 ἐκεῖνο
805 1073 903 1122 τοὺς
930 1071 1171 1127 παραχύτας
1196 1069 1251 1119 ὥς
1270 1071 1561 1124 μεμιασμένον.

131 1129 208 1177 ἕως
228 1129 461 1185 ἀπήγξαντο
479 1130 538 1185 μὴ
564 1132 756 1187 φέροντες
777 1129 822 1171 τὰ
842 1137 986 1183 μῖσος,
1025 1143 1090 1168 eos
1108 1131 1260 1182 quidem
1273 1157 1284 1176 ,
1313 1142 1474 1180 quorum
1493 1143 1564 1166 ca-

129 1187 279 1226 lumnia
305 1188 496 1226 Socrates
517 1189 612 1236 fuit
631 1201 858 1241 oppressus,
887 1195 931 1225 ul
951 1195 1124 1225 extreme
1144 1187 1288 1232 malos,
1316 1189 1373 1223 ita
1397 1187 1568 1223 oderunt

131 1251 252 1295 atque
281 1247 340 1282 ita
368 1249 551 1283 aversati
580 1254 671 1284 sunt
697 1248 820 1290 cives,
859 1252 903 1281 ut
922 1257 1045 1294 neque
1066 1246 1193 1292 ignem
1219 1245 1268 1278 iis
1289 1243 1564 1288 accenderent,

130 1313 256 1351 neque
284 1303 624 1351 interrogantibus
653 1303 954 1352 responderent,
994 1313 1117 1349 neque
1139 1302 1177 1336 in
1197 1298 1333 1335 balneo
1353 1311 1457 1348 aqua
1479 1304 1566 1334 ute-

131 1364 275 1394 rentur
291 1359 447 1404 eadem,
474 1359 545 1395 sed
563 1372 640 1408 qua
668 1359 728 1394 illi
749 1358 951 1401 lavissent,
981 1369 1066 1393 eam
1087 1355 1478 1405 tanquampollulam
1503 1355 1565 1390 iu-

131 1411 271 1450 berent
286 1427 312 1451 α
332 1415 525 1451 ministris
544 1415 719 1464 effundi:
757 1415 878 1451 donec
900 1413 972 1457 illi,
1000 1413 1127 1449 odium
1149 1413 1190 1449 id
1207 1424 1282 1446 non
1292 1410 1493 1455 ferentes,
1522 1422 1564 1446 se

131 1470 212 1520 ipsi
226 1472 518 1521 suspenderent.
550 1471 616 1507 Sic
636 1471 712 1516 ille,
734 1470 813 1506 odii
835 1475 1058 1518 argumenta
1075 1469 1227 1517 egregie
1248 1466 1456 1503 declarans.
1489 1464 1578 1505 So-,

131 1525 265 1563 lebant
281 1526 442 1563 Athenis
460 1540 538 1573 eos,
567 1539 660 1576 quos
679 1539 747 1563 suo
765 1526 903 1561 merito
922 1526 1081 1572 pessime
1106 1523 1288 1568 odissent,
1316 1523 1369 1558 ita
1389 1523 1564 1570 excipere

133 1588 177 1619 ut
196 1595 266 1618 nec
286 1585 400 1629 tecti,
427 1595 498 1619 nec
520 1585 646 1633 ignis,
675 1595 797 1630 neque
827 1582 1007 1629 colloquii
1033 1586 1100 1616 aut
1121 1592 1238 1630 aquae
1270 1580 1566 1615 conmunioneni

133 1639 397 1675 concederent.
444 1640 554 1683 Quod
584 1651 705 1688 genus
728 1638 962 1687 ignominiae
983 1642 1148 1686 tangunt
1169 1633 1386 1671 Dinarchus
1415 1635 1456 1670 in
1476 1632 1564 1670 Ari-

134 1696 266 1745 stogit.
288 1707 326 1744 p.
354 1697 470 1741 106„
491 1694 698 1731 Aeschines
718 1693 807 1744 Leg.
825 1692 925 1729 Fals.
946 1704 980 1739 Ρ.
999 1692 1072 1730 43.
1095 1698 1132 1727 et
1150 1689 1395 1727 Demosthen.
1418 1691 1458 1726 in
1477 1688 1566 1726 Ari-

135 1754 266 1802 stogit.
289 1752 316 1788 l.
337 1765 372 1801 p.
389 1753 496 1791 490.
534 1750 592 1787 De
611 1750 782 1786 Socratis
802 1762 907 1793 vero,
934 1760 1045 1796 quem
1065 1746 1229 1784 Lachete
1249 1745 1443 1782 Archonte
1461 1746 1566 1782 cicu-

133 1813 213 1845 tam
241 1809 382 1845 bibisse
410 1807 581 1844 Diodoro
608 1808 874 1844 assentiuntur
893 1803 1056 1854 Diogen.
1077 1803 1123 1839 ll.
1144 1804 1218 1842 44.
1243 1810 1282 1838 et
1303 1801 1492 1838 Aristides
1513 1799 1563 1839 T.

133 1863 203 1912 Ill.
227 1877 262 1913 p.
281 1865 409 1911 474,
438 1864 669 1901 delatoribus
700 1869 850 1910 praeter
870 1860 962 1911 Aeg.
981 1859 1201 1910 Menagium
1221 1860 1329 1907 plura
1349 1856 1565 1906 Spencerus

134 1921 184 1958 ad
213 1920 372 1971 Origen.
401 1919 443 1957 L.
475 1920 503 1957 Ι.
534 1918 632 1955 Cels.
659 1932 693 1967 p.
725 1919 829 1957 322.
858 1917 915 1952 ed.
946 1917 1192 1953 novissimae.
1242 1913 1419 1950 Ceterum
1446 1926 1565 1961 paene

132 1980 416 2027 praeterieram,
441 1976 656 2025 Eunapium
677 1976 718 2010 in
737 1974 893 2010 Aedesii
913 1972 989 2010 Vit.
1011 1984 1048 2019 p.
1069 1973 1142 2010 37.
1164 1970 1375 2019 perhibere,
1393 1967 1565 2005 Socratis

133 2041 257 2071 morte
278 2035 450 2071 violenta
473 2034 641 2069 civitatis
664 2030 816 2067 Atticae
839 2031 940 2066 vires
961 2035 998 2064 et
1017 2030 1201 2078 gloriam,
1227 2039 1362 2075 resque
1382 2024 1566 2061 Graeciae

132 2093 336 2128 universas
359 2092 398 2125 in
418 2091 524 2139 peius
544 2101 653 2125 ruere
674 2087 855 2135 coepisse.
877 2079 1121 2135 Σωκράτους
1141 2079 1398 2126 ἀπελθόντος
1419 2079 1566 2129 βιαίως

133 2144 252 2186 οὐδὲν
273 2143 328 2184 ἔτι
348 2142 538 2196 λαμπρὸν
557 2141 796 2194 Ἀθηναίοις
825 2136 1027 2189 ἐπράχθη.
1058 2136 1154 2178 ἀλλ”
1168 2136 1192 2189 ἣ
1213 2153 1254 2176 τε
1274 2132 1389 2183 πόλις
1408 2131 1568 2174 ὗπέὁω·

134 2217 199 2248 κε,
231 2201 298 2240 καὶ
326 2198 393 2239 διὰ
421 2198 496 2252 τὴν
525 2196 666 2245 πόλιν,
706 2195 757 2237 τὰ
785 2200 859 2248 τῆς
882 2192 1087 2241 ιΕ).ἕ’.οἰὸ“ος·
1112 2191 1275 2232 ἅπαντα
1307 2207 1428 2244 σννεᾳ
1440 2187 1566 2242 θύρη.

134 2258 261 2298 Nimis
289 2259 419 2306 utique
448 2269 515 2306 pro
548 2256 706 2293 Socrate
731 2255 922 2304 gloriose,
948 2263 1069 2300 neque
1093 2253 1188 2287 satis
1207 2263 1255 2286 ex
1273 2263 1376 2287 vero.
1404 2247 1567 2284 Fractae

135 2315 240 2351 enim
268 2315 343 2350 iam
375 2320 487 2350 antea
517 2312 751 2348 Athenarum
781 2316 890 2346 erant
919 2321 1022 2357 opes,
1051 2314 1104 2353 et,
1130 2307 1197 2343 ubi
1217 2319 1298 2342 scse
1317 2306 1567 2355 collegerant,

133 2369 236 2407 haud
255 2383 374 2420 pauca
393 2375 604 2418 patrarunt,
627 2379 722 2415 quae
739 2368 875 2402 merito
894 2364 1176 2414 praedicantur.
1212 2361 1346 2399 YVESS.

249 2447 353 2486 672.
375 2446 446 2485 36.
476 2437 620 2490 Αὖλος
644 2441 866 2487 ῙΙῙατίλιος]
895 2440 970 2477 Pro
993 2437 1201 2483 ΖΙἸατίλιος
1220 2437 1342 2473 scribe
1363 2431 1568 2482 Mdvamg,

136 2509 175 2540 et
194 2514 262 2551 pro
281 2504 440 2549 reliquls
459 2502 710 2549 supposititiis
730 2494 931 2549 Κόϊγκτος
945 2495 1177 2548 Σερουΐλιος
1199 2492 1265 2531 καὶ
1279 2488 1445 2547 ,71ῙρΛίος
1467 2490 1568 2542 Σέρ-

134 2572 233 2611 γιος.
250 2556 383 2594 RHOD.
400 2556 505 2593 Haec
520 2558 676 2593 nomina
696 2556 750 2591 sic
772 2566 818 2590 ex
830 2552 876 2589 T.
890 2552 1000 2589 Livio
1012 2550 1250 2600 corrigenda,
1277 2548 1421 2592 Αὖλος
1441 2543 1568 2586 ,Μάλ-

134 2616 233 2660 λιος,
263 2610 438 2658 Κόϊντος
457 2612 701 2664 Σερουΐλιος,
736 2609 803 2648 καὶ
824 2604 1003 2659 ,Μάρκος
1023 2606 1198 2657 Σέργιος.
1227 2605 1406 2641 Graeculi
1424 2605 1569 2640 exscri-

137 2677 269 2720 ptores
299 2670 365 2719 qui
389 2670 542 2719 linguae
568 2669 709 2704 latinae
730 2666 873 2703 nullam
897 2670 963 2700 aut
988 2676 1143 2712 paucam
1163 2663 1341 2698 notitiam
1364 2659 1566 2704 habebant,

139 2727 357 2775 saepissime
377 2727 419 2762 in
448 2724 666 2761 nominibus
687 2724 850 2772 propriis
868 2719 1050 2758 Romanis
1069 2717 1325 2766 exprimendis
1345 2715 1565 2762 peccabant.

139 2783 269 2821 PALM.
309 2781 520 2831 Occupavit
545 2782 822 2817 correctionem
848 2776 983 2814 horum
1010 2777 1206 2812 nominum
1227 2771 1385 2822 Pighius
1405 2773 1445 2807 in
1464 2770 1568 2807 fast.

140 2839 190 2878 ad
210 2851 298 2877 ann.
316 2847 452 2885 cocu,
471 2838 578 2875 cuius
597 2836 770 2885 opinioni
779 2833 985 2883 Capitolini
1001 2831 1201 2872 marmoris
1219 2830 1434 2880 fragmenta
1456 2833 1492 2863 et
1501 2825 1570 2863 Li-
