1828 3253
267 77 357 128 550
733 74 1252 117 ANNo'rA'rloNEs

387 187 496 230 464.
519 189 593 230 71.
622 183 865 244 Νικομήδην
880 186 957 244 ῥτὸν
975 186 1264 245 Κλεομένους]
1294 189 1543 244 Thucydides
1562 190 1592 231 l.
1620 193 1721 234 107.

275 244 391 284 habet
410 243 482 284 τὸν
505 242 819 298 Κλεομβρότου,
847 253 885 284 ct
903 254 1004 284 certe
1026 248 1174 285 melius.
1202 249 1332 287 PALM.
1695 254 1702 257 “

390 302 499 342 464.
532 304 604 342 77.
641 299 831 354 Νικήσας
858 301 902 342 δὲ
921 301 1018 350 τοὺς
1042 305 1230 356 Φωκεῖς]
1269 304 1562 357 conditionibus
1583 304 1727 342 bellum

277 359 354 397 fuit
382 360 572 407 positum,
617 359 941 408 reddideruntque
971 373 1089 397 unum
1122 373 1170 398 ex
1207 363 1331 399 tribus
1368 369 1518 411 captum
1547 362 1728 412 oppidum

280 415 536 453 Doriensibus
560 415 799 463 Phocenses,
829 423 924 453 teste
946 415 1195 467 Thucydide,
1216 433 1236 455 e
1257 431 1331 468 quo
1353 425 1391 455 et
1411 418 1529 455 ductu
1547 417 1729 456 Nicome-

284 472 343 509 dis
373 470 604 509 Cleombroti
625 471 691 520 Ε,
724 472 816 509 haec
845 479 956 523 gesta
985 474 1104 510 fuisse
1137 483 1309 525 constat,
1338 488 1417 512 non
1439 473 1654 512 Cleomenis
1672 473 1730 522 F.,

282 535 327 567 ut
356 541 472 579 prave
502 527 585 565 heic
617 530 810 566 scribitur.
838 529 978 567 VVESS.

398 584 507 624 465.
541 586 613 625 87.
658 582 749 632 Τὰς
779 584 870 639 περὶ
901 583 976 637 τὴν
1001 581 1215 639 Γεράνειαν
1244 582 1484 641 παρόδους]
1528 587 1615 639 Alio
1646 587 1732 624 loco

282 635 327 675 L.
355 636 470 677 XIX.
505 642 576 680 54.
616 640 817 693 Γερανεά,
857 649 895 679 et
925 642 1136 696 Pausaniae
1165 643 1207 682 L.
1238 643 1266 682 1.
1299 646 1370 685 ll.
1416 642 1503 681 Situ
1531 650 1735 694 praerupto

282 708 394 732 mons
415 705 496 734 erat
522 700 562 734 in
583 698 726 735 finibus
747 697 1027 749 Megarensium
1041 728 1059 748 ,⁴
1071 700 1257 749 dabatque
1276 700 1468 738 difficilem
1487 702 1529 737 in
1550 699 1737 737 Isthmum

283 764 422 845 {ersus
453 756 670 793 transitum.
707 751 905 803 Δύσοὸος
935 753 1013 810 γὰρ
1050 751 1075 809 ἡ
1111 753 1307 811 Γεράνεια
1338 755 1605 808 Thucydid-1·
1631 757 1734 798 107·

307 808 423 847 Ἰεεε.

399 865 507 906 465.
547 867 621 907 91.
675 865 761 906 Καὶ
798 869 884 907 τῶν
924 867 1146 909 Θετταλῶν
1183 866 1560 920 μεταβαλομένων]
1623 868 1740 906 Paria

287 919 548 972 Thucydides.
579 922 629 960 At
648 922 859 962 Pausanias
882 925 910 962 Ι.
930 927 1006 975 29.
1025 939 1060 976 p.
1087 926 1159 966 73.
1180 933 1291 963 noete
1311 926 1516 975 ingruente
1536 925 1740 961 diremtum

288 981 475 1026 praelium
504 982 768 1030 incertumque
796 982 939 1029 fuisse,
967 985 1044 1020 utri
1073 984 1282 1019 vicissent:
1321 982 1503 1030 postridie
1530 980 1739 1018 Thessalos

289 1035 338 1085 ad
369 1034 694 1074 Lacedaemonios
722 1030 944 1086 transiisse,
982 1052 1026 1075 ac
1058 1041 1244 1076 victoriae
1273 1044 1507 1074 momentum
1537 1036 1742 1087 Spartanis

289 1093 464 1128 attulisse
497 1093 685 1131 adfirmat.
729 1095 851 1138 Quam
882 1096 929 1132 ob
960 1095 1158 1145 perfidiam
1185 1097 1348 1144 pessime
1377 1094 1556 1144 deinceps
1583 1093 1743 1131 audive-

286 1155 382 1202 runt
402 1147 592 1187 Thessali.
630 1151 778 1189 Ταῦτα
798 1148 898 1203 γὰρ,
927 1152 973 1188 de
994 1150 1191 1189 Thessalis
1220 1164 1345 1188 sermo
1378 1157 1460 1197 cst,
1488 1148 1642 1189 ἄπιστα
1664 1147 1741 1200 μὲν

287 1203 340 1256 ἦν
372 1200 506 1256 δήπου
530 1201 674 1257 φύσει,
703 1206 771 1245 καὶ
796 1206 858 1246 ἀεὶ
880 1210 1005 1247 πᾶσιν
1026 1204 1266 1261 ἀνθρώποις
1296 1206 1546 1245 Demosthen.
1578 1205 1742 1257 Olynth.

289 1258 321 1298 Ι.
349 1274 386 1310 p.
412 1263 454 1301 8.
493 1261 629 1300 WEss.
1250 1278 1252 1282 ·

405 1318 515 1357 465.
539 1319 610 1358 13.
640 1319 728 1370 Τῆς
746 1314 884 1372 μάχης
904 1317 1134 1374 ἀμφίδοξον
1152 1315 1363 1371 λαβούσης
1383 1315 1429 1358 τὰ
1455 1316 1585 1369 τέλος]
1611 1318 1745 1356 Victo-

290 1374 389 1410 riam
411 1375 486 1411 sibi
504 1374 655 1422 quidem
677 1382 715 1411 et
737 1379 851 1414 sociis
876 1376 1167 1414 Lacedaemonii
1195 1382 1462 1422 asseruerunt,
1495 1378 1650 1424 eiusque
1674 1387 1744 1410 no-

292 1430 396 1466 mine
417 1431 582 1467 decimas
602 1431 648 1468 ad
672 1431 896 1482 Olympium
917 1433 1047 1471 lovem
1067 1435 1203 1470 misere
1221 1433 1321 1481 apud
1340 1432 1505 1469 Pausan.
1526 1431 1569 1468 L.
1589 1431 1634 1470 V.
1655 1432 1744 1478 10.,

292 1498 432 1523 revera
451 1494 579 1524 tamen
598 1486 889 1526 Atheniensium
911 1492 1036 1538 potior
1061 1490 1136 1526 fuit
1156 1502 1290 1526 caussa
1303 1515 1315 1537 ‚
1342 1488 1442 1539 quod
1462 1488 1558 1525 bene
1578 1487 1746 1526 advertit

292 1542 490 1580 Aristides
519 1543 730 1580 Panathen.
761 1558 798 1594 p.
822 1547 932 1585 272.
976 1546 1111 1583 1171388.

408 1600 516 1640 465.
549 1601 625 1639 20.
674 1601 996 1653 ΖΡῙνησιθείδης]
1039 1602 1110 1639 Est
1139 1600 1213 1639 hoc
1240 1603 1394 1638 nomine
1415 1599 1569 1638 Archon
1600 1601 1641 1637 in
1668 1598 1747 1637 De·

294 1655 508 1692 mosthenis
539 1655 647 1693 Orat.
669 1657 716 1693 de
749 1656 888 1695 Coron.
918 1671 954 1706 p.
986 1661 1112 1705 166„
1143 1659 1209 1695 sed
1232 1660 1264 1695 is
1292 1657 1470 1707 Philippo
1493 1657 1748 1695 Macedonum

295 1713 382 1762 regi
401 1713 476 1748 fuit
498 1714 682 1761 aequalis.
714 1713 830 1751 Hunc
850 1714 980 1752 Scliol.
1002 1714 1247 1763 Aristophan.
1266 1713 1430 1751 Acharn.
1459 1727 1498 1751 v.
1523 1715 1593 1754 10.
1622 1714 1747 1766 [Hm-

296 1767 442 1807 σίθεον
462 1775 598 1816 vocat,
628 1771 823 1818 primitivo
843 1774 1099 1822 patronymiei
1126 1773 1210 1808 loco
1229 1784 1333 1808 usus.
1359 1770 1496 1808 WESS.

411 1825 535 1865 465:
560 1827 636 1866 21.
682 1826 746 1866 A.
768 1825 1065 1879 Δονκράτιος]
1109 1827 1217 1865 Muta
1246 1843 1273 1866 α
1306 1829 1347 1864 in
1376 1842 1427 1878 η,
1455 1833 1493 1863 et
1513 1827 1628 1875 paulo
1659 1831 1748 1875 post

296 1879 544 1932 Κιχωρηνὸς
574 1883 732 1920 emenda
748 1896 815 1932 per
837 1885 1071 1937 Ktxzpivog.
1116 1883 1193 1921 Sed
1213 1890 1340 1921 tamen
1360 1882 1456 1920 illud
1477 1885 1644 1920 auctoris
1664 1895 1749 1919 esse

296 1949 492 1974 nonnemo
516 1942 745 1988 suspicetur.
774 1937 910 1977 Ruon.
956 1937 1252 1991 aloc-xpoitcog]
1298 1938 1527 1988 Corruptum
1565 1938 1637 1975 hoc
1664 1941 1748 1975 sinc

299 1992 415 2029 dubio
444 2000 503 2030 est
532 2007 580 2031 ex
605 1992 897 2049 Λουκρήτιος,
926 1999 1041 2034 sicuti
1068 1993 1311 2049 Κιχωρηνός
1341 2008 1389 2032 ex
1409 1995 1651 2047 Κικυρῖνος,
1685 1997 1748 2035 cui

296 2061 378 2086 non
403 2050 608 2088 admodum
631 2051 819 2089 dissimile
851 2066 936 2090 cum
957 2053 1188 2105 Κιχωρῖνος
1216 2055 1443 2100 scriptorum
1467 2053 1517 2088 Sit
1547 2050 1679 2099 codd„
1708 2050 1750 2088 id

297 2107 478 2156 praetuli.
506 2106 641 2145 VVESS.
686 2107 855 2146 Nomina
877 2112 1048 2146 restituit
1069 2112 1183 2146 etiam
1203 2108 1362 2159 Pighius
1393 2121 1429 2156 p.
1457 2108 1562 2148 123.

412 2163 520 2202 466-
554 2164 629 2202 32.
685 2162 738 2203 Οἱ
767 2163 812 2203 δὲ
835 2161 1167 2216 Λακεδαιμόνιοι
1197 2164 1405 2217 κρίναντες
1426 2164 1524 2216 εἴα]
1565 2163 1665 2201 Inde
1686 2177 1752 2201 re-

299 2220 438 2255 vocati
456 2219 767 2258 Lacedaemonii
787 2222 851 2269 (ab
876 2223 1120 2271 expeditione
1140 2228 1315 2271 suscepta
1334 2223 1374 2257 in
1394 2219 1640 2258 Doriensium
1662 2233 1752 2271 gra-

300 2274 397 2309 tiam
427 2283 585 2323 postque
622 2279 810 2325 praelium
845 2278 893 2315 ad
927 2275 1167 2330 Tanagram)
1203 2279 1259 2316 ad
1283 2277 1566 2315 Messeniormn
1597 2277 1751 2324 bellum,

299 2343 349 2368 ne
373 2333 540 2368 medium
566 2339 715 2383 tempus
733 2336 898 2372 otiosum
917 2334 1222 2372 Atheniensibus
1242 2335 1526 2384 relinquerent,
1549 2347 1633 2370 cum
1650 2333 1752 2371 lee-

302 2386 416 2423 banis
450 2391 737 2439 paciscuntur,
775 2398 821 2427 ut
846 2390 1103 2429 Boeotiorum
1144 2393 1350 2443 imperium
1386 2391 1446 2428 his
1475 2392 1749 2436 restituerent,

302 2445 409 2493 quod
439 2447 674 2496 temporibus
706 2447 864 2484 Persici
892 2448 985 2485 belli
1010 2450 1253 2495 (inciserunt,
1292 2454 1338 2484 ut
1364 2449 1426 2486 illi
1454 2447 1751 2484 Atheniensium

303 2499 405 2536 bella
425 2504 682 2553 susciperent.
710 2502 776 2540 Sic
798 2503 968 2541 Iustinus
990 2504 1056 2542 Ill.
1080 2506 1120 2544 6.
1159 2503 1251 2541 Mox
1273 2501 1409 2556 ὥσπερ
1431 2501 1641 2542 ἀντίπολιν
1660 2499 1749 2540 τινὰ

302 2567 433 2593 rarum
456 2565 535 2605 est,
563 2571 635 2595 nec
663 2561 777 2607 alibi,
805 2560 905 2608 quod
932 2563 1072 2607 sciam,
1101 2560 1267 2597 obvium.
1315 2559 1441 2596 Erunt
1467 2561 1653 2605 fortasse,
1683 2558 1751 2607 qui

301 2607 440 2665 ὥσπερ
470 2610 693 2654 ἀντίπαλόν
716 2631 831 2662 τινα,
862 2624 1050 2667 tunquam
1079 2618 1360 2654 adversariam
1393 2617 1614 2667 quandam,
1642 2627 1753 2662 prae-

302 2670 502 2717 optabunt‚
529 2677 573 2708 ut
589 2672 693 2708 infra
713 2671 756 2708 L.
770 2672 858 2710 XV.
878 2674 967 2721 65„
993 2674 1130 2722 quibus
1150 2675 1223 2710 etsi
1241 2673 1486 2710 vehementer
1506 2672 1661 2719 obloqui
1680 2683 1750 2706 no-

299 2724 383 2772 lim,
410 2727 574 2765 necdum
594 2728 735 2766 adduci
753 2741 921 2779 possum,
937 2736 980 2768 ut
998 2726 1208 2769 ἀντίπολιν
1228 2730 1340 2779 plane
1351 2729 1596 2777 proscribam.
1615 2726 1749 2764 WEss.
