1828 3253
381 198 382 205 ἵ
427 148 494 212 ¹.N
523 146 634 186 LIB.
664 147 750 185 111.
782 145 913 184 CAP.
946 146 1109 188 6465.
1388 152 1483 192 299

153 260 261 301 235.
292 261 364 302 89.
405 261 710 312 Mvssozoyozm
740 256 782 298 δ’
819 255 947 298 αὐτὸν
968 258 1035 298 καὶ
1055 256 1256 314 λαφῦρων
1277 262 1374 315 etc.]
1402 262 1483 301 Re-

37 325 218 369 petuntur
241 317 332 354 haec
356 317 397 354 Ι.
420 317 483 356 lV.
509 318 553 356 3.
589 317 638 354 W
644 327 723 353 uss

152 375 258 414 235.
286 374 359 414 95-
401 371 549 411 'Hieron
582 373 649 412 καὶ
669 368 845 423 Νάξιοι]
886 369 944 407 De
965 370 1104 407 Naxiis
1137 379 1241 410 certa
1263 387 1324 411 res
1355 383 1412 413 est
1432 389 1481 414 ex

39 430 82 468 1..
101 430 146 466 V.
172 432 267 469 50.·
259 458 268 477 ,
297 441 417 476 neque
437 430 568 466 dubito
600 430 645 466 de
666 428 793 473 Eleis,
824 430 895 464 etsi
920 440 1023 463 nunc
1043 427 1194 476 quidem
1226 443 1301 466 non
1324 444 1481 469 succur-

37 494 110 531 rat,
137 489 202 535 qui
220 492 366 534 praeter
387 484 598 522 Diodorum
619 486 689 522 hoc
710 455 929 521 tradiderit:
956 485 1076 519 cultui
1099 484 1349 523 enimBacchi
1370 495 1481 526 erant

40 543 287 588 deditissimi,
314 544 553 588 iactitantes,
581 543 785 590 quotannis
816 553 921 585 eum,
953 552 1039 575 cum
1066 540 1206 578 festum
1232 544 1314 580 τῶν
1344 544 1479 584 θυίων

41 600 139 635 diem
159 598 331 643 obirent,
365 600 484 634 sacris
504 599 581 634 illis
601 602 785 635 interesse
820 602 856 632 et
885 596 1087 632 manifesta
1108 601 1345 643 praesentiae
1365 613 1481 650 argu-

40 661 166 692 menta
186 653 385 701 praebere,
408 657 448 691 in
471 653 633 691 Pausan.
654 653 717 690 vl.
742 654 841 699 26.;
868 664 942 700 quo
965 658 1002 687 et
1020 650 1155 701 hymni
1174 661 1367 702 spectant,
1395 660 1481 705 qui-

40 712 131 757 bus,
160 717 202 746 ut
228 707 334 762 βοέῳ
364 710 459 748 ποδὶ
492 710 694 757 adveniat,
725 709 891 746 feminae
920 715 1061 759 rogant
1086 710 1184 759 apud
1203 709 1304 748 l'lut.
1325 713 1480 757 Quaest.

43 767 178 804 Graec.
204 777 239 813 p.
263 766 369 804 299.
389 765 431 802 B.
460 766 593 803 Wnss.

152 822 258 861 235.
290 824 363 861 96.
408 820 459 862 Οἱ
479 820 553 868 τὰς
571 817 816 873 Έλευθεοὰς
838 817 1073 871 οἰκοῦντες]
1112 819 1293 859 Boeotiae
1314 822 1411 861 hanc
1433 826 1481 863 ad

39 881 163 927 ipsum
184 876 424 915 Cithaeronis
447 879 580 928 pedem
598 879 732 915 urbem
751 876 923 913 Bacchus
944 879 984 912 in
1003 885 1290 916 monumentum
1309 881 1482 919 redditae

41 935 228 971 libertatis
258 935 429 972 condidit
457 936 526 972 inf.
544 935 604 972 lV.
629 937 693 980 2.·,
723 945 798 981 qua
820 934 860 969 in
881 946 922 969 re
945 935 1248 972 consentientem
1270 949 1347 973 non
1369 937 1483 976 habet

44 990 228 1039 Stephan.
242 1017 253 1037 ,
292 993 358 1038 qui
390 988 500 1030 'Em
506 994 620 1042 ὶῇρα
655 991 844 1040 Apollinis
873 989 1016 1034 filium,
1056 990 1157 1026 unde
1178 998 1216 1027 et
1237 990 1483 1046 ’.flmvffispm

41 1047 132 1083 urbs
166 1049 248 1095 ipsa
277 1047 317 1082 in
352 1046 482 1084 Schol.
512 1047 659 1085 Comici
679 1047 726 1082 ad
758 1044 924 1082 Achaimn
946 1059 983 1082 v.
1004 1046 1110 1085 242.
1141 1048 1269 1096 oppidi
1288 1057 1483 1090 auctorem

43 1102 225 1151 perhibet.
266 1101 417 1139 Incolae
443 1103 632 1140 Bacchum
654 1105 854 1151 praecipuo
885 1102 989 1137 cultu
1009 1103 1312 1152 venerabantur,
1345 1103 1409 1143 'Ei
1414 1122 1482 1146 ευ..

43 1156 169 1210 &epea
182 1185 193 1205 ,
215 1158 261 1194 de
285 1170 359 1206 quo
381 1158 424 1195 P.
441 1159 625 1209 Leopard.
643 1158 713 1195 XI.
736 1157 895 1197 Emend.
923 1158 1001 1203 19,
1012 1164 1212 1206 propterea
1231 1162 1345 1198 etiam
1365 1161 1484 1201 Athe-

43 1217 118 1261 nis,
146 1227 234 1251 nam
255 1221 292 1250 et
313 1214 381 1250 hae
401 1228 510 1253 sacra
533 1218 613 1252 eius
633 1220 868 1265 receperant,
887 1213 1029 1250 dictum
1054 1215 1151 1263 apud
1172 1215 1334 1253 Pausan.
1357 1218 1384 1255 Ι.
1408 1221 1481 1262 38.

43 1283 80 1319 1).
98 1271 170 1309 93.
192 1277 230 1307 et
249 1270 296 1306 Τ.
318 1270 534 1310 Hemsterh.
566 1270 784 1308 irrLucian.
805 1268 852 1306 l).
876 1268 988 1306 Mort.
1008 1269 1176 1312 XXVII,
1203 1274 1245 1311 2.
1278 1273 1412 1312 Wssss,

150 1327 258 1366 235.
285 1328 358 1367 98.
386 1327 470 1365 Καὶ
496 1323 614 1379 Τήϊοι
643 1326 717 1378 μὲν
743 1347 790 1354 -
815 1323 907 1376 rmo'
931 1321 1092 1371 ἑαυτοῖς
1121 1328 1217 1377 etc.]
1246 1327 1304 1365 De
1324 1330 1484 1370 Andriis

44 1383 168 1419 simile
190 1383 369 1431 quiddam
386 1386 536 1432 reperio
558 1385 599 1420 in
618 1384 781 1421 Pausan.
802 1382 832 1418 Ι
839 1381 865 1417 Ι.
888 1383 962 1420 26.
1001 1380 1117 1419 Teios
1137 1391 1264 1422 autem
1293 1384 1484 1427 Bacchum

45 1439 118 1475 sibi
142 1440 359 1476 vindicasse
394 1443 522 1490 gentis
543 1442 671 1486 numi,
708 1441 789 1476 eius
810 1438 870 1474 dei
897 1439 1100 1475 simulaelo
1120 1441 1370 1490 plerumque'
1360 1448 1462 1496 1nsi0
1441 1458 1485 1475 r-

45 1507 138 1541 nes,
164 1493 262 1547 (vid.
292 1494 475 1533 Thesaur.
500 1496 752 1533 Friderieian.
782 1506 817 1542 p.
838 1491 969 1545 454.)
999 1501 1212 1544 testantur,
1240 1505 1278 1534 et
1308 1500 1483 1549 inprimis

45 1552 186 1600 legatio
206 1552 252 1587 ad
273 1551 428 1589 Aetolos
453 1554 657 1600 variasque
688 1550 821 1588 Cretae
846 1551 1024 1587 civitates
1056 1554 1193 1599 missa,
1224 1565 1297 1602 qua
1318 1557 1487 1596 obtesta-

46 1607 209 1654 bantur,
237 1614 278 1644 ut
298 1610 465 1656 ipsorum
493 1609 628 1645 urbem
654 1606 782 1644 Aetoli
814 1613 852 1643 et
880 1609 1076 1656 regionem
1106 1621 1252 1647 sacram
1281 1625 1363 1648 esse
1395 1627 1487 1650 con-

49 1662 226 1699 cederent
254 1670 292 1700 et
321 1671 473 1713 propter
493 1663 684 1701 Bacchum
715 1665 979 1711 inspoliatum,
1015 1664 1147 1701 TAN
1177 1667 1253 1704 TE
1280 1668 1492 1708 HOAIN

46 1718 257 1757 AYTQN
281 1719 396 1758 ΚΑΙ
424 1721 553 1759 ΤΑΝ
576 1719 791 1758 λΏΡΑΝ
814 1717 1283 1760 ΕΠΙᾸΩΡΗΣΩΝΤΙ
1306 1724 1491 1766 IEPAN

48 1774 245 1813 Elllz‘lEN
262 1775 378 1814 ΚΑΙ
392 1775 652 1815 AEYAON
677 1775 795 1814 TOY
809 1774 961 1814 AION
970 1774 1079 1814 YEO
1091 1776 1134 1821 Y,
1157 1779 1199 1814 in
1217 1777 1348 1828 Antiq.
1364 1781 1486 1821 Asiat.

48 1828 157 1867 Edm.
179 1829 349 1868 Chishul.
369 1844 406 1880 p.
430 1833 612 1873 104.ete.
640 1832 772 1869 WesS.

159 1888 266 1926 235.
292 1890 329 1927 l.
356 1884 628 1939 Αὐτομάτην]
651 1881 915 1937 Αὐτομάτως
927 1885 971 1922 V.
984 1884 1024 1925 C.
1039 1885 1090 1924 Μ.
1109 1900 1186 1925 non
1199 1891 1316 1928 male:
1339 1905 1408 1929 nee
1419 1907 1489 1931 ne-

48 1946 362 1981 cessariotamen.
392 1944 478 1981 Vid.
489 1944 685 1981 LucamA.
698 1943 740 1979 A.
756 1944 826 1983 12.
847 1944 918 1982 10.
940 1949 978 1979 et
993 1941 1156 1981 Pausan.
1177 1945 1240 1983 Vi.
1256 1949 1331 1987 26,
1348 1949 1487 1988 Wnss.

158 2000 369 2040 235.12.
409 1998 460 2039 Οἵ
477 2016 526 2050 με
511 2016 552 2039 cv
570 1998 648 2053 7129
665 1995 875 2066 Δρακάνω
900 1997 943 2037 σὲ
955 2006 1025 2037 etc.
1036 1999 1054 2050 ]
1086 1999 1258 2047 Emenda
1275 2002 1488 2070 Δρακάνῳ

51 2050 105 2101 (τ’,
131 2069 168 2093 οι
195 2053 248 2103 δ’,
278 2062 316 2093 et
335 2056 436 2105 quod
457 2059 641 2105 sequitur,
664 2070 806 2110 ᾳασιν,
828 2070 865 2094 οι
887 2052 921 2093 (3⁰
945 2053 1000 2102 ἓν,
1020 2053 1119 2108 (pao'
1145 2055 1183 2096 οἱ
1208 2056 1243 2096 δ’
1268 2058 1322 2097 ἐι.
1352 2048 1488 2100 RHOD.

50 2109 156 2149 Idem
179 2110 365 2150 Rhodom.
386 2119 637 2159 censuerunt,
665 2126 713 2149 ne
731 2110 991 2161 diphthongus
1011 2125 1181 2150 consona
1201 2124 1380 2164 sequente
1403 2132 1490 2155 cor-

49 2169 262 2216 riperetur,
281 2166 338 2207 Cl.
353 2168 466 2206 Geor.
488 2140 891 2206 ArnaldusAnimadv.
901 2166 1030 2205 Critic.
1052 2182 1085 2207 e.
1108 2171 1164 2216 6.
1184 2177 1223 2209 et
1251 2172 1381 2210 Vanni
1401 2175 1474 2212 Cr
1457 2190 1491 2212 z..

54 2224 158 2260 ticae
175 2224 347 2261 eruditus
368 2232 500 2262 auctor
529 2239 564 2276 p.
588 2224 715 2272 385.;
742 2227 856 2261 immo
883 2223 958 2263 Ios,
983 2222 1140 2261 Barnes.
1161 2226 1388 2278 fragmentis
1407 2230 1492 2268 Ho-

52 2279 149 2315 meri
169 2278 268 2316 haud
288 2282 399 2318 aliter
425 2283 609 2328 inseruit,
634 2294 657 2318 a
684 2293 843 2330 quorum
866 2292 936 2330 ego
966 2280 1112 2318 iudicio
1136 2284 1210 2319 etsi
1242 2297 1320 2321 non
1342 2286 1492 2324 dissen-

55 2336 172 2381 tiam,
199 2335 297 2373 nihil
315 2343 442 2374 tamen
464 2344 598 2374 contra
624 2337 744 2374 libros
763 2343 910 2372 mutare
929 2339 1049 2373 tutius
1079 2338 1205 2375 visum
1225 2347 1294 2379 est.
1327 2340 1494 2381 Draca-

54 2404 144 2428 mcm
161 2391 251 2428 urbs
271 2398 308 2428 et
325 2395 626 2442 promontorium
643 2400 726 2430 erat
746 2392 890 2429 Icariae
908 2393 1056 2429 insulae
1078 2395 1177 2443 apud
1189 2394 1368 2437 Strabon.
1384 2398 1491 2438 XlV.

56 2459 95 2497 Ρ
117 2447 222 2488 947.
246 2446 289 2484 Α.
302 2449 480 2495 ,celebre
505 2450 696 2487 natalibus
716 2447 867 2485 Bacchi.
908 2447 1101 2486 Theocrit
1122 2449 1221 2500 ldyl.
1243 2451 1394 2493 XXVI
1413 2456 1490 2496 33,

168 2501 322 2555 Χαιόοι
343 2503 417 2554 μὲν
439 2501 667 2552 Διόνυσος,
700 2502 747 2544 ὃν
770 2503 811 2542 ἐν
829 2499 1038 2558 Δρακάνῳ
1062 2502 1242 2572 νιφόεντι

169 2556 310 2605 Ζεὺς
296 2556 450 2606 ύῑιατος
467 2557 594 2613 μεγά)
599 2576 649 2599 αν
669 2559 757 2613 ἔπη
760 2575 831 2599 ου]
826 2559 902 2598 ’ίὸα
921 2555 1083 2610 {hymno
1103 2557 1245 2608 λύσας.

60 2613 253 2663 Stephano
274 2611 514 2667 Λοάκονον,
533 2620 662 2653 iurene
683 2630 733 2654 an
756 2618 896 2653 iniuria
915 2615 1061 2653 erudite
1080 2617 1290 2667 disputavit
1309 2618 1356 2657 T.
1374 2620 1495 2659 Hem-

60 2670 175 2706 sterh.
197 2671 244 2707 ad
264 2670 419 2708 lucian.
439 2671 487 2709 D.
510 2671 559 2712 D
585 2672 654 2709 IX.
676 2675 719 2712 2.
755 2673 876 2710 Porro
898 2683 1009 2720 quem
1029 2677 1144 2711 tertio
1173 2675 1320 2712 addunt
1341 2690 1495 2718 versum

60 2728 194 2774 optimi
214 2726 333 2766 Codd.

171 2780 423 2835 Κυσαμένην
444 2781 625 2835 Σεμέλήν
643 2781 789 2822 τεκέειν
808 2782 890 2822 Aci·
904 2781 1217 2840 τερπικεραύνῳ,
