1828 3253
474 187 538 228 ΙΝ
569 185 678 226 Lm.
703 187 733 226 Ι.
780 185 904 226 CAP.
932 189 1007 230 60.
1039 191 1111 230 61.
1443 192 1504 235 99

71 297 167 342 ἴνιοι
187 299 393 355 λέγουσιν,
417 296 497 341 ὑπὸ
521 295 721 350 Βὰρωνος
738 302 813 340 τοῦ
829 296 1054 351 βασιλέως,
1084 302 1251 349 πολλοῖς
1271 298 1375 343 ἔτεσι
1394 302 1500 358 πρό-

70 373 189 410 τερον
218 360 292 409 τῆς
319 358 444 398 ,ΤΙῙίνω
480 356 704 408 βασιλείας.
759 356 978 409 Diligenter
1008 370 1102 394 vero
1134 360 1409 399 consideranda
1440 371 1499 401 est

71 426 167 462 quae
203 414 360 452 habetur
390 413 461 451 hoc
490 415 574 450 loco
599 416 806 462 scriptura,
832 421 986 463 propter
1004 416 1264 462 vicinitatem,
1297 429 1407 466 quam
1427 418 1497 457 hoc

71 483 211 508 nomen
241 469 353 507 habet
383 483 468 507 cum
497 483 541 506 eo
580 482 654 519 quo
675 469 893 507 Herodotus
923 483 1041 507 unum
1073 483 1121 506 ex
1157 472 1311 521 regibus
1330 473 1496 525 Aegypti

72 529 254 563 nominat.
309 525 346 563 ls
364 529 464 563 enim
489 525 661 580 Φέρωνα
683 526 869 574 quendam
888 527 1064 575 appellat.
1126 525 1180 562 Ac
1200 527 1283 564 fieri
1303 538 1427 577 potest
1453 540 1495 569 ut

71 583 231 619 eundem
249 583 316 618 alii
339 581 536 634 Φέρωνα,
583 584 651 620 alii
671 579 850 632 Βάρωνα
870 584 1117 620 nominarint.
1172 581 1246 619 Sed
1270 588 1354 633 quis
1378 587 1494 625 fuerit

70 645 109 674 et
129 651 202 688 quo
219 644 385 686 tempore
404 642 624 689 regnaverit
642 637 703 675 hic
723 640 804 676 sive
831 637 987 692 Φέρων,
1017 639 1098 675 sive
1120 635 1284 690 Βάρων,
1309 639 1379 678 hac
1402 657 1494 681 vero

70 694 116 731 de
142 707 183 730 re
213 695 314 730 inter
340 693 577 733 Herodotum
606 702 645 732 et
669 694 882 733 Diodorum
908 696 1015 732 nullo
1041 695 1153 732 modo
1183 699 1373 734 convenit.
1430 699 1495 737 Ait

68 751 170 787 enim
196 748 412 787 Herodotus
445 749 653 788 Sesostridi
682 759 832 788 mortuo
863 753 903 788 in
930 763 1090 801 regnum
1122 754 1350 789 successisse
1372 753 1494 793 filium

66 805 302 853 Pheronem,
329 809 395 855 qui
413 809 557 844 nullam
580 807 860 856 expeditionem
877 810 1096 857 susceperit,
1124 809 1260 856 cuique
1285 810 1494 849 luminibus

67 862 195 900 orbari
226 864 440 913 contigerit.
497 863 547 900 At
566 863 757 900 Diodorus
778 862 984 900 Sesostrim
1004 863 1155 912 quidem
1172 865 1283 914 regni
1299 878 1494 904 successo-

65 930 147 956 rem
165 917 342 955 habuisse
361 919 495 956 scribit
513 933 623 957 suum
640 920 783 966 filium,
823 921 941 956 nullis
961 921 1073 957 rebus
1095 921 1213 970 gestis
1235 921 1492 970 nobilitatum,

67 982 105 1010 et
125 975 329 1012 luminibus
352 976 549 1023 orbatum,
585 976 651 1013 sed
670 975 877 1014 Sesostrim
907 983 945 1012 et
963 978 1086 1025 ipsum
1106 984 1375 1025 nuncupatum.
1425 992 1492 1028 pa-

66 1033 118 1068 tri
139 1033 241 1068 enim
265 1032 385 1068 fuisse
405 1033 669 1082 cognominem
697 1033 823 1069 tradit.
880 1031 1022 1070 Verum
1044 1044 1266 1082 quocunque
1297 1036 1347 1070 sit
1365 1037 1494 1084 appel-

68 1086 204 1123 landus
234 1099 304 1124 rex
333 1086 394 1124 bic
427 1091 600 1135 nomine,
632 1087 685 1141 (si
707 1089 817 1126 modo
841 1089 1001 1125 eundem
1019 1101 1148 1140 regem
1170 1101 1246 1125 non
1266 1089 1398 1127 eodem
1421 1103 1492 1127 no-

66 1145 168 1180 mine
190 1144 236 1180 ab
258 1144 432 1180 omnibus
451 1146 632 1194 appellari
652 1145 860 1192 putandum
882 1142 958 1195 est)
995 1151 1145 1182 constat
1175 1143 1387 1183 Diodorum
1416 1146 1494 1183 Va-

65 1210 198 1236 ronem
218 1212 328 1236 suum
349 1201 450 1236 inter
471 1200 698 1238 Sesostridis
717 1201 838 1238 filium
861 1207 898 1237 et
914 1200 1095 1238 Proteum
1122 1214 1198 1238 una
1221 1215 1305 1238 cum
1323 1204 1410 1239 aliis
1429 1205 1490 1239 in-

63 1257 259 1292 tcriicere:
280 1266 395 1304 quum
413 1254 630 1294 Herodotus
657 1256 884 1294 Sesostridis
914 1256 1036 1293 filium
1054 1256 1268 1294 Pheronem
1286 1266 1491 1306 nuncupet,

64 1313 125 1348 cui
147 1311 326 1348 Proteum
344 1325 601 1349 successorem
617 1314 745 1350 faciat.
799 1312 879 1349 lam
898 1326 990 1350 vero
1010 1311 1072 1350 hic
1090 1314 1186 1350 alius
1208 1312 1301 1350 mihi
1318 1316 1493 1351 iniicitur

63 1369 262 1416 scrupulus
279 1380 326 1404 ex
345 1369 421 1405 alio
439 1367 602 1406 Diodori
618 1371 712 1406 loco.
735 1369 859 1413 Quum
880 1371 982 1406 enim
1000 1367 1100 1405 hunc
1121 1369 1280 1406 eundem
1297 1383 1426 1420 regem
1443 1371 1490 1407 ab

63 1424 150 1460 aliis
174 1421 371 1475 Μένδην,
409 1425 456 1462 ab
482 1426 570 1462 aliis
590 1421 772 1478 Μάρῥον
800 1426 1037 1462 nominatum
1063 1425 1226 1471 scribat,
1269 1427 1310 1462 in
1333 1439 1377 1462 eo
1405 1428 1488 1474 ipso

64 1490 177 1527 quem
193 1480 305 1516 modo
324 1483 442 1518 citavi
466 1482 551 1519 loco
570 1479 649 1534 (est
665 1489 790 1518 autem
811 1495 896 1532 pag.
917 1483 989 1520 61.
1021 1480 1132 1518 huius
1151 1478 1351 1533 editionis)
1373 1479 1491 1520 ΖΙςΊέν-

63 1535 139 1587 ὁήν
157 1537 238 1573 sive
257 1534 460 1589 ΖΗὲνδητα
481 1539 599 1575 alium
618 1551 641 1576 a
660 1537 766 1575 Maro
786 1540 868 1575 sive
888 1537 1038 1574 Varone
1054 1539 1158 1574 facit.
1175 1536 1274 1574 Nam
1296 1549 1410 1585 quum
1427 1536 1492 1575 hic

63 1590 250 1643 Μένδην,
279 1605 390 1642 quem
408 1595 477 1631 alii
493 1590 648 1646 Μάρον
670 1601 824 1640 vocant,
852 1593 1114 1643 labyrinthum
1134 1596 1392 1630 construxisse
1414 1600 1492 1630 tra-

64 1647 151 1695 dat,
195 1651 257 1686 cui
284 1650 447 1686 similem
466 1648 658 1688 Daedalus
676 1649 799 1687 Minoi
819 1648 1057 1687 Cretensium
1085 1652 1169 1700 regi
1189 1649 1396 1687 fabricatus
1418 1652 1490 1686 sit:

63 1705 145 1741 illic
176 1705 312 1742 scribit
338 1704 550 1743 Daedalum
579 1709 767 1744 imitatum
786 1719 868 1742 esse
886 1705 1147 1755 labyrinthum
1162 1705 1422 1752 aedificatum,
1447 1712 1492 1743 ut

63 1760 216 1809 quidam
243 1763 373 1808 aiunt,
419 1775 442 1800 a
465 1761 663 1810 Mendete,
703 1770 746 1800 ut
774 1768 900 1799 autem
921 1763 988 1798 alii
1017 1762 1172 1808 dicunt,
1218 1774 1241 1798 a
1260 1760 1368 1798 Maro
1386 1775 1489 1812 rege.

62 1815 149 1854 Nisi
172 1818 272 1854 forte
294 1819 452 1867 aliqum,
493 1813 549 1864 ὥς
565 1817 640 1869 μέν
658 1833 763 1864 τινες
782 1817 932 1872 φασὶν,
969 1823 1007 1854 ct
1033 1813 1088 1863 ὡς
1115 1815 1149 1856 δ’
1176 1814 1269 1856 ἔνιοι
1290 1815 1488 1868 λέγουσιν,

63 1870 124 1926 (id
154 1880 232 1921 est,
268 1881 315 1912 ut
342 1877 495 1926 quidem
516 1878 635 1912 aiunt
649 1877 798 1925 aliqui,
837 1881 883 1912 ut
902 1886 996 1912 vero
1017 1874 1194 1911 nonnulli
1212 1873 1366 1926 dicunt)
1389 1875 1490 1911 acci-

60 1931 141 1979 piat
158 1943 227 1979 pro
247 1925 302 1977 ὥς
319 1930 395 1982 μέν
415 1946 518 1977 τινες
537 1929 664 1971 αὐτὸν
685 1926 955 1982 ὀνομάζουσιν
971 1958 981 1976 ,
1003 1930 1042 1966 id
1061 1937 1138 1976 est,
1166 1936 1212 1966 ut
1229 1943 1312 1966 eum
1333 1931 1490 1980 quidam

61 1993 300 2038 nuncupant.
355 1986 433 2025 Sed
452 1991 536 2037 quis
566 2001 731 2038 unquam
757 1988 810 2024 ita
829 1989 1007 2035 loquutus
1027 1985 1111 2023 est?
1138 1985 1223 2036 Ego
1245 1992 1346 2022 certe
1365 1988 1491 2033 potius

60 2040 294 2090 Diodorum,
325 2055 440 2092 quum
459 2058 537 2082 non
557 2045 709 2082 eosdem
727 2045 930 2092 utrobique
948 2041 1126 2079 authores
1144 2048 1384 2092 sequeretur,
1411 2053 1490 2078 non

62 2098 193 2136 eadem
222 2101 440 2149 scripsisse,
481 2101 662 2138 credibile
683 2114 766 2138 esse
787 2102 975 2137 existimo.
1018 2098 1170 2135 STEPH.
1221 2097 1302 2134 Nos
1333 2093 1490 2147 ΙΙΙάρον

59 2156 291 2203 retinemus,
327 2169 414 2193 cum
433 2157 478 2194 de
495 2157 670 2195 Pherone
689 2156 875 2194 Herodoti
896 2163 1008 2203 atque
1027 2154 1117 2191 hinc
1137 2154 1183 2191 de
1205 2152 1353 2190 Barone
1375 2153 1490 2190 dubia

63 2213 114 2247 sit
140 2211 189 2248 H.
214 2211 398 2262 Stephani
417 2217 656 2251 coniectura:
705 2215 811 2250 cuius
833 2214 977 2249 notatio
998 2211 1290 2261 diligentissima
1313 2210 1491 2246 consula-

63 2272 137 2304 tur.
175 2265 309 2306 Ruon.
358 2267 530 2307 Diodoro
560 2269 658 2308 nihil
684 2271 778 2306 certi
807 2270 981 2306 constitit
1006 2267 1051 2304 de
1079 2265 1291 2317 labyrinthi
1321 2271 1490 2310 auctore,

63 2329 107 2358 ut
125 2322 215 2360 hacc
243 2331 282 2361 ct
315 2337 411 2374 quae
443 2339 475 2363 c.
495 2327 566 2366 89.
586 2333 625 2362 et
645 2327 718 2366 97.
746 2326 948 2376 leguntur,
985 2323 1131 2372 liquido
1158 2321 1374 2359 ostendunt.
1430 2319 1489 2356 De

61 2377 200 2416 Mende
219 2382 300 2418 sive
320 2381 496 2419 Mendete
517 2395 594 2420 non
615 2383 793 2421 dissentit
813 2380 951 2420 Strabo
973 2378 1097 2418 XVII.
1117 2390 1155 2426 Ρ.
1181 2380 1200 2419 l
1214 2378 1315 2418 165.
1332 2404 1344 2424 ‚
1379 2378 1489 2413 cuius

63 2446 134 2471 nec
167 2435 350 2475 Imandes
376 2439 456 2475 sive
480 2439 683 2485 Muindes,
721 2445 762 2475 ut
791 2439 830 2474 in
859 2437 1056 2484 Epitoma,
1089 2447 1167 2471 non
1186 2435 1283 2471 alius
1309 2439 1391 2478 est,
1430 2432 1489 2469 uti

65 2486 224 2529 ,Min-res
249 2492 397 2531 Aelian.
425 2494 488 2532 Vl.
516 2494 616 2532 Hist.
647 2495 720 2531 An.
751 2495 790 2533 7.
821 2499 858 2529 et
887 2493 1072 2530 ›Sumrres
1099 2491 1216 2528 Plinii
1235 2486 1422 2526 XXXVI.
1447 2488 1488 2526 9.

65 2546 238 2585 diversus
269 2550 315 2586 ab
343 2549 415 2587 hoc
448 2550 576 2588 Marro
604 2563 670 2588 seu
700 2549 846 2587 Marno.
913 2550 1033 2592 Quam
1051 2548 1165 2597 longe
1188 2558 1280 2585 vero
1299 2544 1388 2582 hinc
1407 2543 1488 2580 abit

64 2601 248 2640 Herodot-
270 2604 316 2641 Π.
341 2607 444 2647 148.
483 2614 521 2644 et
548 2620 633 2643 eum
665 2614 816 2643 secutus
843 2603 944 2641 Mela
962 2603 990 2640 Ι.
1010 2604 1075 2650 9.,
1104 2604 1169 2652 qui
1190 2611 1252 2637 ΧΠ
1275 2601 1429 2651 regibus
1448 2604 1487 2634 et

63 2658 341 2697 Psammeticho
358 2663 545 2711 inprimis,
572 2662 721 2700 Plinius
739 2659 926 2698 XXXVI.
951 2661 1031 2706 13.,
1057 2660 1122 2708 qui
1139 2658 1360 2702 Petesucco,
1382 2654 1487 2691 Afri-

66 2727 151 2754 can.
173 2722 212 2752 ct
230 2715 391 2764 Euseb.,
426 2720 490 2767 qui
508 2717 669 2756 Lachari
690 2718 876 2755 Sesostris
895 2716 999 2762 filio,
1027 2712 1288 2764 labyrinthum
1315 2711 1490 2748 tribuunt
1522 2735 1524 2737 v

63 2773 106 2808 in
124 2770 280 2821 Synccl.
303 2771 512 2824 Chronogr.
531 2787 566 2824 p.
586 2773 688 2815 60,ss
729 2772 762 2810 E
785 2785 859 2823 qua
877 2774 1105 2820 scriptorum
1121 2768 1313 2806 discordia
1332 2766 1372 2804 id
1391 2767 1492 2803 iusta

64 2829 308 2866 conclusione
340 2831 571 2876 confeceris,
621 2832 750 2879 plures
767 2842 901 2879 regma
922 2828 1073 2864 diverso
1093 2832 1259 2874 tempore
1280 2822 1368 2860 huic
1387 2823 1492 2870 operi

1141 2882 1217 2920 7.
