<?xml version="1.0" encoding="UTF-8"?>
<!DOCTYPE html PUBLIC "-//W3C//DTD XHTML 1.0 Transitional//EN"
    "http://www.w3.org/TR/xhtml1/DTD/xhtml1-transitional.dtd">
<html xmlns="http://www.w3.org/1999/xhtml" xml:lang="en" lang="en">
 <head>
  <title>
</title>
<meta http-equiv="Content-Type" content="text/html;charset=utf-8" />
  <meta name='ocr-system' content='tesseract 3.04.00' />
  <meta name='ocr-capabilities' content='ocr_page ocr_carea ocr_par ocr_line ocrx_word'/>
</head>
<body>
  <div class='ocr_page' id='page_1' title='image "./bibliothecahisto04dioduoft_0427.png"; bbox 0 0 1828 3253; ppageno 0'>
   <div class='ocr_carea' id='block_1_1' title="bbox 427 217 1520 264">
    <p class='ocr_par' dir='ltr' id='par_1_1' title="bbox 427 217 1520 264">
     <span class='ocr_line' id='line_1_1' title="bbox 427 217 1520 264; baseline -0.002 -4"><span class='ocrx_word' id='word_1_1' title='bbox 427 222 486 264; x_wconf 81' lang='lat' dir='ltr'><strong>IN</strong></span> <span class='ocrx_word' id='word_1_2' title='bbox 517 220 629 260; x_wconf 81' lang='lat' dir='ltr'><strong>LIB.</strong></span> <span class='ocrx_word' id='word_1_3' title='bbox 661 219 731 258; x_wconf 82' lang='lat' dir='ltr'><strong>lv.</strong></span> <span class='ocrx_word' id='word_1_4' title='bbox 759 218 888 258; x_wconf 84' lang='lat' dir='ltr'><strong>CAP.</strong></span> <span class='ocrx_word' id='word_1_5' title='bbox 922 219 993 259; x_wconf 74' lang='lat'><strong>83.</strong></span> <span class='ocrx_word' id='word_1_6' title='bbox 1013 237 1060 247; x_wconf 88' lang='lat'><strong>-—</strong></span> <span class='ocrx_word' id='word_1_7' title='bbox 1082 217 1156 259; x_wconf 82' lang='lat'><strong>85.</strong></span> <span class='ocrx_word' id='word_1_8' title='bbox 1428 217 1520 258; x_wconf 81' lang='lat'><strong>401</strong></span> 
     </span>
    </p>
   </div>
   <div class='ocr_carea' id='block_1_2' title="bbox 64 328 1520 2195">
    <p class='ocr_par' dir='ltr' id='par_1_2' title="bbox 69 328 1518 778">
     <span class='ocr_line' id='line_1_2' title="bbox 69 328 1518 383; baseline -0.006 -9"><span class='ocrx_word' id='word_1_9' title='bbox 69 335 268 383; x_wconf 78' lang='lat' dir='ltr'><strong>interfuso</strong></span> <span class='ocrx_word' id='word_1_10' title='bbox 296 336 404 374; x_wconf 76' lang='lat' dir='ltr'><strong>mari</strong></span> <span class='ocrx_word' id='word_1_11' title='bbox 423 335 564 373; x_wconf 73' lang='lat' dir='ltr'><strong>avulsa</strong></span> <span class='ocrx_word' id='word_1_12' title='bbox 593 342 651 372; x_wconf 79' lang='grc' dir='ltr'><strong>Χν</strong></span> <span class='ocrx_word' id='word_1_13' title='bbox 675 332 729 372; x_wconf 89' lang='grc' dir='ltr'><strong>Μ.</strong></span> <span class='ocrx_word' id='word_1_14' title='bbox 750 334 790 370; x_wconf 73' lang='lat' dir='ltr'><strong>in</strong></span> <span class='ocrx_word' id='word_1_15' title='bbox 821 332 1103 382; x_wconf 76' lang='lat' dir='ltr'><em>longitudinem</em></span> <span class='ocrx_word' id='word_1_16' title='bbox 1124 328 1266 377; x_wconf 82' lang='lat' dir='ltr'><strong>freto,</strong></span> <span class='ocrx_word' id='word_1_17' title='bbox 1301 330 1342 368; x_wconf 70' lang='lat' dir='ltr'><strong>in</strong></span> <span class='ocrx_word' id='word_1_18' title='bbox 1374 329 1518 368; x_wconf 76' lang='lat' dir='ltr'><strong>latitu-</strong></span> 
     </span>
     <span class='ocr_line' id='line_1_3' title="bbox 70 386 1517 442; baseline -0.007 -11"><span class='ocrx_word' id='word_1_19' title='bbox 70 395 197 432; x_wconf 82' lang='lat' dir='ltr'><strong><em>dinem</em></strong></span> <span class='ocrx_word' id='word_1_20' title='bbox 218 399 350 430; x_wconf 80' lang='lat' dir='ltr'><strong>autem</strong></span> <span class='ocrx_word' id='word_1_21' title='bbox 369 391 423 429; x_wconf 83' lang='grc' dir='ltr'><strong>.Μ.</strong></span> <span class='ocrx_word' id='word_1_22' title='bbox 444 390 494 428; x_wconf 92' lang='lat' dir='ltr'><strong>D.</strong></span> <span class='ocrx_word' id='word_1_23' title='bbox 507 403 699 442; x_wconf 77' lang='lat' dir='ltr'><strong>passuum</strong></span> <span class='ocrx_word' id='word_1_24' title='bbox 720 392 835 426; x_wconf 72' lang='lat' dir='ltr'><strong>iuxta</strong></span> <span class='ocrx_word' id='word_1_25' title='bbox 859 390 1076 426; x_wconf 76' lang='lat' dir='ltr'><strong>columnam</strong></span> <span class='ocrx_word' id='word_1_26' title='bbox 1099 387 1334 434; x_wconf 75' lang='lat' dir='ltr'><em>Rheginum.</em></span> <span class='ocrx_word' id='word_1_27' title='bbox 1366 386 1423 423; x_wconf 71' lang='lat' dir='ltr'><strong>Ab</strong></span> <span class='ocrx_word' id='word_1_28' title='bbox 1443 386 1517 423; x_wconf 79' lang='lat' dir='ltr'><strong>hoc</strong></span> 
     </span>
     <span class='ocr_line' id='line_1_4' title="bbox 70 444 1514 498; baseline -0.006 -10"><span class='ocrx_word' id='word_1_29' title='bbox 70 450 297 489; x_wconf 72' lang='lat' dir='ltr'><strong>dehiscendi</strong></span> <span class='ocrx_word' id='word_1_30' title='bbox 323 455 554 498; x_wconf 80' lang='lat' dir='ltr'><strong>argumento</strong></span> <span class='ocrx_word' id='word_1_31' title='bbox 595 447 791 496; x_wconf 74' lang='lat' dir='ltr'><strong>Rhegium</strong></span> <span class='ocrx_word' id='word_1_32' title='bbox 832 445 986 483; x_wconf 72' lang='lat' dir='ltr'><strong>Graeci</strong></span> <span class='ocrx_word' id='word_1_33' title='bbox 1009 457 1146 481; x_wconf 78' lang='lat' dir='ltr'><strong>nomen</strong></span> <span class='ocrx_word' id='word_1_34' title='bbox 1183 444 1325 480; x_wconf 61' lang='lat' dir='ltr'><strong>deflere</strong></span> <span class='ocrx_word' id='word_1_35' title='bbox 1357 444 1514 493; x_wconf 56' lang='lat' dir='ltr'><strong>oppida</strong></span> 
     </span>
     <span class='ocr_line' id='line_1_5' title="bbox 70 499 1516 564; baseline -0.005 -21"><span class='ocrx_word' id='word_1_36' title='bbox 70 505 129 543; x_wconf 88' lang='lat' dir='ltr'><strong>De</strong></span> <span class='ocrx_word' id='word_1_37' title='bbox 151 513 274 543; x_wconf 86' lang='lat' dir='ltr'><strong>terrae</strong></span> <span class='ocrx_word' id='word_1_38' title='bbox 304 512 424 551; x_wconf 81' lang='lat' dir='ltr'><strong>motu,</strong></span> <span class='ocrx_word' id='word_1_39' title='bbox 453 515 526 552; x_wconf 89' lang='lat' dir='ltr'><strong>quo</strong></span> <span class='ocrx_word' id='word_1_40' title='bbox 549 505 677 540; x_wconf 85' lang='lat' dir='ltr'><strong>insula</strong></span> <span class='ocrx_word' id='word_1_41' title='bbox 704 503 879 540; x_wconf 84' lang='lat' dir='ltr'><strong>faucibus</strong></span> <span class='ocrx_word' id='word_1_42' title='bbox 911 501 1042 538; x_wconf 85' lang='lat' dir='ltr'><strong>Italiae</strong></span> <span class='ocrx_word' id='word_1_43' title='bbox 1073 502 1122 536; x_wconf 88' lang='lat' dir='ltr'><strong>sit</strong></span> <span class='ocrx_word' id='word_1_44' title='bbox 1147 499 1317 564; x_wconf 81' lang='lat' dir='ltr'><strong>direpta,</strong></span> <span class='ocrx_word' id='word_1_45' title='bbox 1343 499 1516 536; x_wconf 82' lang='lat' dir='ltr'><strong>Aeschv-</strong></span> 
     </span>
     <span class='ocr_line' id='line_1_6' title="bbox 70 557 1514 608; baseline -0.006 -8"><span class='ocrx_word' id='word_1_46' title='bbox 70 564 130 600; x_wconf 88' lang='lat' dir='ltr'><strong>lus</strong></span> <span class='ocrx_word' id='word_1_47' title='bbox 152 565 192 600; x_wconf 89' lang='lat' dir='ltr'><strong>in</strong></span> <span class='ocrx_word' id='word_1_48' title='bbox 215 561 392 598; x_wconf 82' lang='lat' dir='ltr'><strong>Strabon.</strong></span> <span class='ocrx_word' id='word_1_49' title='bbox 416 559 481 598; x_wconf 90' lang='lat' dir='ltr'><strong>VI.</strong></span> <span class='ocrx_word' id='word_1_50' title='bbox 511 572 546 608; x_wconf 89' lang='grc' dir='ltr'><strong>Ρ.</strong></span> <span class='ocrx_word' id='word_1_51' title='bbox 571 561 675 599; x_wconf 89' lang='grc'><strong>396</strong></span> <span class='ocrx_word' id='word_1_52' title='bbox 696 558 762 597; x_wconf 90' lang='lat' dir='ltr'><strong>A.·</strong></span> <span class='ocrx_word' id='word_1_53' title='bbox 753 571 888 607; x_wconf 81' lang='lat' dir='ltr'><strong>‚quae</strong></span> <span class='ocrx_word' id='word_1_54' title='bbox 908 565 1080 596; x_wconf 80' lang='lat' dir='ltr'><strong>veterum</strong></span> <span class='ocrx_word' id='word_1_55' title='bbox 1101 557 1303 605; x_wconf 80' lang='lat' dir='ltr'>opiniones</span> <span class='ocrx_word' id='word_1_56' title='bbox 1327 569 1411 592; x_wconf 87' lang='lat' dir='ltr'><strong>cum</strong></span> <span class='ocrx_word' id='word_1_57' title='bbox 1432 557 1514 592; x_wconf 80' lang='lat' dir='ltr'><strong>sola</strong></span> 
     </span>
     <span class='ocr_line' id='line_1_7' title="bbox 70 611 1514 669; baseline -0.006 -13"><span class='ocrx_word' id='word_1_58' title='bbox 70 622 291 669; x_wconf 79' lang='lat' dir='ltr'><strong>coniectura</strong></span> <span class='ocrx_word' id='word_1_59' title='bbox 319 619 515 664; x_wconf 71' lang='lat' dir='ltr'><strong>nitantur,</strong></span> <span class='ocrx_word' id='word_1_60' title='bbox 543 617 664 654; x_wconf 89' lang='lat' dir='ltr'><strong>multo</strong></span> <span class='ocrx_word' id='word_1_61' title='bbox 693 616 856 663; x_wconf 73' lang='lat' dir='ltr'><strong>similius</strong></span> <span class='ocrx_word' id='word_1_62' title='bbox 883 628 977 652; x_wconf 87' lang='lat' dir='ltr'><strong>vero</strong></span> <span class='ocrx_word' id='word_1_63' title='bbox 1015 619 1094 660; x_wconf 83' lang='lat' dir='ltr'><strong>est,</strong></span> <span class='ocrx_word' id='word_1_64' title='bbox 1126 611 1301 650; x_wconf 81' lang='lat' dir='ltr'><strong>Siciliam</strong></span> <span class='ocrx_word' id='word_1_65' title='bbox 1331 625 1352 648; x_wconf 84' lang='lat' dir='ltr'><strong>a</strong></span> <span class='ocrx_word' id='word_1_66' title='bbox 1382 614 1514 659; x_wconf 85' lang='lat' dir='ltr'><strong>primis</strong></span> 
     </span>
     <span class='ocr_line' id='line_1_8' title="bbox 70 655 1516 722; baseline -0.006 -10"><span class='ocrx_word' id='word_1_67' title='bbox 70 688 198 713; x_wconf 88' lang='lat' dir='ltr'><strong>rerum</strong></span> <span class='ocrx_word' id='word_1_68' title='bbox 231 674 355 711; x_wconf 80' lang='lat' dir='ltr'><strong>initiis</strong></span> <span class='ocrx_word' id='word_1_69' title='bbox 382 674 500 710; x_wconf 84' lang='lat' dir='ltr'><strong>fuisse</strong></span> <span class='ocrx_word' id='word_1_70' title='bbox 528 674 706 710; x_wconf 80' lang='lat' dir='ltr'><strong>insulam.</strong></span> <span class='ocrx_word' id='word_1_71' title='bbox 745 671 912 722; x_wconf 83' lang='lat' dir='ltr'>Egregie</span> <span class='ocrx_word' id='word_1_72' title='bbox 938 655 1005 707; x_wconf 83' lang='lat' dir='ltr'><strong>hac</strong></span> <span class='ocrx_word' id='word_1_73' title='bbox 1039 669 1084 705; x_wconf 89' lang='lat' dir='ltr'><strong>de</strong></span> <span class='ocrx_word' id='word_1_74' title='bbox 1113 682 1155 705; x_wconf 93' lang='lat' dir='ltr'><strong>re</strong></span> <span class='ocrx_word' id='word_1_75' title='bbox 1184 675 1271 717; x_wconf 88' lang='lat' dir='ltr'><strong>post</strong></span> <span class='ocrx_word' id='word_1_76' title='bbox 1298 667 1516 705; x_wconf 86' lang='lat' dir='ltr'><strong>Marianum</strong></span> 
     </span>
     <span class='ocr_line' id='line_1_9' title="bbox 69 724 1514 783; baseline -0.006 -15"><span class='ocrx_word' id='word_1_77' title='bbox 69 732 370 783; x_wconf 84' lang='lat' dir='ltr'><strong>Valguarneram</strong></span> <span class='ocrx_word' id='word_1_78' title='bbox 390 730 560 778; x_wconf 83' lang='lat' dir='ltr'><strong>disputat</strong></span> <span class='ocrx_word' id='word_1_79' title='bbox 590 728 729 778; x_wconf 86' lang='lat' dir='ltr'><strong>Philip.</strong></span> <span class='ocrx_word' id='word_1_80' title='bbox 754 727 908 764; x_wconf 34' lang='lat' dir='ltr'><strong>leuver</strong></span> <span class='ocrx_word' id='word_1_81' title='bbox 940 726 982 763; x_wconf 91' lang='lat' dir='ltr'><strong>L.</strong></span> <span class='ocrx_word' id='word_1_82' title='bbox 1002 726 1029 762; x_wconf 93' lang='lat' dir='ltr'><strong>I.</strong></span> <span class='ocrx_word' id='word_1_83' title='bbox 1069 724 1146 762; x_wconf 87' lang='lat' dir='ltr'><strong>Sic.</strong></span> <span class='ocrx_word' id='word_1_84' title='bbox 1176 725 1220 761; x_wconf 89' lang='lat' dir='ltr'><strong>A.</strong></span> <span class='ocrx_word' id='word_1_85' title='bbox 1253 738 1283 760; x_wconf 91' lang='lat' dir='ltr'><strong>c.</strong></span> <span class='ocrx_word' id='word_1_86' title='bbox 1315 726 1351 764; x_wconf 93' lang='grc'><strong>].</strong></span> <span class='ocrx_word' id='word_1_87' title='bbox 1380 724 1514 761; x_wconf 62' lang='lat' dir='ltr'><strong>Wms.</strong></span> 
     </span>
    </p>

    <p class='ocr_par' dir='ltr' id='par_1_3' title="bbox 69 779 1512 892">
     <span class='ocr_line' id='line_1_10' title="bbox 183 779 1512 838; baseline -0.008 -11"><span class='ocrx_word' id='word_1_88' title='bbox 183 788 289 827; x_wconf 84' lang='lat'><strong>328.</strong></span> <span class='ocrx_word' id='word_1_89' title='bbox 319 788 392 827; x_wconf 92' lang='grc'><strong>62.</strong></span> <span class='ocrx_word' id='word_1_90' title='bbox 428 781 705 837; x_wconf 73' lang='grc' dir='ltr'><strong><em>Πελωριάδα]</em></strong></span> <span class='ocrx_word' id='word_1_91' title='bbox 735 783 958 838; x_wconf 73' lang='grc' dir='ltr'><strong>Πεὶωρίδα</strong></span> <span class='ocrx_word' id='word_1_92' title='bbox 988 781 1082 820; x_wconf 89' lang='lat' dir='ltr'><strong>Mut.</strong></span> <span class='ocrx_word' id='word_1_93' title='bbox 1104 780 1170 819; x_wconf 92' lang='lat' dir='ltr'><strong>Co.</strong></span> <span class='ocrx_word' id='word_1_94' title='bbox 1192 779 1302 818; x_wconf 90' lang='lat' dir='ltr'><strong>Conf.</strong></span> <span class='ocrx_word' id='word_1_95' title='bbox 1327 780 1396 817; x_wconf 86' lang='lat' dir='ltr'><strong>Ph.</strong></span> <span class='ocrx_word' id='word_1_96' title='bbox 1421 779 1512 817; x_wconf 87' lang='lat' dir='ltr'><strong>Clu-</strong></span> 
     </span>
     <span class='ocr_line' id='line_1_11' title="bbox 69 840 812 892; baseline -0.007 -11"><span class='ocrx_word' id='word_1_97' title='bbox 69 855 150 882; x_wconf 78' lang='lat' dir='ltr'><strong>vcr.</strong></span> <span class='ocrx_word' id='word_1_98' title='bbox 174 842 539 892; x_wconf 75' lang='lat' dir='ltr'><strong>1.Sici1.Antiq.p.</strong></span> <span class='ocrx_word' id='word_1_99' title='bbox 565 845 636 882; x_wconf 86' lang='lat'><strong>80.</strong></span> <span class='ocrx_word' id='word_1_100' title='bbox 676 840 812 878; x_wconf 64' lang='lat' dir='ltr'><strong>Wizss.</strong></span> 
     </span>
    </p>

    <p class='ocr_par' dir='ltr' id='par_1_4' title="bbox 69 887 1516 1116">
     <span class='ocr_line' id='line_1_12' title="bbox 183 887 1513 949; baseline -0.008 -11"><span class='ocrx_word' id='word_1_101' title='bbox 183 898 286 938; x_wconf 81' lang='lat' dir='ltr'><strong>Ibid.</strong></span> <span class='ocrx_word' id='word_1_102' title='bbox 317 896 376 938; x_wconf 81' lang='grc' dir='ltr'><strong>Τὸ</strong></span> <span class='ocrx_word' id='word_1_103' title='bbox 405 904 447 940; x_wconf 56' lang='grc' dir='ltr'><strong>τὶ</strong></span> <span class='ocrx_word' id='word_1_104' title='bbox 431 897 571 949; x_wconf 73' lang='grc' dir='ltr'>ἔμειος</span> <span class='ocrx_word' id='word_1_105' title='bbox 591 900 665 938; x_wconf 82' lang='grc' dir='ltr'><strong>τοῦ</strong></span> <span class='ocrx_word' id='word_1_106' title='bbox 686 896 905 937; x_wconf 72' lang='grc' dir='ltr'>Ποσειὸωι</span> <span class='ocrx_word' id='word_1_107' title='bbox 900 910 953 941; x_wconf 87' lang='grc' dir='ltr'><strong>ος</strong></span> <span class='ocrx_word' id='word_1_108' title='bbox 974 887 1306 943; x_wconf 75' lang='grc' dir='ltr'>κατασκευάσαι]</span> <span class='ocrx_word' id='word_1_109' title='bbox 1351 893 1513 930; x_wconf 87' lang='lat' dir='ltr'><strong>Invenio</strong></span> 
     </span>
     <span class='ocr_line' id='line_1_13' title="bbox 69 947 1516 1008; baseline -0.006 -15"><span class='ocrx_word' id='word_1_110' title='bbox 69 957 111 993; x_wconf 86' lang='lat' dir='ltr'><strong>in</strong></span> <span class='ocrx_word' id='word_1_111' title='bbox 131 954 404 1005; x_wconf 84' lang='lat' dir='ltr'><strong>Apollodoril.</strong></span> <span class='ocrx_word' id='word_1_112' title='bbox 425 956 466 994; x_wconf 92' lang='grc'><strong>4.</strong></span> <span class='ocrx_word' id='word_1_113' title='bbox 490 956 530 994; x_wconf 90' lang='grc'><strong>3.</strong></span> <span class='ocrx_word' id='word_1_114' title='bbox 558 949 834 1008; x_wconf 66' lang='grc' dir='ltr'>ῘΙᾳαιο-τοτει</span> <span class='ocrx_word' id='word_1_115' title='bbox 839 968 934 991; x_wconf 78' lang='grc' dir='ltr'><strong>κτον</strong></span> <span class='ocrx_word' id='word_1_116' title='bbox 954 947 1033 991; x_wconf 79' lang='grc' dir='ltr'><strong>ιπὸ</strong></span> <span class='ocrx_word' id='word_1_117' title='bbox 1055 954 1130 1004; x_wconf 68' lang='grc' dir='ltr'><strong>γῆ]</strong></span> <span class='ocrx_word' id='word_1_118' title='bbox 1152 953 1285 996; x_wconf 74' lang='grc' dir='ltr'><em>οἰκον,</em></span> <span class='ocrx_word' id='word_1_119' title='bbox 1311 951 1394 986; x_wconf 81' lang='lat' dir='ltr'><strong>sive</strong></span> <span class='ocrx_word' id='word_1_120' title='bbox 1422 950 1516 986; x_wconf 74' lang='lat' dir='ltr'><strong>lul-</strong></span> 
     </span>
     <span class='ocr_line' id='line_1_14' title="bbox 70 1006 1514 1063; baseline -0.006 -14"><span class='ocrx_word' id='word_1_121' title='bbox 70 1015 164 1050; x_wconf 78' lang='lat' dir='ltr'><strong>cani</strong></span> <span class='ocrx_word' id='word_1_122' title='bbox 200 1025 321 1063; x_wconf 77' lang='lat' dir='ltr'><strong>opera</strong></span> <span class='ocrx_word' id='word_1_123' title='bbox 361 1011 427 1049; x_wconf 81' lang='lat' dir='ltr'><strong>sub</strong></span> <span class='ocrx_word' id='word_1_124' title='bbox 460 1019 572 1049; x_wconf 80' lang='lat' dir='ltr'><strong>terra</strong></span> <span class='ocrx_word' id='word_1_125' title='bbox 605 1019 665 1048; x_wconf 78' lang='lat' dir='ltr'><strong>st}</strong></span> <span class='ocrx_word' id='word_1_126' title='bbox 669 1017 799 1048; x_wconf 79' lang='lat' dir='ltr'><strong>uotam</strong></span> <span class='ocrx_word' id='word_1_127' title='bbox 828 1011 1001 1055; x_wconf 72' lang='lat' dir='ltr'><strong>domum,</strong></span> <span class='ocrx_word' id='word_1_128' title='bbox 1041 1021 1153 1056; x_wconf 66' lang='lat' dir='ltr'><strong>quam</strong></span> <span class='ocrx_word' id='word_1_129' title='bbox 1184 1007 1307 1043; x_wconf 85' lang='lat' dir='ltr'><strong>Orion</strong></span> <span class='ocrx_word' id='word_1_130' title='bbox 1336 1006 1514 1053; x_wconf 73' lang='lat' dir='ltr'><strong>Neptuno</strong></span> 
     </span>
     <span class='ocr_line' id='line_1_15' title="bbox 71 1062 1513 1116; baseline -0.006 -11"><span class='ocrx_word' id='word_1_131' title='bbox 71 1081 278 1106; x_wconf 82' lang='lat' dir='ltr'><strong>consecrav</strong></span> <span class='ocrx_word' id='word_1_132' title='bbox 282 1070 377 1105; x_wconf 85' lang='lat' dir='ltr'><strong>erit:</strong></span> <span class='ocrx_word' id='word_1_133' title='bbox 403 1080 497 1116; x_wconf 88' lang='lat' dir='ltr'><strong>quae</strong></span> <span class='ocrx_word' id='word_1_134' title='bbox 515 1067 675 1105; x_wconf 85' lang='lat' dir='ltr'><strong>huccine</strong></span> <span class='ocrx_word' id='word_1_135' title='bbox 708 1069 917 1116; x_wconf 78' lang='lat' dir='ltr'><strong>pertineat,</strong></span> <span class='ocrx_word' id='word_1_136' title='bbox 945 1078 1022 1101; x_wconf 86' lang='lat' dir='ltr'><strong>non</strong></span> <span class='ocrx_word' id='word_1_137' title='bbox 1046 1064 1165 1101; x_wconf 82' lang='lat' dir='ltr'><strong>habeo</strong></span> <span class='ocrx_word' id='word_1_138' title='bbox 1196 1063 1333 1099; x_wconf 89' lang='lat' dir='ltr'><strong>dicere.</strong></span> <span class='ocrx_word' id='word_1_139' title='bbox 1372 1062 1422 1098; x_wconf 86' lang='lat' dir='ltr'>W</span> <span class='ocrx_word' id='word_1_140' title='bbox 1429 1073 1513 1101; x_wconf 77' lang='lat' dir='ltr'><strong>Ess.</strong></span> 
     </span>
    </p>

    <p class='ocr_par' dir='ltr' id='par_1_5' title="bbox 64 1118 1517 1226">
     <span class='ocr_line' id='line_1_16' title="bbox 184 1118 1517 1180; baseline -0.008 -15"><span class='ocrx_word' id='word_1_141' title='bbox 184 1125 288 1165; x_wconf 84' lang='lat'><strong>328.</strong></span> <span class='ocrx_word' id='word_1_142' title='bbox 313 1127 386 1165; x_wconf 89' lang='grc'><strong>68.</strong></span> <span class='ocrx_word' id='word_1_143' title='bbox 415 1122 482 1162; x_wconf 82' lang='grc' dir='ltr'><strong>Ἐν</strong></span> <span class='ocrx_word' id='word_1_144' title='bbox 501 1139 551 1177; x_wconf 75' lang='grc' dir='ltr'>τι]</span> <span class='ocrx_word' id='word_1_145' title='bbox 571 1125 630 1163; x_wconf 67' lang='lat' dir='ltr'><strong>Ne</strong></span> <span class='ocrx_word' id='word_1_146' title='bbox 634 1123 744 1180; x_wconf 63' lang='lat' dir='ltr'><strong>xvia]</strong></span> <span class='ocrx_word' id='word_1_147' title='bbox 774 1123 895 1159; x_wconf 89' lang='lat' dir='ltr'><strong>Versu</strong></span> <span class='ocrx_word' id='word_1_148' title='bbox 919 1123 1021 1161; x_wconf 77' lang='grc'><strong>569.</strong></span> <span class='ocrx_word' id='word_1_149' title='bbox 1045 1121 1230 1171; x_wconf 54' lang='lat' dir='ltr'><strong>Ulysseae</strong></span> <span class='ocrx_word' id='word_1_150' title='bbox 1243 1118 1314 1156; x_wconf 88' lang='lat' dir='ltr'><strong>XI.</strong></span> <span class='ocrx_word' id='word_1_151' title='bbox 1341 1118 1517 1168; x_wconf 87' lang='lat' dir='ltr'><strong>Sequen-</strong></span> 
     </span>
     <span class='ocr_line' id='line_1_17' title="bbox 64 1176 1264 1226; baseline -0.004 -8"><span class='ocrx_word' id='word_1_152' title='bbox 64 1186 130 1218; x_wconf 85' lang='lat' dir='ltr'><strong>-tes</strong></span> <span class='ocrx_word' id='word_1_153' title='bbox 151 1188 279 1219; x_wconf 79' lang='lat' dir='ltr'><strong>autem</strong></span> <span class='ocrx_word' id='word_1_154' title='bbox 297 1194 432 1218; x_wconf 87' lang='lat' dir='ltr'><strong>versus</strong></span> <span class='ocrx_word' id='word_1_155' title='bbox 452 1181 584 1218; x_wconf 90' lang='lat' dir='ltr'><strong>eodem</strong></span> <span class='ocrx_word' id='word_1_156' title='bbox 605 1181 703 1218; x_wconf 89' lang='lat' dir='ltr'><strong>libro</strong></span> <span class='ocrx_word' id='word_1_157' title='bbox 725 1194 762 1218; x_wconf 84' lang='lat' dir='ltr'><strong>v.</strong></span> <span class='ocrx_word' id='word_1_158' title='bbox 787 1181 891 1219; x_wconf 88' lang='grc'><strong>308.</strong></span> <span class='ocrx_word' id='word_1_159' title='bbox 919 1180 1098 1226; x_wconf 85' lang='lat' dir='ltr'><strong>reperies.</strong></span> <span class='ocrx_word' id='word_1_160' title='bbox 1126 1176 1264 1213; x_wconf 75' lang='lat' dir='ltr'><strong>Ruon.</strong></span> 
     </span>
    </p>

    <p class='ocr_par' dir='ltr' id='par_1_6' title="bbox 69 1233 1517 1738">
     <span class='ocr_line' id='line_1_18' title="bbox 187 1233 1515 1289; baseline -0.006 -13"><span class='ocrx_word' id='word_1_161' title='bbox 187 1238 292 1278; x_wconf 90' lang='grc'><strong>328.</strong></span> <span class='ocrx_word' id='word_1_162' title='bbox 330 1238 400 1277; x_wconf 88' lang='lat'><strong>73</strong></span> <span class='ocrx_word' id='word_1_163' title='bbox 430 1235 688 1289; x_wconf 60' lang='grc' dir='ltr'>Ἐμιχανίζων</span> <span class='ocrx_word' id='word_1_164' title='bbox 711 1236 778 1274; x_wconf 85' lang='grc' dir='ltr'><strong>καὶ</strong></span> <span class='ocrx_word' id='word_1_165' title='bbox 808 1233 1136 1287; x_wconf 70' lang='grc' dir='ltr'><strong>ποοεκθέμενος]</strong></span> <span class='ocrx_word' id='word_1_166' title='bbox 1179 1233 1309 1270; x_wconf 83' lang='lat' dir='ltr'><strong>Series</strong></span> <span class='ocrx_word' id='word_1_167' title='bbox 1329 1233 1515 1269; x_wconf 83' lang='lat' dir='ltr'><strong>orationis</strong></span> 
     </span>
     <span class='ocr_line' id='line_1_19' title="bbox 69 1288 1516 1342; baseline -0.004 -12"><span class='ocrx_word' id='word_1_168' title='bbox 69 1291 142 1330; x_wconf 88' lang='lat' dir='ltr'><strong>hoc</strong></span> <span class='ocrx_word' id='word_1_169' title='bbox 163 1294 440 1342; x_wconf 83' lang='lat' dir='ltr'><strong>expostulabat.</strong></span> <span class='ocrx_word' id='word_1_170' title='bbox 466 1293 576 1330; x_wconf 88' lang='lat' dir='ltr'><strong>Aloei</strong></span> <span class='ocrx_word' id='word_1_171' title='bbox 595 1293 667 1330; x_wconf 86' lang='lat' dir='ltr'><strong>filii</strong></span> <span class='ocrx_word' id='word_1_172' title='bbox 685 1304 958 1340; x_wconf 87' lang='lat' dir='ltr'><strong>nonnunquam</strong></span> <span class='ocrx_word' id='word_1_173' title='bbox 967 1288 1191 1337; x_wconf 71' lang='grc' dir='ltr'>Ἀλωεῑῦαι,</span> <span class='ocrx_word' id='word_1_174' title='bbox 1206 1291 1516 1337; x_wconf 83' lang='lat' dir='ltr'><strong>frequentissime</strong></span> 
     </span>
     <span class='ocr_line' id='line_1_20' title="bbox 69 1344 1516 1400; baseline -0.007 -10.888"><span class='ocrx_word' id='word_1_175' title='bbox 69 1345 289 1390; x_wconf 71' lang='grc' dir='ltr'>Ἀλωάδαι</span> <span class='ocrx_word' id='word_1_176' title='bbox 311 1350 502 1387; x_wconf 84' lang='lat' dir='ltr'><strong>dicuntur.</strong></span> <span class='ocrx_word' id='word_1_177' title='bbox 521 1349 607 1387; x_wconf 79' lang='lat' dir='ltr'><strong>vid.</strong></span> <span class='ocrx_word' id='word_1_178' title='bbox 623 1349 786 1400; x_wconf 80' lang='lat' dir='ltr'><strong>Longin.</strong></span> <span class='ocrx_word' id='word_1_179' title='bbox 800 1348 845 1385; x_wconf 88' lang='lat' dir='ltr'><strong>de</strong></span> <span class='ocrx_word' id='word_1_180' title='bbox 858 1347 1024 1385; x_wconf 86' lang='lat' dir='ltr'><strong>Sublimi</strong></span> <span class='ocrx_word' id='word_1_181' title='bbox 1042 1347 1210 1384; x_wconf 87' lang='lat' dir='ltr'><strong>dictione</strong></span> <span class='ocrx_word' id='word_1_182' title='bbox 1230 1360 1264 1395; x_wconf 92' lang='grc' dir='ltr'><strong>Ρ.</strong></span> <span class='ocrx_word' id='word_1_183' title='bbox 1279 1346 1353 1385; x_wconf 87' lang='grc'><strong>48.</strong></span> <span class='ocrx_word' id='word_1_184' title='bbox 1384 1344 1516 1382; x_wconf 84' lang='lat' dir='ltr'><strong>Philo-</strong></span> 
     </span>
     <span class='ocr_line' id='line_1_21' title="bbox 72 1401 1516 1454; baseline -0.003 -12"><span class='ocrx_word' id='word_1_185' title='bbox 72 1412 232 1444; x_wconf 82' lang='lat' dir='ltr'><strong>stratum</strong></span> <span class='ocrx_word' id='word_1_186' title='bbox 250 1406 404 1444; x_wconf 87' lang='lat' dir='ltr'><strong>Heroic.</strong></span> <span class='ocrx_word' id='word_1_187' title='bbox 436 1419 467 1442; x_wconf 88' lang='lat' dir='ltr'><strong>c.</strong></span> <span class='ocrx_word' id='word_1_188' title='bbox 495 1408 533 1447; x_wconf 91' lang='lat'><strong>1.</strong></span> <span class='ocrx_word' id='word_1_189' title='bbox 563 1418 599 1454; x_wconf 86' lang='lat' dir='ltr'><strong>p.</strong></span> <span class='ocrx_word' id='word_1_190' title='bbox 622 1408 727 1446; x_wconf 86' lang='lat'><strong>671.</strong></span> <span class='ocrx_word' id='word_1_191' title='bbox 759 1405 930 1442; x_wconf 87' lang='lat' dir='ltr'><strong>Atticum</strong></span> <span class='ocrx_word' id='word_1_192' title='bbox 967 1404 1067 1452; x_wconf 86' lang='lat' dir='ltr'><strong>apud</strong></span> <span class='ocrx_word' id='word_1_193' title='bbox 1094 1402 1236 1441; x_wconf 89' lang='lat' dir='ltr'><strong>Euseb.</strong></span> <span class='ocrx_word' id='word_1_194' title='bbox 1266 1401 1353 1439; x_wconf 89' lang='lat' dir='ltr'><strong>XV.</strong></span> <span class='ocrx_word' id='word_1_195' title='bbox 1383 1402 1516 1450; x_wconf 83' lang='lat' dir='ltr'><strong>Praep.</strong></span> 
     </span>
     <span class='ocr_line' id='line_1_22' title="bbox 71 1457 1517 1514; baseline -0.005 -14"><span class='ocrx_word' id='word_1_196' title='bbox 71 1461 223 1514; x_wconf 81' lang='lat' dir='ltr'><strong>Evang.</strong></span> <span class='ocrx_word' id='word_1_197' title='bbox 242 1477 274 1500; x_wconf 89' lang='lat' dir='ltr'><strong>c.</strong></span> <span class='ocrx_word' id='word_1_198' title='bbox 282 1463 324 1503; x_wconf 90' lang='grc'><strong>4.</strong></span> <span class='ocrx_word' id='word_1_199' title='bbox 342 1475 378 1511; x_wconf 88' lang='lat' dir='ltr'><strong>p</strong></span> <span class='ocrx_word' id='word_1_200' title='bbox 394 1463 498 1504; x_wconf 83' lang='lat'><strong>795.</strong></span> <span class='ocrx_word' id='word_1_201' title='bbox 525 1461 734 1513; x_wconf 86' lang='lat' dir='ltr'><strong>Synesium</strong></span> <span class='ocrx_word' id='word_1_202' title='bbox 754 1462 801 1499; x_wconf 87' lang='lat' dir='ltr'><strong>de</strong></span> <span class='ocrx_word' id='word_1_203' title='bbox 814 1462 981 1498; x_wconf 82' lang='lat' dir='ltr'><strong>Insomn.</strong></span> <span class='ocrx_word' id='word_1_204' title='bbox 1003 1473 1038 1509; x_wconf 91' lang='grc' dir='ltr'><strong>Ρ.</strong></span> <span class='ocrx_word' id='word_1_205' title='bbox 1059 1461 1175 1506; x_wconf 82' lang='grc'><strong>154.,</strong></span> <span class='ocrx_word' id='word_1_206' title='bbox 1199 1466 1342 1507; x_wconf 86' lang='lat' dir='ltr'><strong>etquae</strong></span> <span class='ocrx_word' id='word_1_207' title='bbox 1355 1457 1517 1494; x_wconf 83' lang='lat' dir='ltr'><strong>Luciani</strong></span> 
     </span>
     <span class='ocr_line' id='line_1_23' title="bbox 72 1510 1517 1568; baseline -0.004 -12"><span class='ocrx_word' id='word_1_208' title='bbox 72 1517 283 1568; x_wconf 85' lang='lat' dir='ltr'><strong>Contempl.</strong></span> <span class='ocrx_word' id='word_1_209' title='bbox 303 1533 335 1557; x_wconf 86' lang='lat' dir='ltr'><strong>c.</strong></span> <span class='ocrx_word' id='word_1_210' title='bbox 357 1521 398 1559; x_wconf 89' lang='lat'><strong>3.</strong></span> <span class='ocrx_word' id='word_1_211' title='bbox 418 1520 623 1568; x_wconf 81' lang='lat' dir='ltr'><strong>adscripsit</strong></span> <span class='ocrx_word' id='word_1_212' title='bbox 641 1518 851 1557; x_wconf 88' lang='lat' dir='ltr'><strong>Clarissim.</strong></span> <span class='ocrx_word' id='word_1_213' title='bbox 876 1517 922 1554; x_wconf 93' lang='grc' dir='ltr'>Τ</span> <span class='ocrx_word' id='word_1_214' title='bbox 940 1515 1204 1554; x_wconf 85' lang='lat' dir='ltr'><strong>Hemsterhus.</strong></span> <span class='ocrx_word' id='word_1_215' title='bbox 1234 1510 1334 1561; x_wconf 76' lang='grc' dir='ltr'><em>Υἷας</em></span> <span class='ocrx_word' id='word_1_216' title='bbox 1345 1509 1517 1553; x_wconf 63' lang='lat' dir='ltr'><strong>:Amici-</strong></span> 
     </span>
     <span class='ocr_line' id='line_1_24' title="bbox 74 1573 1516 1626; baseline -0.005 -12"><span class='ocrx_word' id='word_1_217' title='bbox 74 1574 163 1623; x_wconf 79' lang='grc' dir='ltr'><strong><em>δας,</em></strong></span> <span class='ocrx_word' id='word_1_218' title='bbox 185 1576 406 1623; x_wconf 85' lang='lat' dir='ltr'><strong>utiNoster,</strong></span> <span class='ocrx_word' id='word_1_219' title='bbox 426 1575 605 1626; x_wconf 89' lang='lat' dir='ltr'><strong>Apollon.</strong></span> <span class='ocrx_word' id='word_1_220' title='bbox 628 1574 752 1613; x_wconf 88' lang='lat' dir='ltr'><strong>Rhod.</strong></span> <span class='ocrx_word' id='word_1_221' title='bbox 774 1575 802 1613; x_wconf 91' lang='grc' dir='ltr'><strong>Ι.</strong></span> <span class='ocrx_word' id='word_1_222' title='bbox 821 1576 927 1615; x_wconf 89' lang='grc'><strong>482.</strong></span> <span class='ocrx_word' id='word_1_223' title='bbox 920 1601 942 1621; x_wconf 75' lang='lat'><strong>.‚</strong></span> <span class='ocrx_word' id='word_1_224' title='bbox 970 1573 1071 1624; x_wconf 87' lang='lat' dir='ltr'><strong>quod</strong></span> <span class='ocrx_word' id='word_1_225' title='bbox 1091 1580 1219 1609; x_wconf 86' lang='lat' dir='ltr'><strong>tamen</strong></span> <span class='ocrx_word' id='word_1_226' title='bbox 1242 1573 1382 1622; x_wconf 79' lang='lat' dir='ltr'><strong>ligatae</strong></span> <span class='ocrx_word' id='word_1_227' title='bbox 1404 1582 1516 1618; x_wconf 83' lang='lat' dir='ltr'><strong>quam</strong></span> 
     </span>
     <span class='ocr_line' id='line_1_25' title="bbox 71 1629 1517 1680; baseline -0.003 -12"><span class='ocrx_word' id='word_1_228' title='bbox 71 1633 220 1669; x_wconf 82' lang='lat' dir='ltr'><strong>solutae</strong></span> <span class='ocrx_word' id='word_1_229' title='bbox 239 1633 406 1670; x_wconf 84' lang='lat' dir='ltr'><strong>orationi</strong></span> <span class='ocrx_word' id='word_1_230' title='bbox 425 1633 735 1670; x_wconf 88' lang='lat' dir='ltr'><strong>convenientius.</strong></span> <span class='ocrx_word' id='word_1_231' title='bbox 764 1631 872 1669; x_wconf 89' lang='lat' dir='ltr'><strong>Nihil</strong></span> <span class='ocrx_word' id='word_1_232' title='bbox 895 1633 1022 1679; x_wconf 85' lang='lat' dir='ltr'><strong>itaque</strong></span> <span class='ocrx_word' id='word_1_233' title='bbox 1041 1630 1259 1680; x_wconf 85' lang='lat' dir='ltr'><strong>indigemus</strong></span> <span class='ocrx_word' id='word_1_234' title='bbox 1280 1629 1517 1665; x_wconf 82' lang='lat' dir='ltr'><strong>correctione</strong></span> 
     </span>
     <span class='ocr_line' id='line_1_26' title="bbox 72 1684 1518 1738; baseline -0.004 -13"><span class='ocrx_word' id='word_1_235' title='bbox 72 1686 257 1726; x_wconf 87' lang='lat' dir='ltr'><strong>Rhodom.</strong></span> <span class='ocrx_word' id='word_1_236' title='bbox 250 1716 272 1736; x_wconf 85' lang='lat'><strong>.‚</strong></span> <span class='ocrx_word' id='word_1_237' title='bbox 302 1701 376 1737; x_wconf 84' lang='lat' dir='ltr'><strong>qua</strong></span> <span class='ocrx_word' id='word_1_238' title='bbox 396 1686 616 1734; x_wconf 76' lang='grc' dir='ltr'><strong><em>Ἀλωειὸας</em></strong></span> <span class='ocrx_word' id='word_1_239' title='bbox 638 1687 808 1725; x_wconf 89' lang='lat' dir='ltr'><strong>hocloco</strong></span> <span class='ocrx_word' id='word_1_240' title='bbox 828 1687 968 1738; x_wconf 85' lang='lat' dir='ltr'><strong>refingi</strong></span> <span class='ocrx_word' id='word_1_241' title='bbox 989 1689 1029 1723; x_wconf 91' lang='lat' dir='ltr'><strong>in</strong></span> <span class='ocrx_word' id='word_1_242' title='bbox 1044 1686 1217 1722; x_wconf 87' lang='lat' dir='ltr'><strong>Addend.</strong></span> <span class='ocrx_word' id='word_1_243' title='bbox 1232 1686 1356 1721; x_wconf 86' lang='lat' dir='ltr'><strong>iussit.</strong></span> <span class='ocrx_word' id='word_1_244' title='bbox 1377 1684 1518 1721; x_wconf 70' lang='lat' dir='ltr'><strong>⁷WESS.</strong></span> 
     </span>
    </p>

    <p class='ocr_par' dir='ltr' id='par_1_7' title="bbox 70 1737 1520 2075">
     <span class='ocr_line' id='line_1_27' title="bbox 185 1737 1517 1797; baseline -0.007 -13"><span class='ocrx_word' id='word_1_245' title='bbox 185 1746 291 1786; x_wconf 88' lang='grc'><strong>328.</strong></span> <span class='ocrx_word' id='word_1_246' title='bbox 317 1747 389 1786; x_wconf 90' lang='grc'><strong>78.</strong></span> <span class='ocrx_word' id='word_1_247' title='bbox 426 1738 551 1784; x_wconf 63' lang='lat' dir='ltr'><strong>Mad</strong></span> <span class='ocrx_word' id='word_1_248' title='bbox 568 1759 611 1797; x_wconf 75' lang='grc' dir='ltr'><strong>γε</strong></span> <span class='ocrx_word' id='word_1_249' title='bbox 632 1741 780 1783; x_wconf 81' lang='grc' dir='ltr'><strong><em>κλυτὸν</em></strong></span> <span class='ocrx_word' id='word_1_250' title='bbox 801 1741 949 1796; x_wconf 72' lang='grc' dir='ltr'>Ωριωι</span> <span class='ocrx_word' id='word_1_251' title='bbox 953 1746 993 1789; x_wconf 87' lang='grc' dir='ltr'><strong>α]</strong></span> <span class='ocrx_word' id='word_1_252' title='bbox 1029 1742 1170 1779; x_wconf 81' lang='lat' dir='ltr'><strong>Poetae</strong></span> <span class='ocrx_word' id='word_1_253' title='bbox 1190 1739 1241 1792; x_wconf 59' lang='grc' dir='ltr'><strong>οἱ)</strong></span> <span class='ocrx_word' id='word_1_254' title='bbox 1234 1742 1319 1779; x_wconf 69' lang='lat' dir='ltr'><strong>az)</strong></span> <span class='ocrx_word' id='word_1_255' title='bbox 1323 1737 1401 1779; x_wconf 77' lang='grc' dir='ltr'><strong>υτὰ</strong></span> <span class='ocrx_word' id='word_1_256' title='bbox 1421 1752 1517 1788; x_wconf 86' lang='lat' dir='ltr'><strong>quae</strong></span> 
     </span>
     <span class='ocr_line' id='line_1_28' title="bbox 71 1796 1519 1853; baseline -0.003 -16"><span class='ocrx_word' id='word_1_257' title='bbox 71 1801 238 1839; x_wconf 87' lang='lat' dir='ltr'><strong>celebria</strong></span> <span class='ocrx_word' id='word_1_258' title='bbox 263 1808 376 1848; x_wconf 83' lang='lat' dir='ltr'><strong>sunt,</strong></span> <span class='ocrx_word' id='word_1_259' title='bbox 413 1798 582 1848; x_wconf 68' lang='grc' dir='ltr'><strong>ἔνδοξα..</strong></span> <span class='ocrx_word' id='word_1_260' title='bbox 615 1798 719 1853; x_wconf 48' lang='grc' dir='ltr'><strong>ἄγαν</strong></span> <span class='ocrx_word' id='word_1_261' title='bbox 749 1796 1003 1850; x_wconf 70' lang='grc' dir='ltr'>διαβεβοηιιέ</span> <span class='ocrx_word' id='word_1_262' title='bbox 983 1814 1075 1846; x_wconf 69' lang='grc' dir='ltr'>ςια,</span> <span class='ocrx_word' id='word_1_263' title='bbox 1112 1806 1156 1835; x_wconf 92' lang='lat' dir='ltr'><strong>ut</strong></span> <span class='ocrx_word' id='word_1_264' title='bbox 1188 1796 1357 1847; x_wconf 89' lang='lat' dir='ltr'><strong>Hesych.</strong></span> <span class='ocrx_word' id='word_1_265' title='bbox 1396 1799 1519 1834; x_wconf 88' lang='lat' dir='ltr'><strong>inter-</strong></span> 
     </span>
     <span class='ocr_line' id='line_1_29' title="bbox 71 1854 1518 1910; baseline 0 -17"><span class='ocrx_word' id='word_1_266' title='bbox 71 1865 255 1906; x_wconf 89' lang='lat' dir='ltr'><strong>pretatur.</strong></span> <span class='ocrx_word' id='word_1_267' title='bbox 293 1857 517 1894; x_wconf 86' lang='lat' dir='ltr'><strong>Idomeneus</strong></span> <span class='ocrx_word' id='word_1_268' title='bbox 545 1857 634 1894; x_wconf 89' lang='lat' dir='ltr'><strong>inde</strong></span> <span class='ocrx_word' id='word_1_269' title='bbox 666 1854 895 1910; x_wconf 59' lang='grc' dir='ltr'>ἀμικὴτος</span> <span class='ocrx_word' id='word_1_270' title='bbox 923 1856 1031 1893; x_wconf 85' lang='lat' dir='ltr'><strong>Iliad.</strong></span> <span class='ocrx_word' id='word_1_271' title='bbox 1064 1857 1115 1902; x_wconf 86' lang='lat' dir='ltr'><strong>Z,</strong></span> <span class='ocrx_word' id='word_1_272' title='bbox 1142 1855 1273 1901; x_wconf 46' lang='grc'><strong>4364</strong></span> <span class='ocrx_word' id='word_1_273' title='bbox 1303 1854 1518 1903; x_wconf 76' lang='lat' dir='ltr'><strong>poteritque</strong></span> 
     </span>
     <span class='ocr_line' id='line_1_30' title="bbox 70 1911 1519 1966; baseline -0.005 -15"><span class='ocrx_word' id='word_1_274' title='bbox 70 1914 166 1951; x_wconf 83' lang='lat' dir='ltr'><strong>adeo</strong></span> <span class='ocrx_word' id='word_1_275' title='bbox 197 1911 427 1965; x_wconf 52' lang='lat' dir='ltr'><strong>dyaukvtov</strong></span> <span class='ocrx_word' id='word_1_276' title='bbox 459 1911 639 1966; x_wconf 72' lang='grc' dir='ltr'><em>Ὠρίωνα</em></span> <span class='ocrx_word' id='word_1_277' title='bbox 671 1916 790 1963; x_wconf 88' lang='lat' dir='ltr'><strong>ipsius</strong></span> <span class='ocrx_word' id='word_1_278' title='bbox 822 1920 977 1962; x_wconf 78' lang='lat' dir='ltr'><strong>poetae,</strong></span> <span class='ocrx_word' id='word_1_279' title='bbox 1025 1914 1092 1960; x_wconf 88' lang='lat' dir='ltr'><strong>qui</strong></span> <span class='ocrx_word' id='word_1_280' title='bbox 1122 1912 1252 1958; x_wconf 79' lang='lat' dir='ltr'><strong>voIet,</strong></span> <span class='ocrx_word' id='word_1_281' title='bbox 1291 1911 1519 1947; x_wconf 85' lang='lat' dir='ltr'><strong>auctoritate</strong></span> 
     </span>
     <span class='ocr_line' id='line_1_31' title="bbox 72 1966 1520 2022; baseline -0.004 -15"><span class='ocrx_word' id='word_1_282' title='bbox 72 1972 182 2007; x_wconf 83' lang='lat' dir='ltr'><strong>tueri.</strong></span> <span class='ocrx_word' id='word_1_283' title='bbox 210 1970 295 2022; x_wconf 87' lang='lat' dir='ltr'><strong>Ego</strong></span> <span class='ocrx_word' id='word_1_284' title='bbox 314 1971 481 2021; x_wconf 85' lang='lat' dir='ltr'><strong>vestigia</strong></span> <span class='ocrx_word' id='word_1_285' title='bbox 498 1971 698 2007; x_wconf 90' lang='lat' dir='ltr'><strong>meliorum</strong></span> <span class='ocrx_word' id='word_1_286' title='bbox 720 1969 852 2016; x_wconf 85' lang='lat' dir='ltr'><strong>Codd.,</strong></span> <span class='ocrx_word' id='word_1_287' title='bbox 885 1969 1022 2017; x_wconf 87' lang='lat' dir='ltr'><strong>quibus</strong></span> <span class='ocrx_word' id='word_1_288' title='bbox 1033 1968 1195 2005; x_wconf 88' lang='lat' dir='ltr'><strong>Homeri</strong></span> <span class='ocrx_word' id='word_1_289' title='bbox 1218 1966 1406 2004; x_wconf 88' lang='lat' dir='ltr'><strong>editiones</strong></span> <span class='ocrx_word' id='word_1_290' title='bbox 1427 1978 1520 2002; x_wconf 89' lang='lat' dir='ltr'><strong>con-</strong></span> 
     </span>
     <span class='ocr_line' id='line_1_32' title="bbox 76 2026 932 2078; baseline 0 -16"><span class='ocrx_word' id='word_1_291' title='bbox 76 2033 279 2064; x_wconf 84' lang='lat' dir='ltr'><strong>sentaneae</strong></span> <span class='ocrx_word' id='word_1_292' title='bbox 298 2033 407 2074; x_wconf 78' lang='lat' dir='ltr'><strong>sunt,</strong></span> <span class='ocrx_word' id='word_1_293' title='bbox 443 2039 612 2074; x_wconf 87' lang='lat' dir='ltr'><strong>premere</strong></span> <span class='ocrx_word' id='word_1_294' title='bbox 632 2039 761 2078; x_wconf 83' lang='lat' dir='ltr'><strong>pergo.</strong></span> <span class='ocrx_word' id='word_1_295' title='bbox 797 2026 932 2063; x_wconf 65' lang='lat' dir='ltr'><strong>wiss.</strong></span> 
     </span>
    </p>

    <p class='ocr_par' dir='ltr' id='par_1_8' title="bbox 73 2079 1519 2195">
     <span class='ocr_line' id='line_1_33' title="bbox 186 2079 1519 2137; baseline -0.007 -13"><span class='ocrx_word' id='word_1_296' title='bbox 186 2084 291 2124; x_wconf 90' lang='grc'><strong>328.</strong></span> <span class='ocrx_word' id='word_1_297' title='bbox 320 2085 391 2123; x_wconf 88' lang='grc'><strong>80.</strong></span> <span class='ocrx_word' id='word_1_298' title='bbox 419 2080 567 2122; x_wconf 77' lang='grc' dir='ltr'><em>Αὐτοῦ</em></span> <span class='ocrx_word' id='word_1_299' title='bbox 588 2079 921 2137; x_wconf 55' lang='lat' dir='ltr'><strong>napaypciwopcaev</strong></span> <span class='ocrx_word' id='word_1_300' title='bbox 941 2077 1062 2135; x_wconf 74' lang='grc' dir='ltr'><strong>τηιὸε</strong></span> <span class='ocrx_word' id='word_1_301' title='bbox 1083 2096 1158 2132; x_wconf 74' lang='grc' dir='ltr'><strong>την</strong></span> <span class='ocrx_word' id='word_1_302' title='bbox 1177 2079 1343 2131; x_wconf 77' lang='grc' dir='ltr'><strong><em>βίβλον]</em></strong></span> <span class='ocrx_word' id='word_1_303' title='bbox 1375 2079 1519 2116; x_wconf 86' lang='lat' dir='ltr'><strong>Iustius</strong></span> 
     </span>
     <span class='ocr_line' id='line_1_34' title="bbox 73 2135 1243 2195; baseline -0.001 -19"><span class='ocrx_word' id='word_1_304' title='bbox 73 2150 157 2176; x_wconf 78' lang='lat' dir='ltr'><strong>esse</strong></span> <span class='ocrx_word' id='word_1_305' title='bbox 176 2135 482 2195; x_wconf 70' lang='grc' dir='ltr'>περιγράψομεν</span> <span class='ocrx_word' id='word_1_306' title='bbox 502 2146 697 2177; x_wconf 87' lang='lat' dir='ltr'><strong>ostensum</strong></span> <span class='ocrx_word' id='word_1_307' title='bbox 717 2152 819 2189; x_wconf 90' lang='lat' dir='ltr'><strong>supr.</strong></span> <span class='ocrx_word' id='word_1_308' title='bbox 843 2139 870 2176; x_wconf 95' lang='lat' dir='ltr'><strong>I.</strong></span> <span class='ocrx_word' id='word_1_309' title='bbox 890 2140 964 2180; x_wconf 84' lang='lat'><strong>42.</strong></span> <span class='ocrx_word' id='word_1_310' title='bbox 994 2139 1080 2177; x_wconf 86' lang='lat' dir='ltr'><strong>fuit.</strong></span> <span class='ocrx_word' id='word_1_311' title='bbox 1107 2137 1243 2176; x_wconf 53' lang='lat' dir='ltr'><strong>IVESS.</strong></span> 
     </span>
    </p>
   </div>
   <div class='ocr_carea' id='block_1_3' title="bbox 138 2913 1247 2957">
    <p class='ocr_par' dir='ltr' id='par_1_9' title="bbox 138 2913 1247 2957">
     <span class='ocr_line' id='line_1_35' title="bbox 138 2913 1247 2957; baseline 0.004 -4"><span class='ocrx_word' id='word_1_312' title='bbox 138 2913 238 2956; x_wconf 79' lang='lat' dir='ltr'><strong>Vol..</strong></span> <span class='ocrx_word' id='word_1_313' title='bbox 266 2914 296 2954; x_wconf 87' lang='lat'><strong>1.</strong></span> <span class='ocrx_word' id='word_1_314' title='bbox 1185 2918 1247 2957; x_wconf 87' lang='lat'><strong>26</strong></span> 
     </span>
    </p>
   </div>
  </div>
 </body>
</html>
