1828 3253
416 153 477 192 ΙΝ
512 152 622 191 LlB.
650 154 736 191 ΙΙΙ.
774 152 901 192 ΟΑΡ.
930 156 1099 196 21.22.
1407 156 1502 197 249

168 268 271 309 190.
304 268 376 309 17.
414 265 568 313 Κακῶς
589 262 923 305 ἀπαλλάττουσιν
941 261 1021 306 ὑπὸ
1045 267 1121 318 τῆς
1139 263 1325 320 ἐνδείας]
1357 266 1506 307 Diodo-

54 336 123 363 rus
154 338 222 374 pro
243 336 311 362 suo
339 324 411 362 hoc
430 329 626 375 agnoscet.
671 321 739 360 Sic
759 321 884 359 XVII.
906 323 982 362 90.
1016 320 1055 362 οἶ
1084 320 1331 371 ΖΙἸακεδόνες
1363 325 1506 373 δεινῶς

52 377 133 420 ὑπὸ
156 383 238 420 τῶν
259 375 478 432 δηγμάτων
498 375 842 424 ἀπαλλάττοντες.
872 387 909 416 et
927 377 1025 417 XX.
1041 380 1117 420 23.
1153 383 1288 427 κακῶς
1308 379 1342 419 δ’
1367 380 1504 420 ἀπαλ-

54 433 216 476 λάττων
243 432 324 476 ὑπὸ
346 439 420 476 τοῦ
443 431 694 487 τραύματος.
722 436 860 484 quibus
890 437 985 475 locis
1008 436 1270 484 incommoda,
1301 449 1395 485 quae
1417 452 1504 488 par-

56 495 128 531 tim
148 505 196 530 ex
215 506 344 532 morsu
364 499 605 541 serpentum,
633 495 772 542 partim
791 504 841 528 ex
869 493 1030 530 vulnere
1058 499 1149 529 nata
1170 494 1412 542 premebant,
1442 496 1505 532 in-

58 550 174 589 dicat.
203 548 308 586 Inest
327 551 429 586 enim
449 549 569 586 verbo
589 560 700 596 saepe
721 561 765 585 ea
784 549 868 595 vis,
894 561 990 597 quae
1010 548 1151 599 agendi
1172 548 1410 600 (legendique
1432 564 1504 588 no-

55 607 200 644 tionem
226 606 500 654 conplectitur:
529 616 604 654 quo
632 618 704 643 usu
733 603 846 643 X111.
870 605 945 645 64.
980 602 1018 644 οἳ
1049 602 1083 643 δ’
1118 603 1161 643 ἐκ
1190 608 1265 658 τῆς
1299 606 1505 654 σιτοδείας

55 663 192 707 κακῶς
219 657 503 713 ἀπήλλαττον,
532 662 601 712 qui
622 662 664 698 in
693 673 869 698 annonae
891 664 1052 710 penuria
1078 662 1266 712 agebant,
1295 669 1332 699 et
1357 665 1398 700 in
1418 663 1505 700 Ex-

55 717 317 768 cerpt.Vales.
340 731 376 767 p.
398 718 504 757 297.
539 715 578 756 οἳ
609 719 858 770 στρατιῶται
882 719 1018 763 κακῶς
1049 713 1314 769 ἀπήλλαττον
1344 717 1385 758 ἒν
1412 724 1505 766 ταῖς

56 771 260 822 ἀπορίαις,
287 775 424 824 quibus
453 775 578 811 simile
599 773 763 812 Luciani
786 773 832 810 de
863 772 1031 811 Merced.
1049 772 1170 813 Cond.
1202 788 1234 812 c.
1258 775 1335 815 23.
1363 775 1431 814 καὶ
1452 773 1502 814 δι’

56 827 158 870 αὐτὸ
182 828 225 869 ἓν
245 832 296 884 τῇ
318 829 484 885 δουλείᾳ
501 826 692 884 πονήρως
714 825 1001 869 ἀπαλλάττειν.
1045 843 1168 879 neque
1197 834 1299 868 enim
1319 832 1506 869 acceden-

56 886 145 923 dum
174 892 266 937 puto
294 885 344 923 H.
365 885 586 937 Stephan0‚
615 890 657 927 in
681 888 759 928 alia
790 885 979 927 Thesauri
1013 885 1061 924 T.
1085 887 1116 928 1.
1137 900 1173 938 p.
1199 889 1305 929 349.
1334 889 1504 927 abeunti.

54 942 190 983 Wnss.

172 999 277 1039 190.
307 1000 378 1039 18.
415 995 529 1038 Καθ’
555 996 602 1038 ὃν
622 996 672 1050 δὴ
691 994 846 1051 χρόνον
867 995 1009 1051 ἀναγκ,
1039 996 1407 1053 κατεργάσασθαι]
1438 1001 1506 1040 Sic

58 1058 245 1104 oportuit:
284 1054 330 1092 de
359 1056 478 1092 verbo
507 1051 846 1108 κατεργάσασθαι
876 1063 913 1092 et
944 1056 1191 1105 comedendi,
1230 1071 1297 1096 seu
1325 1058 1506 1097 dentibus

58 1111 324 1158 conmolendi‚
353 1124 426 1148 usu
456 1124 558 1161 supr.
588 1126 620 1150 c.
647 1114 717 1152 16.
745 1112 885 1150 Wssss.

174 1179 277 1219 190.
301 1179 376 1218 21.
424 1175 490 1217 Tc>
520 1176 614 1231 γένη
645 1177 810 1218 τοσαῦτ’
848 1179 922 1219 εἶσι
956 1179 1023 1218 καὶ
1051 1180 1334 1234 -χριῦνται]
1366 1182 1508 1221 lterum

61 1233 408 1272 Grammaticorum
438 1235 591 1272 decreta
624 1238 793 1285 spernit,
832 1242 875 1273 ut
895 1239 1060 1287 optimus
1082 1240 1242 1287 quisque
1269 1240 1378 1276 solet.
1419 1239 1451 1275 V
1456 1240 1507 1277 id.

59 1303 174 1340 supra
194 1290 223 1327 Ι.
245 1291 318 1330 93.
341 1298 379 1328 et
400 1290 448 1329 ΙΙ.
473 1292 546 1332 36.
574 1292 640 1330 ubi
674 1287 984 1345 συμβάλλονται
1014 1292 1059 1332 δὲ
1090 1315 1138 1322 --
1170 1293 1238 1333 καὶ
1269 1291 1321 1333 τὰ
1350 1291 1507 1347 νόμιμα

56 1354 130 1387 etc.
169 1347 304 1386 WEss.

177 1415 283 1455 190.
320 1415 393 1455 30.
439 1416 503 1468 Τῇ
537 1413 613 1466 μὲν
643 1418 775 1470 πλοκῇ
808 1412 1061 1469 ταρσώδεις]
1098 1417 1208 1456 Nihil
1231 1417 1323 1456 hinc
1344 1419 1509 1458 demuto.

58 1469 348 1520 Theophrastus
369 1469 431 1508 Vl.
447 1471 497 1509 H.
516 1472 560 1512 P.
592 1474 631 1512 7.
651 1475 801 1523 plantas
819 1473 1078 1524 πολυσχιῦεἴς
1099 1473 1167 1513 καὶ
1186 1471 1413 1527 ταρριώῦεις
1437 1490 1508 1514 vo-

61 1534 143 1575 cat,
182 1541 342 1578 quarum
368 1528 518 1565 radices
546 1528 658 1567 fissae
690 1537 728 1566 et
751 1533 913 1568 cratium
944 1533 984 1568 in
1010 1543 1154 1569 morem
1177 1533 1383 1580 inplicatae
1407 1539 1508 1569 sunt.

62 1583 179 1621 Haud
198 1597 291 1622 vero
312 1586 415 1632 scio,
455 1598 506 1622 an
525 1598 614 1622 mox
636 1587 870 1635 praestiterit
889 1599 936 1623 ex
956 1585 1051 1638 Reg.
1072 1594 1109 1623 et
1128 1588 1216 1627 Vat.
1250 1593 1442 1642 orpocpaeTg
1471 1586 1507 1627 δ’

65 1637 255 1690 ἔχουσαι,
287 1646 330 1677 ut
364 1639 584 1680 cardinibus
612 1644 824 1682 instructas
853 1642 922 1680 has
947 1644 1052 1680 fores
1082 1644 1207 1691 (licat,
1233 1652 1346 1695 atque
1368 1648 1408 1682 in
1431 1647 1510 1682 illis

63 1698 213 1734 versari
234 1697 389 1744 solitas,
419 1708 493 1745 quo
513 1698 626 1734 modo
647 1696 685 1737 οἳ
707 1703 900 1752 στροᾳτεῖς
921 1702 1005 1738 τῶν
1024 1701 1170 1750 θυρῶν
1190 1703 1232 1737 in
1253 1700 1399 1738 Heron.
1421 1700 1510 1750 Spi-

62 1753 165 1793 rital.
182 1764 218 1804 p.
245 1754 370 1800 191.;
413 1766 483 1804 ego
503 1754 653 1803 quidem
674 1761 776 1792 certe
796 1751 972 1806 κινήσεις
992 1752 1186 1804 εὐλύτους
1211 1770 1290 1794 non
1312 1758 1509 1795 abiecero:

63 1820 158 1859 quae
192 1809 386 1847 commode
409 1809 562 1847 facilem
583 1817 727 1848 motum
750 1811 791 1848 in
819 1818 1019 1860 utramque
1040 1820 1185 1860 partem
1209 1814 1436 1864 designant,
1467 1821 1513 1851 ut

62 1861 241 1912 εὐλύτως
271 1865 414 1905 δοῦναι
458 1867 579 1905 libere
610 1868 760 1906 donare
801 1870 841 1904 in
869 1869 1086 1923 fragmento
1109 1867 1257 1907 Teletis
1288 1870 1388 1920 apud
1419 1869 1511 1908 Sto-

63 1921 199 1961 baeum
219 1920 342 1961 Serm.
362 1920 484 1962 XCV.
505 1936 541 1975 p.
565 1924 670 1964 523.
698 1923 833 1963 WESS.

178 1990 282 2030 190.
303 1990 377 2030 39.
417 1989 587 2043 Σωροὺς
609 1987 769 2041 ἰχθύων
790 1987 1042 2044 ἐπαιρόντων
1064 1987 1168 2048 ὅρᾷν
1188 1991 1302 2042 ἔστι]
1330 1992 1512 2033 Reforma

60 2046 104 2082 in
132 2041 433 2098 ἀσπαιρόντων,
472 2047 573 2095 quod
604 2048 772 2097 piscibus
802 2050 844 2084 in
867 2051 1061 2099 sartagine
1082 2051 1356 2099 palpitantibus
1376 2051 1514 2088 tribuit

62 2100 280 2140 Athenaeus
302 2101 386 2141 Lib.
410 2102 479 2142 111.
511 2100 550 2143 οἱ
584 2099 742 2154 τάριχοι
773 2102 836 2142 ἐπὶ
866 2107 924 2157 τῷ
951 2105 1048 2157 πυρὶ
1081 2105 1252 2156 κείμενοι
1285 2103 1509 2147 ἐπάλλοντο

64 2157 132 2199 καὶ
162 2155 379 2212 ἤσπαιρον.
419 2157 556 2199 RHOD.
617 2157 787 2213 Σωροὺς
819 2158 981 2210 ἰχθύων
1010 2159 1326 2214 ἀσπαιρόντων]
1379 2162 1512 2201 Laudo

64 2212 274 2266 Rhodum„
316 2217 425 2252 cuius
453 2217 712 2253 coniecturam
741 2216 917 2254 adfirmat
948 2216 1039 2255 Cod.
1071 2218 1232 2266 Mutin.;
1280 2220 1381 2257 idem
1409 2222 1513 2258 enim

65 2271 140 2306 erit
161 2272 243 2308 sive
273 2266 355 2311 eius
377 2268 634 2325 σπαιρόντων
657 2286 722 2310 seu
747 2269 1037 2327 ἀσπαιρόντων
1066 2278 1276 2326 receperis:
1311 2283 1512 2324 utrumque

69 2325 115 2362 de
139 2327 308 2374 piscibus
328 2330 538 2377 ceterisque
561 2330 761 2375 omnibus,
800 2340 895 2378 quae
919 2331 988 2367 sub
1009 2335 1144 2369 mortis
1167 2334 1370 2371 articulum
1391 2335 1514 2382 palpi-

67 2388 152 2420 tant
183 2388 222 2421 et
251 2382 515 2424 vehementius
545 2386 774 2431 subsiliunt,
802 2393 905 2425 recte
930 2387 1033 2434 dici,
1063 2391 1174 2425 testis
1195 2388 1371 2427 Eustath.
1394 2396 1452 2425 est
1473 2391 1515 2425 in

66 2437 224 2475 Homer.
243 2451 278 2488 p.
303 2440 409 2479 974.
445 2441 628 2478 Aelianus
657 2441 702 2477 de
734 2442 901 2489 piscibus
928 2443 1077 2491 paludis
1098 2444 1293 2482 Paeonum
1317 2444 1443 2481 XVII.
1463 2444 1512 2482 H.

67 2494 113 2531 Α.
138 2493 210 2535 30.
249 2489 477 2549 οὖσπεροῦν
506 2496 539 2536 εἰ
572 2493 808 2550 παραβάλοι
837 2512 898 2544 τις
927 2496 1212 2552 ἀσπαίροντας
1238 2505 1325 2547 τοῖς
1351 2500 1513 2553 βουσὶν,

68 2549 152 2591 οἵδε
173 2548 452 2603 ἐμφοροῦνται
481 2549 619 2593 αὐτῶν
637 2549 752 2603 μάλα
774 2550 973 2604 ἀσμένως.
999 2555 1139 2593 WEss.

184 2618 290 2658 190.
318 2618 394 2658 41.
432 2616 553 2671 Πρὸς
581 2616 771 2670 τούτοις]
802 2618 925 2674 Πρὸς
950 2624 1085 2662 ταῦτα
1117 2623 1170 2662 Μ.
1199 2621 1266 2662 Co.
1298 2624 1384 2661 sine
1414 2625 1517 2662 iusta

69 2687 216 2712 caussa.
243 2673 331 2712 Vid.
350 2687 452 2724 supr.
476 2674 523 2712 11.
545 2677 620 2716 29.
649 2676 785 2715 w1·2ss.

186 2742 291 2782 191.
311 2742 388 2782 46.
407 2736 649 2791 Ῥαβὸωτὰς
669 2742 713 2782 δὲ
734 2739 874 2796 θύρας
896 2765 943 2774 --
967 2741 1279 2798 ἐπιστήσαντες]
1312 2746 1430 2784 Recte
1449 2760 1518 2784 ex-

73 2798 210 2848 plicuit
230 2796 361 2835 Schol.
381 2797 601 2837 Vaticanus.
644 2799 799 2850 Alioqui
829 2796 1028 2853 ῥαβόωτὰ
1057 2816 1099 2840 ca
1127 2810 1241 2850 sunt,
1280 2816 1376 2853 quae
1397 2806 1520 2856 virgis
