1828 3253
299 168 356 210 12
763 165 1271 213 ANNOTATIONES

295 277 634 333 ὀνομαστότατος
660 277 873 336 ἐπιγίνεται
902 277 1134 337 φιλόσοφος
1158 277 1404 335 'Itium-¹7:09·
1472 280 1589 331 Mihi,
1622 282 1723 332 quod

293 351 387 388 pace
405 340 486 374 eius
511 338 696 386 dixerim,
730 340 896 389 perlevis
925 339 1015 377 haec
1033 342 1134 376 ratio
1153 339 1307 377 videtur
1327 345 1364 376 et
1383 339 1524 388 fallax,
1555 351 1667 388 quam
1685 347 1724 377 et

291 390 458 445 νόμιμοι
479 395 562 461 τῶζν
583 393 848 461 συγγραφέων
869 395 897 432 Ι.
908 397 982 435 29.
1004 402 1041 432 et
1058 411 1080 464 7
1083 390 1334 446 ομιμώτατοι
1351 396 1435 433 τῶν
1457 409 1555 447 (5277
1558 393 1723 448 οαφέων

290 449 337 486 V.
357 452 399 488 2.
436 455 475 486 et
503 447 543 489 οἷ
570 465 848 501 νοιιιιιωτατοι
875 454 959 490 τίῖν
987 448 1123 503 ἶεοέων
1150 450 1349 488 Plutarchi
1368 450 1414 487 T.
1435 450 1481 487 II.
1501 465 1536 500 Ρ.
1559 452 1662 491 38].
1681 449 1723 488 C.

291 506 524 557 infringunt.
581 505 689 544 Eieci
708 509 835 556 itaque
852 509 1064 558 glossema,
1094 507 1194 558 quod
1213 520 1283 544 nec
1302 507 1490 544 Eusebius
1517 520 1586 544 nec
1604 506 1722 545 codd.

290 563 420 612 plures
439 563 660 611 probarunt.
686 563 820 600 wass

407 631 478 670 10.
502 630 572 669 53
603 627 655 668 Οἳ
685 628 769 669 δὲ
758 626 950 683 γεινητόν
979 629 1045 670 καὶ
1066 625 1280 685 φθαρτὸν]
1310 629 1448 668 Euseb.
1467 625 1636 684 γενητὸν
1655 628 1724 669 καὶ

290 680 528 740 &pamma
557 684 628 722 hoc
647 699 865 736 perperam,
894 699 972 723 non
990 689 1164 726 alterum.
1223 686 1323 724 Nam
1343 687 1388 723 de
1414 687 1549 724 mundi
1574 688 1724 737 origine

292 754 379 779 cum
397 742 612 791 disputant,
645 745 678 779 si
697 745 927 794 principium
945 745 1004 780 illi
1022 743 1114 779 dent
1134 749 1173 780 et
1191 750 1360 780 creatum
1378 743 1626 792 pertendant,
1656 756 1724 794 γε-

289 795 437 849 νητὸν,
465 800 497 835 si
525 799 702 835 auferant
730 805 769 836 et
795 805 959 850 negent,
998 796 1049 850 ἀγ
1052 797 1192 851 ἐιητον
1217 799 1341 836 dicere
1370 799 1555 836 adsolent.
1610 797 1723 834 Philo

288 852 373 891 Iud.
393 854 438 890 de
468 853 612 891 Mundo
642 867 720 891 non
749 868 934 905 corrump.
954 868 989 904 p.
1001 856 1106 895 939.
1130 854 1178 892 D
1205 854 1384 923 τριτταὶ
1384 853 1428 893 δὲ
1448 854 1537 908 περὶ
1556 856 1631 893 τοῦ
1651 853 1726 905 ζη-

288 908 489 977 τουμέιου
519 905 706 962 71÷762am
735 907 874 958 δόξαι,
900 913 983 950 τῶν
1001 909 1076 962 μὲν
1096 908 1226 950 ἀΐδιον
1245 908 1318 950 τὸν
1338 906 1495 962 κόσμον
1514 908 1724 978 φιαμένωι,

288 980 341 1018 (ιγ
343 961 484 1035 εἰητον
514 981 556 1005 τε
586 965 653 1004 καὶ
682 963 790 1007 emb)
795 969 921 1019 &9902
930 995 944 1016 ,
976 969 1058 1006 τῶν
1080 965 1160 1005 δὲ
1143 967 1184 1013 εξ
1203 964 1297 1005 ἕνα]
1301 966 1389 1012 τιάς
1407 962 1574 1018 γἐτητόν
1594 981 1636 1005 τε
1657 965 1726 1004 καὶ

288 1018 498 1075 φθαρτόν.
528 1029 640 1069 atque
660 1025 715 1059 ita
735 1022 888 1059 Ocellus
909 1035 940 1060 c.
966 1025 1004 1063 1.
1031 1022 1257 1060 Aristoteles
1277 1022 1431 1072 Analyt.
1450 1022 1572 1060 Prior.
1588 1022 1634 1059 ΙΙ.
1646 1023 1721 1061 22.

288 1091 324 1127 Ρ.
350 1079 450 1118 190.
480 1077 675 1115 Plutarch.
697 1077 743 1115 T.
763 1078 811 1115 ΙΙ.
830 1092 866 1129 p.
891 1081 994 1119 886.
1015 1077 1063 1115 D.
1092 1092 1139 1114 ne
1158 1080 1285 1127 plures
1305 1079 1498 1115 advocem.
1554 1078 1635 1114 Nec
1655 1091 1725 1114 au·

289 1147 354 1170 sus
373 1140 501 1171 tamen
522 1147 605 1171 sum
623 1131 813 1186 γενητὸν,
850 1141 888 1172 et
906 1136 1033 1184 paullo
1053 1141 1140 1171 ante
1161 1132 1378 1186 ἀγένητον,
1407 1134 1505 1182 quod
1526 1135 1625 1184 apud
1645 1133 1724 1171 Eu-

288 1190 456 1238 sebium,
491 1193 682 1242 recipere,
722 1191 822 1238 quod
849 1192 922 1229 sibi
948 1193 990 1228 in
1017 1190 1151 1228 horum
1178 1203 1250 1227 usu
1270 1203 1348 1227 non
1367 1196 1557 1227 constent.
1610 1189 1723 1226 Philo

288 1248 390 1283 enim
426 1260 461 1299 p.
499 1247 606 1286 946.
647 1246 682 1285 εἴ
710 1244 753 1285 δ’
802 1244 935 1286 ἀΐδιον
973 1243 1216 1313 ἶίνθρωπος,
1257 1243 1473 1311 ἀγέννητος
1503 1242 1634 1312 ὁηπου
1655 1244 1724 1284 καὶ

289 1297 310 1341 ὅ
344 1298 510 1354 κόσμος.
547 1302 702 1339 Ocellus
731 1315 763 1339 c.
796 1305 833 1343 1.
871 1316 906 1352 Ρ.
932 1303 1035 1343 514.
1072 1298 1176 1341 διότι
1197 1297 1455 1354 ἀγέινητοςό
1480 1296 1635 1352 κόσμος
1655 1299 1724 1340 καὶ

288 1354 525 1412 ἄφθαρτος.
557 1357 721 1410 Diogen.
750 1358 834 1397 VH.
865 1360 968 1400 1,.41
1007 1364 1046 1396 et
1080 1359 1231 1395 Atticus
1262 1358 1361 1408 apud
1390 1358 1529 1394 Euseb.
1564 1357 1650 1395 XV.
1680 1356 1723 1394 P.

286 1413 360 1451 Ev.
386 1417 427 1456 6.
464 1414 510 1452 In
530 1415 666 1464 quibus
686 1417 759 1454 τοῦ
779 1417 971 1468 γεννητοῦ
992 1417 1120 1465 paullo
1140 1414 1292 1463 quidem
1313 1415 1464 1452 diversa
1485 1427 1506 1450 a
1528 1416 1723 1483 superiore

286 1473 394 1508 notio
413 1478 491 1518 est,
522 1484 651 1508 rerum
667 1478 793 1509 tamen
822 1475 1039 1523 genitarum
1058 1474 1213 1509 initium
1241 1471 1395 1508 indicat.
1452 1469 1545 1509 Mox
1571 1465 1725 1522 ὁμοίως

287 1524 422 1583 ἐκείνῳ
451 1527 586 1565 Franc.
625 1528 789 1579 Vigerus
813 1540 962 1578 quoque
981 1528 1029 1565 ad
1046 1527 1267 1565 Eusebium.
1294 1527 1428 1565 WVESS.

401 1605 474 1645 10.
496 1604 568 1645 54.
599 1598 778 1656 Ὁμοίως
807 1602 989 1653 ἐκείνοις]
1015 1602 1198 1641 Intricata
1223 1601 1286 1640 hic
1313 1605 1503 1640 sententia
1522 1608 1604 1649 est,
1629 1614 1723 1650 quae

286 1659 401 1698 facile
430 1661 705 1708 extricabitur,
740 1663 774 1698 si
799 1659 935 1699 ἐκείνω
962 1662 1089 1712 legaS,
1129 1661 1447 1710 quemadmodum
1475 1660 1563 1706 ille,
1590 1658 1629 1695 id
1651 1664 1724 1706 est,

286 1717 463 1755 mundus.
490 1715 624 1754 RHOD.
655 1715 715 1755 ἒκε
720 1716 817 1762 ίνοις
835 1724 980 1755 rectum
1001 1723 1070 1753 est.
1100 1722 1383 1767 consequent&
1411 1716 1491 1754 illis
1519 1716 1724 1753 sententiis

286 1775 351 1810 vel
370 1773 654 1824 hypothesibus.
683 1786 774 1810 nam
798 1767 961 1839 ὅμοι’(ως
978 1771 1039 1809 hic
1059 1771 1158 1810 idem
1181 1778 1239 1809 est
1258 1778 1371 1821 atque
1391 1769 1489 1810 ἀγοὶ
1494 1767 1654 1817 ουθως,
1685 1776 1723 1806 et

286 1826 388 1867 ἔκεῖπ
392 1844 418 1867 α
437 1829 537 1867 idem
556 1836 669 1877 atque
689 1827 817 1880 ἐκείνη
837 1844 861 1879 η
883 1823 1095 1875 υπόθεσις.
1153 1827 1303 1866 Passun
1323 1827 1384 1866 hic
1404 1834 1551 1874 auctor,
1578 1832 1623 1862 ut
1642 1828 1724 1873 alii,

285 1886 426 1934 pluiali
444 1898 615 1935 pronom.
637 1898 705 1936 pro
730 1887 829 1935 sing.
847 1887 985 1922 utitur
1001 1897 1040 1923 v.
1060 1898 1096 1935 Ρ.
1119 1885 1191 1926 31-
1209 1885 1284 1925 26.
1313 1880 1360 1924 τὸ
1380 1880 1543 1937 γεγοιὸς
1563 1882 1604 1922 ἐν
1625 1877 1726 1923 τοί·-

284 1955 371 1988 τοις
389 1956 464 1992 της
474 1938 663 1987 Ἰσιὸος
645 1939 1048 1994 ent'tev77ca.Rms1<.

402 2011 473 2050 10.
492 2010 564 2050 63.
598 2007 855 2062 Ἀνωφεροῦς
885 2005 1028 2059 οἴσης]
1071 2006 1235 2046 Sursum
1265 2009 1411 2059 zmpetu
1442 2009 1632 2076 quodum¹
1638 2013 1723 2044 ten-

288 2066 395 2104 dens
419 2064 647 2103 Plutarchus
667 2064 715 2102 T.
732 2065 778 2103 ΙΙ.
798 2079 834 2116 Ρ.
855 2066 960 2105 950.
978 2064 1027 2101 D.
1057 2063 1098 2103 ἒ).
1090 2062 1239 2117 .α(ρρὸν
1260 2065 1327 2102 καὶ
1346 2066 1527 2129 κοῦφον
1523 2063 1590 2102 καὶ
1611 2060 1722 2102 ἀνω-

287 2121 408 2175 φερὲς
438 2119 555 2161 οὐδέν
584 2121 667 2160 ἐστι
696 2124 779 2160 τῶν
807 2123 994 2174 ψυχρῶν.
1024 2127 1115 2170 etp.
1134 2121 1237 2160 952.
1259 2119 1307 2157 D.
1332 2118 1380 2160 οὐ
1399 2118 1477 2173 γὰρ
1499 2115 1554 2166 ὡς
1572 2121 1722 2186 βαρεῖα

285 2177 389 2229 πρὸς
408 2180 585 2231 κοῦφον,
613 2176 680 2216 καὶ
700 2175 962 2245 καταρρεπης
981 2174 1086 2229 πρὸς
1107 2175 1291 2229 ἀνωφερί-
1276 2191 1316 2222 ς
1345 2173 1560 2216 ἀντίκειται
1581 2171 1723 2241 μάγον.

285 2235 353 2272 ubi
377 2247 555 2283 perverse
583 2235 703 2285 vulgo
729 2231 957 2287 ἀνωφελὲς,
986 2233 1087 2282 quod
1114 2235 1229 2283 longe
1256 2232 1360 2270 aliud
1397 2238 1467 2270 est.
1533 2230 1609 2268 Res
1639 2233 1722 2280 ipsa.

287 2293 470 2327 convenit
499 2293 712 2328 sentcntiae
739 2289 1013 2341 Anaxagorae,
1053 2290 1098 2326 de
1118 2301 1192 2338 qua
1219 2287 1382 2340 Diogen.
1403 2288 1454 2326 ΙΙ.
1474 2291 1513 2329 8.
1542 2294 1579 2326 et
1597 2286 1722 2324 Hera-

286 2346 404 2384 clides
423 2346 570 2384 Pontic.
589 2345 746 2384 Homer.
766 2346 934 2398 Allegor.
954 2361 989 2396 p.
1010 2346 1117 2386 488.
1136 2345 1269 2384 VVEss.

402 2415 472 2453 10.
494 2415 566 2453 66.
605 2415 668 2466 177
699 2409 812 2467 πάσῃ
842 2412 952 2467 δίνῃ]
989 2413 1090 2457 Quid
1118 2409 1164 2452 τὸ
1195 2408 1330 2466 πάσῃ,
1368 2413 1401 2449 si
1422 2414 1632 2463 genuinum
1651 2417 1722 2458 est,

289 2470 363 2506 sibl
380 2471 499 2517 *teht
528 2469 698 2506 nondum
718 2472 927 2519 perspicio,
955 2473 1031 2507 nisi
1058 2483 1108 2522 τῃ
1138 2470 1212 2507 τοῦ
1242 2466 1398 2514 παντὸς
1418 2469 1533 2522 δίνῃ,
1571 2470 1610 2505 in
1642 2469 1722 2504 cir-

288 2539 398 2562 cumr
401 2528 573 2562 emtione
592 2528 731 2563 univer
734 2528 788 2573 si,
816 2527 918 2563 forte
935 2528 1149 2575 scripserit,
1181 2532 1247 2562 aut
1267 2525 1337 2562 hac
1355 2524 1484 2574 phrasi
1502 2538 1604 2561 nova
1622 2523 1723 2560 idem

285 2583 493 2632 intelligat.
513 2580 646 2618 Ruon.
702 2582 907 2619 Accessere
935 2581 1235 2628 Rhodomanno,
1262 2584 1339 2618 nisi
1367 2584 1400 2618 si
1429 2595 1474 2618 ea
1500 2581 1638 2618 vocula
1658 2579 1722 2616 hic

287 2651 473 2675 summam
499 2644 537 2673 et
565 2640 903 2677 concitatissimam
930 2641 1184 2689 τετεί3ἰῐιειιι,
1211 2644 1255 2674 ut
1284 2639 1380 2674 solet
1407 2637 1454 2674 ad
1472 2651 1554 2674 rem
1573 2648 1720 2685 augen—

288 2693 375 2730 dam
395 2695 463 2730 sul
467 2693 554 2730 inde
580 2694 776 2741 adhiberi,
810 2702 848 2731 et
875 2697 1081 2746 agnovisse
1099 2693 1253 2731 videtur
1278 2693 1341 2730 Fr.
1363 2694 1548 2744 Vigerus,
1573 2692 1722 2730 indica-

288 2752 401 2787 verit.
439 2749 549 2796 Fuit,
582 2762 666 2786 cum
686 2749 887 2804 πανσυδίῃ
901 2778 912 2798 ,
939 2751 1040 2799 quod
1059 2750 1105 2787 de
1124 2750 1341 2787 vehementi
1357 2752 1511 2800 inpetu,
1539 2744 1650 2800 πάσῃ
1670 2761 1722 2799 τῃ

288 2800 421 2860 οριιῇ,
450 2813 509 2843 est
525 2806 625 2856 apud
643 2805 816 2857 Euripid.
845 2792 982 2845 ’1ῐο35.
1005 2808 1110 2847 792.
1139 2805 1298 2844 Aratum
1325 2805 1530 2844 Phaenom
1562 2804 1666 2844 714
1685 2809 1724 2839 et
