1828 3253
480 226 543 266 ΙΝ
570 225 684 267 [ΑΒ.
712 223 948 264 ΧἹ..ΟΑΡ.
969 227 1196 267 22.--25.
1475 230 1567 272 505

121 339 268 382 σανίαν
296 355 365 380 και
397 336 706 406 Θεμιστοκλέα]
733 337 861 377 Ausus
886 351 992 386 sum,
1025 338 1180 376 iubente
1199 340 1387 379 orationis
1406 341 1505 378 serie
1526 349 1565 380 et

120 401 328 448 interprete
345 404 488 445 vetere,
512 398 578 444 qui
597 397 638 433 in
660 408 730 432 suo
751 395 850 432 libro
871 394 912 432 id
932 394 1102 445 reperit,-
1110 398 1180 433 ita
1202 396 1401 447 refingere.
1428 398 1562 437 Wrss.

232 455 339 494 422
371 456 445 495 88-Ι
472 449 600 505 ’Πρὸς
619 448 693 491 τὸν
714 447 972 505 ἐχθρότατον
993 448 1183 505 Ξέρξην
1167 449 1183 473 ³¹
1229 451 1326 490 Vide
1345 455 1507 492 inferius
1530 469 1564 494 c.

126 510 365 551 57.w12ss.

235 568 344 607 422.
369 565 443 606 89.
480 560 562 603 Ἀεὶ
592 561 668 602 καὶ.
692 563 876 615 μᾶλλον]
917 562 1218 601 Rhodomannus
1243 560 1304 602 αἐὶ
1328 561 1378 617 δὴ
1401 567 1562 617 μᾶλλον

123 622 167 659 in
186 621 395 668 Addendis,
423 620 525 669 quod
541 619 738 657 Diodorus
756 633 883 657 amare
903 632 981 656 non
1002 620 1111 666 solet,
1141 617 1201 659 ἀεὶ
1220 621 1379 669 μᾶλλον
1399 624 1566 671 plerum-

124 689 198 726 que
220 689 421 727 usurpans.
456 675 584 714 Habet
602 675 756 725 quidem
777 673 838 714 ἀεὶ
858 674 925 715 καὶ
943 677 1102 725 μᾶλλον
1131 675 1174 713 L.
1194 675 1240 715 V.
1265 677 1321 724 9.,
1350 679 1416 715 sed
1437 686 1473 715 et
1493 680 1563 729 ibi,

123 737 181 772 uti
202 735 307 780 dixi,
333 739 509 781 suspecta
528 733 675 782 copula.
723 732 845 770 Porro
864 731 966 781 quod
986 734 1168 769 continuo
1191 735 1438 782 consequitur
1460 731 1567 774 ὥστε

124 789 258 843 τρισὶν
278 788 321 828 ἐκ
338 791 414 840 τῆς
433 787 564 835 οἰκίας
575 795 675 835 etc..
695 788 736 826 id
756 788 802 825 de
815 788 976 835 GeIone,
1004 788 1224 836 duobusque
1244 790 1443 837 fratribus,
1464 791 1568 829 Hie-

124 858 221 883 rone
249 852 288 882 et
321 844 588 895 Thrasybulo,
626 845 751 894 accipi
771 852 968 893 oportere,
996 856 1044 881 ex
1073 857 1108 884 c.
1142 846 1216 885 67.
1247 858 1327 882 non
1361 846 1567 885 dubitabis.

124 901 226 940 Nam
243 901 474 952 Polyzelm,
497 902 662 939 fratrum
681 900 842 938 Gelonis
861 903 1033 947 tertius.
1051 904 1176 952 gratia
1194 902 1348 950 quidem
1366 903 1467 950 apud
1487 903 1566 954 Sy-

124 970 332 996 racusanos
352 959 487 1004 valuit,
518 957 585 994 sed
608 958 809 1006 imperium
827 969 906 995 non
926 957 1210 995 administravit
1226 971 1258 995 c.
1278 959 1354 999 48.
1381 958 1524 996 wass.

239 1015 346 1054 422.
369 1015 443 1054 98.
486 1014 550 1067 Τῇ
570 1011 675 1067 αὐτῇ
699 1009 835 1068 ἡμέρᾳ
858 1010 931 1052 τὸν
954 1012 1121 1052 Γέλωνα
1140 1015 1329 1064 νικῆσαι]
1363 1013 1571 1054 Narratum

125 1068 325 1108 Herodoto
345 1070 444 1116 fuit,
470 1077 663 1106 certamen
681 1068 753 1106 hoc
776 1069 1034 1120 depugnatum
1055 1082 1138 1106 esse
1158 1083 1203 1106 eo
1223 1069 1306 1117 die,
1334 1083 1409 1120 quo
1430 1072 1571 1112 Graeci

128 1139 216 1164 cum
242 1127 370 1163 Persis
401 1126 449 1163 ad
478 1124 712 1163 Salaminem
741 1125 787 1162 de
819 1139 964 1163 summa
983 1139 1025 1162 re
1045 1125 1394 1176 congrederentur,
1422 1127 1465 1165 L.
1485 1128 1572 1168 VH.

132 1184 237 1223 166.
282 1181 418 1219 Nostri
449 1185 662 1228 sententia,
693 1183 728 1218 si
754 1183 923 1219 victores
956 1180 1078 1218 Siculi
1110 1180 1308 1232 ἐποίησαν
1338 1180 1438 1230 τοὺς
1465 1183 1573 1225 κατὰ

127 1235 204 1290 τὴν
219 1233 399 1276 Ἑλλάδα
421 1235 660 1290 θαρρῆσαι,
689 1243 734 1274 ut
753 1240 937 1287 scriptum
960 1240 1000 1275 in
1021 1238 1302 1287 superioribus,
1336 1253 1430 1277 vero
1449 1244 1575 1292 magis

129 1301 189 1331 est
199 1293 350 1331 adfinis.
378 1292 470 1331 Scio
484 1296 611 1331 virum
623 1293 923 1331 eruditissimum
942 1295 984 1330 in
995 1292 1169 1331 Historia
1185 1293 1337 1332 Pactor.
1359 1302 1396 1333 et
1408 1295 1573 1338 Foeder.

129 1349 175 1388 P.
196 1349 225 1389 Ι.
256 1361 292 1398 Ρ.
312 1349 387 1389 90.
417 1351 461 1387 in
489 1351 566 1387 alia
598 1352 728 1387 omnia
755 1350 872 1388 abire.
905 1348 984 1387 Sed
1012 1356 1146 1387 auctor
1173 1347 1278 1388 recte
1307 1352 1385 1388 sibi
1412 1361 1576 1393 constat.

128 1405 228 1444 Vide
247 1418 338 1442 mox
358 1419 392 1443 c.
411 1407 487 1446 26
525 1405 660 1443 WEss.

244 1462 448 1502 422-19.
474 1458 538 1500 Ἥ
557 1476 600 1501 τε
629 1456 748 1508 πόλις
776 1458 978 1514 ἐπένθησε
1001 1462 1142 1517 κοινῇ]
1173 1460 1344 1511 Morem,
1378 1477 1489 1514 quem
1508 1479 1581 1516 pu-

132 1517 234 1556 blico
264 1521 306 1556 in
333 1519 440 1557 luctu
472 1516 704 1571 Carthagine
733 1518 1010 1567 observabant,
1050 1519 1234 1557 describit
1265 1519 1309 1557 L.
1334 1519 1449 1559 XIX.
1474 1524 1580 1565 106.

134 1573 277 1612 wass.

245 1631 354 1672 422.
376 1633 452 1672 26.
483 1628 756 1684 Πρεσβευτὰς
777 1626 1101 1685 αὐτοκράτορας]
1129 1631 1228 1669 Vide
1242 1630 1455 1671 Celeb.Iae.
1479 1634 1582 1672 Gro-

135 1699 228 1726 nov.
249 1687 454 1725 inArrian.
478 1687 524 1725 de
538 1688 649 1725 Alex.
664 1687 846 1738 Expedit.
867 1687 911 1724 L.
923 1687 952 1724 l.
965 1690 1039 1730 27.
1072 1688 1316 1727 Nosteerl.
1335 1691 1377 1730 4.
1404 1690 1582 1728 deAthe-

134 1744 348 1793 niensibus,
377 1745 525 1795 legatos
545 1758 632 1782 cum
653 1745 842 1782 mandatis
861 1745 994 1781 liberis
1015 1744 1064 1782 ad
1085 1744 1222 1782 Persas
1239 1747 1493 1795 mittentibus,
1513 1747 1584 1787 καὶ

135 1795 394 1850 πεμψάντων
421 1798 610 1853 πρέσβεις
640 1796 962 1867 αὐτοκράτορας.
1008 1799 1137 1837 Habet
1159 1808 1197 1837 et
1215 1800 1398 1851 Iosephus
1418 1803 1465 1840 ΙΙ.
1487 1803 1531 1840 Β.
1552 1803 1583 1842 Ι.

138 1869 172 1893 c.
191 1858 266 1896 21.
291 1858 331 1896 7.
360 1856 586 1894 ludaeorum
605 1857 752 1908 legatos
779 1851 937 1902 πάντας
957 1854 1079 1895 εἰπεῖν
1109 1854 1439 1905 δυνατωτάτους.
1468 1859 1583 1897 Philo

136 1923 231 1950 vero
251 1911 333 1949 Iud.
364 1908 611 1963 ἑρμηνεῦσαι
643 1907 978 1959 δυνατωτάτους,
1007 1907 1321 1962 βουλευσασθαι
1350 1913 1395 1954 δὲ
1422 1917 1587 1968 φαυλο-

137 1963 289 2014 τάτους
312 1968 357 2005 de
387 1967 469 2019 Mig
453 1981 502 2005 r.r
531 1968 672 2006 Abi-ah.
701 1982 738 2019 p.
763 1969 868 2008 399.
888 1966 932 2008 Β.
937 1968 1130 2016 ‚·f07tem
1157 1970 1198 2006 in
1228 1970 1391 2009 dicendo
1410 1970 1454 2008 L.
1474 1972 1519 2010 V.
1541 1973 1586 2011 in

133 2023 364 2065 -Verr.c.1.
389 2023 538 2062 Cicero.
568 2025 702 2062 VVEss.

252 2081 360 2121 423.
390 2082 464 2122 38.
503 2079 678 2133 Πέὸας]
719 2078 890 2126 Παῖδας
907 2078 1067 2131 Reg.1.
1095 2080 1291 2132 frequenti
1319 2096 1460 2121 errore.
1496 2083 1585 2123 vid.

142 2133 200 2174 cl.
222 2135 386 2174 Salmas.
409 2137 456 2174 de
474 2136 579 2175 Mod.
600 2137 717 2174 Usur.
740 2149 777 2186 p.
801 2137 909 2176 234.
947 2137 1082 2174 WEss.

255 2193 362 2233 423.
384 2194 460 2234 44.
491 2189 745 2244 Συνεβάλετο
767 2190 845 2245 γὰρ
869 2190 1011 2239 αὐτοῖς
1030 2190 1076 2232 τὸ
1098 2190 1280 2261 πλῆθος]
1306 2194 1460 2233 Mallem
1481 2193 1588 2250 ποός

141 2244 190 2288 τὸ
211 2250 401 2316 πλῆθος,
430 2251 484 2287 sic
505 2252 606 2288 enim
626 2251 735 2288 solet.
767 2248 893 2299 Supra
913 2262 946 2286 c.
965 2250 1040 2289 21.
1067 2245 1311 2299 συνεβάλετο
1334 2250 1378 2290 ὁὲ
1399 2249 1450 2291 αὖ
1455 2255 1511 2292 τῶ
1535 2273 1585 2281 -·

144 2301 250 2356 ποός
268 2302 344 2357 τὴν
365 2304 567 2355 ἐπίνοιαν,
600 2308 816 2356 passimque
838 2307 945 2342 alias.
983 2304 1141 2354 Alioqui
1162 2304 1406 2358 συνεβάλετο
1428 2311 1502 2346 erit
1520 2323 1591 2347 ex-

146 2361 446 2410 agger-abatur,
471 2362 784 2413 augebaturque.
814 2361 948 2399 Wnss.

259 2418 369 2461 423.
402 2418 475 2459 56.
521 2417 683 2470 Καίπερ
724 2414 792 2456 διὰ
820 2414 896 2469 τὴν
927 2414 1130 2459 εὐτέλειαν
1167 2416 1590 2475 καταφρονούμενον]

147 2470 328 2510 Fortasse
350 2473 627 2524 Agrigentinae
648 2476 800 2512 cloacae
821 2486 901 2510 non
924 2480 1136 2524 aequarunt
1155 2473 1368 2523 Romanas,
1395 2490 1489 2527 quas
1509 2479 1592 2515 Pli-

147 2529 237 2566 nius
257 2528 612 2571 L.XXXV1.15.
643 2543 804 2582 operum
832 2532 999 2567 omnium
1028 2532 1138 2568 dictu
1167 2534 1381 2570 maximum
1412 2533 1593 2583 adpellat,

140 2591 190 2622 ⁴et
208 2598 228 2622 e
249 2586 387 2634 quibus
409 2584 694 2624 Romanorum
683 2587 834 2636 1mperii
852 2587 1164 2636 amplitudinem,
1191 2585 1238 2627 τὸ
1271 2591 1346 2640 τῆς
1374 2584 1595 2642 ηγεμονιάς

150 2639 356 2693 μέγιστον,
384 2644 546 2692 spectari
564 2656 674 2692 posse
694 2641 908 2692 Dionysius
926 2649 1059 2680 auctor
1080 2649 1138 2680 est
1157 2643 1200 2681 L.
1214 2643 1280 2682 ΙΙΙ.
1290 2645 1336 2681 A.
1347 2643 1395 2684 R.
1420 2658 1456 2694 Ρ.
1472 2647 1578 2687 200.
1570 2673 1593 2694 .,

155 2696 256 2735 haud
279 2704 406 2735 tamen
427 2699 606 2735 inmerito
636 2705 675 2735 et
697 2697 768 2736 hae
788 2699 1040 2736 celebrantur.
1070 2699 1204 2737 WESS.

265 2754 374 2794 423
400 2754 474 2794 64.
499 2751 640 2804 Ἰχθῧς
667 2753 724 2800 εις
752 2751 943 2822 τρυᾳὴν]
986 2753 1163 2792 Restitue
1190 2752 1372 2825 τροφήν.
1403 2757 1509 2801 Quae
1527 2770 1595 2795 au·-

153 2815 233 2847 tem
251 2816 483 2858 sequuntur,
510 2812 564 2847 ita
584 2812 753 2862 corrige:
793 2825 951 2850 κυκνων
970 2808 1015 2849 δὲ
1035 2807 1227 2864 πλήθους
1247 2812 1303 2859 εις
1323 2809 1449 2853 αὐτὸν
1467 2823 1599 2853 κατα-

159 2864 382 2918 πταμὲνου.
411 2863 547 2904 Rnon
