<?xml version="1.0" encoding="UTF-8"?>
<!DOCTYPE html PUBLIC "-//W3C//DTD XHTML 1.0 Transitional//EN"
    "http://www.w3.org/TR/xhtml1/DTD/xhtml1-transitional.dtd">
<html xmlns="http://www.w3.org/1999/xhtml" xml:lang="en" lang="en">
 <head>
  <title>
</title>
<meta http-equiv="Content-Type" content="text/html;charset=utf-8" />
  <meta name='ocr-system' content='tesseract 3.04.00' />
  <meta name='ocr-capabilities' content='ocr_page ocr_carea ocr_par ocr_line ocrx_word'/>
</head>
<body>
  <div class='ocr_page' id='page_1' title='image "./bibliothecahisto04dioduoft_0493.png"; bbox 0 0 1828 3253; ppageno 0'>
   <div class='ocr_carea' id='block_1_1' title="bbox 419 177 1505 228">
    <p class='ocr_par' dir='ltr' id='par_1_1' title="bbox 419 177 1505 228">
     <span class='ocr_line' id='line_1_1' title="bbox 419 177 1505 228; baseline 0.011 -12"><span class='ocrx_word' id='word_1_1' title='bbox 419 178 480 217; x_wconf 79' lang='lat' dir='ltr'><strong>{N</strong></span> <span class='ocrx_word' id='word_1_2' title='bbox 512 177 621 216; x_wconf 89' lang='lat' dir='ltr'><strong>LlB.</strong></span> <span class='ocrx_word' id='word_1_3' title='bbox 650 177 694 215; x_wconf 82' lang='lat' dir='ltr'><strong>V.</strong></span> <span class='ocrx_word' id='word_1_4' title='bbox 737 177 864 217; x_wconf 78' lang='lat' dir='ltr'><strong>CAP.</strong></span> <span class='ocrx_word' id='word_1_5' title='bbox 888 181 960 220; x_wconf 88' lang='grc'><strong>67.</strong></span> <span class='ocrx_word' id='word_1_6' title='bbox 985 201 1032 209; x_wconf 91' lang='lat'><strong>—-·</strong></span> <span class='ocrx_word' id='word_1_7' title='bbox 1057 182 1129 222; x_wconf 80' lang='lat'><strong>69.</strong></span> <span class='ocrx_word' id='word_1_8' title='bbox 1412 186 1505 228; x_wconf 82' lang='lat'><strong>467</strong></span> 
     </span>
    </p>
   </div>
   <div class='ocr_carea' id='block_1_2' title="bbox 28 289 1499 2911">
    <p class='ocr_par' dir='ltr' id='par_1_2' title="bbox 49 289 1499 398">
     <span class='ocr_line' id='line_1_2' title="bbox 51 289 1499 345; baseline 0.001 -14"><span class='ocrx_word' id='word_1_9' title='bbox 51 293 152 342; x_wconf 87' lang='lat' dir='ltr'><strong>apud</strong></span> <span class='ocrx_word' id='word_1_10' title='bbox 185 289 377 330; x_wconf 88' lang='lat' dir='ltr'><strong>Ovidium&#39;</strong></span> <span class='ocrx_word' id='word_1_11' title='bbox 403 290 454 328; x_wconf 91' lang='lat' dir='ltr'><strong>M.</strong></span> <span class='ocrx_word' id='word_1_12' title='bbox 486 289 531 328; x_wconf 89' lang='lat' dir='ltr'><strong>V.</strong></span> <span class='ocrx_word' id='word_1_13' title='bbox 561 290 690 339; x_wconf 61' lang='lat'><strong>645„</strong></span> <span class='ocrx_word' id='word_1_14' title='bbox 730 293 793 330; x_wconf 86' lang='lat' dir='ltr'><strong>cui</strong></span> <span class='ocrx_word' id='word_1_15' title='bbox 810 291 1041 331; x_wconf 83' lang='lat' dir='ltr'><strong>Pausaniam</strong></span> <span class='ocrx_word' id='word_1_16' title='bbox 1058 295 1175 345; x_wconf 85' lang='lat' dir='ltr'><strong>iunge</strong></span> <span class='ocrx_word' id='word_1_17' title='bbox 1197 293 1242 335; x_wconf 89' lang='lat' dir='ltr'><strong>L.</strong></span> <span class='ocrx_word' id='word_1_18' title='bbox 1264 294 1368 337; x_wconf 85' lang='lat' dir='ltr'>VIII</span> <span class='ocrx_word' id='word_1_19' title='bbox 1390 299 1434 339; x_wconf 81' lang='grc'>4</span> <span class='ocrx_word' id='word_1_20' title='bbox 1462 307 1499 337; x_wconf 78' lang='lat' dir='ltr'><strong>et</strong></span> 
     </span>
     <span class='ocr_line' id='line_1_3' title="bbox 49 346 738 398; baseline -0.004 -11"><span class='ocrx_word' id='word_1_21' title='bbox 49 349 263 387; x_wconf 85' lang='lat' dir='ltr'>Aristidem</span> <span class='ocrx_word' id='word_1_22' title='bbox 283 347 329 385; x_wconf 89' lang='lat' dir='ltr'><strong>T.</strong></span> <span class='ocrx_word' id='word_1_23' title='bbox 351 346 379 384; x_wconf 97' lang='grc' dir='ltr'><strong>Ι.</strong></span> <span class='ocrx_word' id='word_1_24' title='bbox 400 361 435 398; x_wconf 92' lang='grc' dir='ltr'><strong>Ρ.</strong></span> <span class='ocrx_word' id='word_1_25' title='bbox 457 348 563 387; x_wconf 89' lang='grc'>450.</span> <span class='ocrx_word' id='word_1_26' title='bbox 604 347 738 384; x_wconf 69' lang='lat' dir='ltr'><strong>VVESS.</strong></span> 
     </span>
    </p>

    <p class='ocr_par' dir='ltr' id='par_1_3' title="bbox 47 400 1495 512">
     <span class='ocr_line' id='line_1_4' title="bbox 164 400 1495 455; baseline 0.003 -10"><span class='ocrx_word' id='word_1_27' title='bbox 164 404 269 445; x_wconf 88' lang='lat'><strong>385.</strong></span> <span class='ocrx_word' id='word_1_28' title='bbox 306 404 381 443; x_wconf 85' lang='grc'><strong>44</strong></span> <span class='ocrx_word' id='word_1_29' title='bbox 418 400 604 452; x_wconf 79' lang='grc' dir='ltr'><strong>Αὐτοΐς]</strong></span> <span class='ocrx_word' id='word_1_30' title='bbox 646 400 817 450; x_wconf 78' lang='grc' dir='ltr'><em>Αὐτοὺς</em></span> <span class='ocrx_word' id='word_1_31' title='bbox 845 402 910 441; x_wconf 91' lang='lat' dir='ltr'><strong>Co.</strong></span> <span class='ocrx_word' id='word_1_32' title='bbox 941 403 993 441; x_wconf 91' lang='grc' dir='ltr'><strong>Μ.</strong></span> <span class='ocrx_word' id='word_1_33' title='bbox 1021 402 1068 442; x_wconf 89' lang='lat' dir='ltr'><strong>R.</strong></span> <span class='ocrx_word' id='word_1_34' title='bbox 1102 407 1203 455; x_wconf 86' lang='lat' dir='ltr'><strong>quod</strong></span> <span class='ocrx_word' id='word_1_35' title='bbox 1228 409 1370 447; x_wconf 88' lang='lat' dir='ltr'><strong>malum</strong></span> <span class='ocrx_word' id='word_1_36' title='bbox 1394 409 1495 449; x_wconf 87' lang='lat' dir='ltr'><strong>haud</strong></span> 
     </span>
     <span class='ocr_line' id='line_1_5' title="bbox 47 460 1012 512; baseline -0.003 -13"><span class='ocrx_word' id='word_1_37' title='bbox 47 462 174 508; x_wconf 84' lang='lat' dir='ltr'><strong>foret,</strong></span> <span class='ocrx_word' id='word_1_38' title='bbox 206 462 240 497; x_wconf 90' lang='lat' dir='ltr'><strong>si</strong></span> <span class='ocrx_word' id='word_1_39' title='bbox 260 461 587 512; x_wconf 69' lang='grc' dir='ltr'><em>προσαγορεῦσαι</em></span> <span class='ocrx_word' id='word_1_40' title='bbox 610 468 843 508; x_wconf 86' lang='lat' dir='ltr'><strong>sequeretur.</strong></span> <span class='ocrx_word' id='word_1_41' title='bbox 874 460 1012 497; x_wconf 68' lang='lat' dir='ltr'><strong>Wssss.</strong></span> 
     </span>
    </p>

    <p class='ocr_par' dir='ltr' id='par_1_4' title="bbox 48 512 1489 622">
     <span class='ocr_line' id='line_1_6' title="bbox 163 512 1489 574; baseline 0.002 -17"><span class='ocrx_word' id='word_1_42' title='bbox 163 516 267 557; x_wconf 89' lang='lat'><strong>385.</strong></span> <span class='ocrx_word' id='word_1_43' title='bbox 295 516 370 555; x_wconf 87' lang='grc'>45.</span> <span class='ocrx_word' id='word_1_44' title='bbox 419 514 643 566; x_wconf 62' lang='lat' dir='ltr'><strong>Illeyt&#39;ozcov</strong></span> <span class='ocrx_word' id='word_1_45' title='bbox 687 513 764 568; x_wconf 73' lang='grc' dir='ltr'><strong>γὰο</strong></span> <span class='ocrx_word' id='word_1_46' title='bbox 795 512 1036 569; x_wconf 74' lang='grc' dir='ltr'><em>ἀνθοώποις</em></span> <span class='ocrx_word' id='word_1_47' title='bbox 1066 513 1193 569; x_wconf 54' lang='lat' dir='ltr'><strong>aya&amp;</strong></span> <span class='ocrx_word' id='word_1_48' title='bbox 1222 518 1358 560; x_wconf 79' lang='grc' dir='ltr'><em>αἰτίαν</em></span> <span class='ocrx_word' id='word_1_49' title='bbox 1387 523 1489 574; x_wconf 60' lang='lat' dir='ltr'><strong>cte]</strong></span> 
     </span>
     <span class='ocr_line' id='line_1_7' title="bbox 48 569 1171 622; baseline -0.001 -12"><span class='ocrx_word' id='word_1_50' title='bbox 48 570 192 610; x_wconf 90' lang='lat' dir='ltr'><strong>Confer</strong></span> <span class='ocrx_word' id='word_1_51' title='bbox 211 585 281 618; x_wconf 83' lang='lat' dir='ltr'><strong>ea,</strong></span> <span class='ocrx_word' id='word_1_52' title='bbox 309 582 406 620; x_wconf 88' lang='lat' dir='ltr'><strong>quae</strong></span> <span class='ocrx_word' id='word_1_53' title='bbox 426 569 539 608; x_wconf 91' lang='lat' dir='ltr'><strong>huius</strong></span> <span class='ocrx_word' id='word_1_54' title='bbox 559 571 650 608; x_wconf 87' lang='lat' dir='ltr'>libri</span> <span class='ocrx_word' id='word_1_55' title='bbox 668 585 700 608; x_wconf 89' lang='lat' dir='ltr'><strong>c.</strong></span> <span class='ocrx_word' id='word_1_56' title='bbox 725 573 763 611; x_wconf 88' lang='lat'><strong>5.</strong></span> <span class='ocrx_word' id='word_1_57' title='bbox 786 572 1006 622; x_wconf 79' lang='lat' dir='ltr'><strong>disputavit.</strong></span> <span class='ocrx_word' id='word_1_58' title='bbox 1036 572 1171 609; x_wconf 57' lang='lat' dir='ltr'><strong>WVEss.</strong></span> 
     </span>
    </p>

    <p class='ocr_par' dir='ltr' id='par_1_5' title="bbox 46 622 1490 734">
     <span class='ocr_line' id='line_1_8' title="bbox 160 622 1490 682; baseline 0.003 -14"><span class='ocrx_word' id='word_1_59' title='bbox 160 628 265 668; x_wconf 90' lang='grc'>385.</span> <span class='ocrx_word' id='word_1_60' title='bbox 301 627 371 667; x_wconf 87' lang='lat'><strong>53.</strong></span> <span class='ocrx_word' id='word_1_61' title='bbox 411 622 632 679; x_wconf 76' lang='grc' dir='ltr'><em>Αιγύπτιοι</em></span> <span class='ocrx_word' id='word_1_62' title='bbox 660 625 737 678; x_wconf 75' lang='grc' dir='ltr'><strong>μὲν</strong></span> <span class='ocrx_word' id='word_1_63' title='bbox 759 624 837 681; x_wconf 55' lang='grc' dir='ltr'><strong>ᾳὰρ</strong></span> <span class='ocrx_word' id='word_1_64' title='bbox 868 627 1060 682; x_wconf 74' lang='grc' dir='ltr'><em>λέγουσι]</em></span> <span class='ocrx_word' id='word_1_65' title='bbox 1090 629 1239 667; x_wconf 88' lang='lat' dir='ltr'><strong>Horum</strong></span> <span class='ocrx_word' id='word_1_66' title='bbox 1261 636 1490 672; x_wconf 83' lang='lat' dir='ltr'><strong>sententiam</strong></span> 
     </span>
     <span class='ocr_line' id='line_1_9' title="bbox 46 681 623 734; baseline -0.005 -13"><span class='ocrx_word' id='word_1_67' title='bbox 46 682 305 734; x_wconf 88' lang='lat' dir='ltr'><strong>proposuitL.</strong></span> <span class='ocrx_word' id='word_1_68' title='bbox 327 681 356 719; x_wconf 91' lang='grc' dir='ltr'>Ι.</span> <span class='ocrx_word' id='word_1_69' title='bbox 382 683 450 722; x_wconf 89' lang='grc'>14.</span> <span class='ocrx_word' id='word_1_70' title='bbox 484 682 623 720; x_wconf 78' lang='lat' dir='ltr'><strong>WEss.</strong></span> 
     </span>
    </p>

    <p class='ocr_par' dir='ltr' id='par_1_6' title="bbox 43 735 1490 901">
     <span class='ocr_line' id='line_1_10' title="bbox 159 735 1490 792; baseline 0.002 -13"><span class='ocrx_word' id='word_1_71' title='bbox 159 739 264 779; x_wconf 90' lang='lat'><strong>385.</strong></span> <span class='ocrx_word' id='word_1_72' title='bbox 299 739 370 778; x_wconf 87' lang='grc'><strong>59.</strong></span> <span class='ocrx_word' id='word_1_73' title='bbox 416 736 504 777; x_wconf 57' lang='lat' dir='ltr'><strong>Tim</strong></span> <span class='ocrx_word' id='word_1_74' title='bbox 526 735 682 791; x_wconf 67' lang='grc' dir='ltr'><em>εἴρεο-ιν</em></span> <span class='ocrx_word' id='word_1_75' title='bbox 707 759 755 766; x_wconf 92' lang='lat'><strong>--</strong></span> <span class='ocrx_word' id='word_1_76' title='bbox 775 753 843 791; x_wconf 65' lang='grc' dir='ltr'><strong>γε)</strong></span> <span class='ocrx_word' id='word_1_77' title='bbox 845 737 1041 792; x_wconf 74' lang='grc' dir='ltr'><em>ενημὲνην</em></span> <span class='ocrx_word' id='word_1_78' title='bbox 1066 738 1160 792; x_wconf 77' lang='grc' dir='ltr'><em>παρ’</em></span> <span class='ocrx_word' id='word_1_79' title='bbox 1186 737 1352 790; x_wconf 68' lang='grc' dir='ltr'><strong>αὐτοῖς]</strong></span> <span class='ocrx_word' id='word_1_80' title='bbox 1396 745 1490 782; x_wconf 85' lang='lat' dir='ltr'><strong>Glo-</strong></span> 
     </span>
     <span class='ocr_line' id='line_1_11' title="bbox 43 796 1490 852; baseline 0.003 -20"><span class='ocrx_word' id='word_1_81' title='bbox 43 796 103 832; x_wconf 84' lang='lat' dir='ltr'><strong>ria</strong></span> <span class='ocrx_word' id='word_1_82' title='bbox 121 797 262 845; x_wconf 83' lang='lat' dir='ltr'><strong>reperti</strong></span> <span class='ocrx_word' id='word_1_83' title='bbox 281 796 463 832; x_wconf 81' lang='lat' dir='ltr'><strong>frumenti</strong></span> <span class='ocrx_word' id='word_1_84' title='bbox 482 797 625 843; x_wconf 84' lang='lat' dir='ltr'><strong>patriae</strong></span> <span class='ocrx_word' id='word_1_85' title='bbox 647 796 797 832; x_wconf 83' lang='lat' dir='ltr'><strong>illibata</strong></span> <span class='ocrx_word' id='word_1_86' title='bbox 816 802 860 832; x_wconf 86' lang='lat' dir='ltr'><strong>ut</strong></span> <span class='ocrx_word' id='word_1_87' title='bbox 879 804 1052 844; x_wconf 86' lang='lat' dir='ltr'><strong>maneat,</strong></span> <span class='ocrx_word' id='word_1_88' title='bbox 1081 798 1327 837; x_wconf 84' lang='lat' dir='ltr'><strong>vehementer</strong></span> <span class='ocrx_word' id='word_1_89' title='bbox 1344 809 1490 852; x_wconf 78' lang='lat' dir='ltr'><strong>pugnat</strong></span> 
     </span>
     <span class='ocr_line' id='line_1_12' title="bbox 44 849 709 919; baseline -0.003 -31"><span class='ocrx_word' id='word_1_90' title='bbox 44 849 230 888; x_wconf 86' lang='lat' dir='ltr'><strong>Isocrates</strong></span> <span class='ocrx_word' id='word_1_91' title='bbox 249 850 389 901; x_wconf 83' lang='lat' dir='ltr'><strong>Paneg.</strong></span> <span class='ocrx_word' id='word_1_92' title='bbox 411 864 445 919; x_wconf 81' lang='lat' dir='ltr'><strong>p.</strong></span> <span class='ocrx_word' id='word_1_93' title='bbox 473 854 546 892; x_wconf 88' lang='lat'><strong>68.</strong></span> <span class='ocrx_word' id='word_1_94' title='bbox 574 851 625 888; x_wconf 85' lang='lat' dir='ltr'>W</span> <span class='ocrx_word' id='word_1_95' title='bbox 629 861 709 889; x_wconf 82' lang='grc' dir='ltr'>Ε55.</span> 
     </span>
    </p>

    <p class='ocr_par' dir='ltr' id='par_1_7' title="bbox 37 903 1486 1626">
     <span class='ocr_line' id='line_1_13' title="bbox 157 903 1486 960; baseline 0.002 -13"><span class='ocrx_word' id='word_1_96' title='bbox 157 907 262 947; x_wconf 83' lang='grc'>385.</span> <span class='ocrx_word' id='word_1_97' title='bbox 295 909 366 947; x_wconf 83' lang='lat'><strong>62</strong></span> <span class='ocrx_word' id='word_1_98' title='bbox 412 905 632 946; x_wconf 42' lang='lat' dir='ltr'><strong>’EJmewrva</strong></span> <span class='ocrx_word' id='word_1_99' title='bbox 666 903 1011 960; x_wconf 72' lang='grc' dir='ltr'><em>ποοσαγορεύειν]</em></span> <span class='ocrx_word' id='word_1_100' title='bbox 1057 909 1115 946; x_wconf 92' lang='lat' dir='ltr'><strong>Ab</strong></span> <span class='ocrx_word' id='word_1_101' title='bbox 1147 905 1328 958; x_wconf 71' lang='grc' dir='ltr'><strong>ἐλεύθω,</strong></span> <span class='ocrx_word' id='word_1_102' title='bbox 1359 926 1486 959; x_wconf 67' lang='lat' dir='ltr'><strong>veneo,</strong></span> 
     </span>
     <span class='ocr_line' id='line_1_14' title="bbox 42 962 1486 1013; baseline 0.004 -13"><span class='ocrx_word' id='word_1_103' title='bbox 42 962 144 1011; x_wconf 88' lang='lat' dir='ltr'><strong>quod</strong></span> <span class='ocrx_word' id='word_1_104' title='bbox 163 962 297 1010; x_wconf 84' lang='lat' dir='ltr'><strong>Ceres,</strong></span> <span class='ocrx_word' id='word_1_105' title='bbox 336 969 483 1012; x_wconf 82' lang='lat' dir='ltr'><strong>raptam</strong></span> <span class='ocrx_word' id='word_1_106' title='bbox 502 963 620 1000; x_wconf 88' lang='lat' dir='ltr'><strong>filiam</strong></span> <span class='ocrx_word' id='word_1_107' title='bbox 643 970 744 1000; x_wconf 87' lang='lat' dir='ltr'><strong>terra</strong></span> <span class='ocrx_word' id='word_1_108' title='bbox 771 966 941 1012; x_wconf 81' lang='lat' dir='ltr'><strong>marique</strong></span> <span class='ocrx_word' id='word_1_109' title='bbox 962 977 1170 1013; x_wconf 84' lang='lat' dir='ltr'><strong>quaerens,</strong></span> <span class='ocrx_word' id='word_1_110' title='bbox 1204 966 1278 1003; x_wconf 87' lang='lat' dir='ltr'><strong>huc</strong></span> <span class='ocrx_word' id='word_1_111' title='bbox 1308 968 1486 1006; x_wconf 79' lang='lat' dir='ltr'><strong>devenis-</strong></span> 
     </span>
     <span class='ocr_line' id='line_1_15' title="bbox 43 1018 1486 1071; baseline 0.005 -16"><span class='ocrx_word' id='word_1_112' title='bbox 43 1026 128 1066; x_wconf 83' lang='lat' dir='ltr'><strong>set,</strong></span> <span class='ocrx_word' id='word_1_113' title='bbox 164 1026 202 1056; x_wconf 84' lang='lat' dir='ltr'><strong>et</strong></span> <span class='ocrx_word' id='word_1_114' title='bbox 219 1032 264 1056; x_wconf 91' lang='lat' dir='ltr'><strong>ea</strong></span> <span class='ocrx_word' id='word_1_115' title='bbox 282 1026 431 1069; x_wconf 89' lang='lat' dir='ltr'><strong>reperta</strong></span> <span class='ocrx_word' id='word_1_116' title='bbox 457 1018 642 1068; x_wconf 86' lang='lat' dir='ltr'><strong>Mysteria</strong></span> <span class='ocrx_word' id='word_1_117' title='bbox 670 1021 711 1056; x_wconf 92' lang='lat' dir='ltr'><strong>in</strong></span> <span class='ocrx_word' id='word_1_118' title='bbox 736 1027 955 1068; x_wconf 87' lang='lat' dir='ltr'><strong>perpetuum</strong></span> <span class='ocrx_word' id='word_1_119' title='bbox 983 1022 1140 1071; x_wconf 88' lang='lat' dir='ltr'><strong>frugum</strong></span> <span class='ocrx_word' id='word_1_120' title='bbox 1157 1023 1402 1061; x_wconf 77' lang='lat' dir='ltr'><strong>inventarum</strong></span> <span class='ocrx_word' id='word_1_121' title='bbox 1423 1039 1486 1062; x_wconf 87' lang='lat' dir='ltr'><strong>ar-</strong></span> 
     </span>
     <span class='ocr_line' id='line_1_16' title="bbox 40 1074 1481 1126; baseline 0.005 -14"><span class='ocrx_word' id='word_1_122' title='bbox 40 1082 264 1126; x_wconf 90' lang='lat' dir='ltr'><strong>gumentum</strong></span> <span class='ocrx_word' id='word_1_123' title='bbox 293 1077 536 1112; x_wconf 79' lang='lat' dir='ltr'><strong>instituisset.</strong></span> <span class='ocrx_word' id='word_1_124' title='bbox 576 1074 642 1112; x_wconf 83' lang='lat' dir='ltr'><strong>Sic</strong></span> <span class='ocrx_word' id='word_1_125' title='bbox 661 1074 850 1112; x_wconf 87' lang='lat' dir='ltr'><strong>Aristides</strong></span> <span class='ocrx_word' id='word_1_126' title='bbox 875 1075 921 1112; x_wconf 91' lang='grc' dir='ltr'><strong>Τ.</strong></span> <span class='ocrx_word' id='word_1_127' title='bbox 945 1076 973 1113; x_wconf 93' lang='grc' dir='ltr'><strong>Ι.</strong></span> <span class='ocrx_word' id='word_1_128' title='bbox 994 1090 1031 1126; x_wconf 90' lang='grc' dir='ltr'><strong>Ρ.</strong></span> <span class='ocrx_word' id='word_1_129' title='bbox 1056 1079 1162 1117; x_wconf 89' lang='grc'>450.</span> <span class='ocrx_word' id='word_1_130' title='bbox 1195 1077 1237 1116; x_wconf 69' lang='grc' dir='ltr'><strong>ἕ)</strong></span> <span class='ocrx_word' id='word_1_131' title='bbox 1243 1080 1405 1118; x_wconf 69' lang='grc' dir='ltr'><em>θοῖσαν</em></span> <span class='ocrx_word' id='word_1_132' title='bbox 1440 1080 1481 1119; x_wconf 66' lang='grc' dir='ltr'><strong>ὁ)</strong></span> 
     </span>
     <span class='ocr_line' id='line_1_17' title="bbox 42 1129 1483 1187; baseline 0.005 -18"><span class='ocrx_word' id='word_1_133' title='bbox 42 1137 99 1178; x_wconf 78' lang='grc' dir='ltr'><strong>εἰς</strong></span> <span class='ocrx_word' id='word_1_134' title='bbox 114 1129 347 1178; x_wconf 80' lang='grc' dir='ltr'><em>Ἐλευσῖνα,</em></span> <span class='ocrx_word' id='word_1_135' title='bbox 379 1145 454 1182; x_wconf 79' lang='grc' dir='ltr'><strong>την</strong></span> <span class='ocrx_word' id='word_1_136' title='bbox 475 1145 516 1169; x_wconf 82' lang='grc' dir='ltr'><strong>τε</strong></span> <span class='ocrx_word' id='word_1_137' title='bbox 538 1129 772 1180; x_wconf 76' lang='grc' dir='ltr'><em>ἒπωιυμιαν</em></span> <span class='ocrx_word' id='word_1_138' title='bbox 792 1133 960 1182; x_wconf 75' lang='grc' dir='ltr'><em>ποιῆσαι</em></span> <span class='ocrx_word' id='word_1_139' title='bbox 980 1135 1038 1170; x_wconf 76' lang='grc' dir='ltr'><strong>τῶ</strong></span> <span class='ocrx_word' id='word_1_140' title='bbox 1059 1129 1189 1187; x_wconf 65' lang='lat' dir='ltr'><strong>ronco,</strong></span> <span class='ocrx_word' id='word_1_141' title='bbox 1215 1134 1282 1172; x_wconf 78' lang='grc' dir='ltr'><strong>καὶ</strong></span> <span class='ocrx_word' id='word_1_142' title='bbox 1303 1134 1348 1187; x_wconf 70' lang='grc' dir='ltr'><strong>τι)</strong></span> <span class='ocrx_word' id='word_1_143' title='bbox 1358 1152 1378 1174; x_wconf 83' lang='grc' dir='ltr'><strong><em>ι</em></strong></span> <span class='ocrx_word' id='word_1_144' title='bbox 1398 1134 1483 1176; x_wconf 82' lang='lat' dir='ltr'><strong>Kc&#39;-</strong></span> 
     </span>
     <span class='ocr_line' id='line_1_18' title="bbox 42 1175 1483 1253; baseline 0.004 -28"><span class='ocrx_word' id='word_1_145' title='bbox 42 1202 119 1240; x_wconf 82' lang='grc' dir='ltr'><strong>ρην</strong></span> <span class='ocrx_word' id='word_1_146' title='bbox 139 1182 182 1226; x_wconf 75' lang='grc' dir='ltr'><strong>εὖ</strong></span> <span class='ocrx_word' id='word_1_147' title='bbox 186 1189 356 1240; x_wconf 76' lang='grc' dir='ltr'><em>ροῦσαν,</em></span> <span class='ocrx_word' id='word_1_148' title='bbox 385 1189 552 1237; x_wconf 77' lang='grc' dir='ltr'><em>ποιῆσαι</em></span> <span class='ocrx_word' id='word_1_149' title='bbox 574 1184 624 1225; x_wconf 78' lang='grc' dir='ltr'><strong>τὰ</strong></span> <span class='ocrx_word' id='word_1_150' title='bbox 638 1182 868 1253; x_wconf 76' lang='grc' dir='ltr'><em>μυστήρια,</em></span> <span class='ocrx_word' id='word_1_151' title='bbox 892 1187 959 1226; x_wconf 79' lang='grc' dir='ltr'><strong>καὶ</strong></span> <span class='ocrx_word' id='word_1_152' title='bbox 983 1175 1177 1240; x_wconf 74' lang='grc' dir='ltr'><strong>γενέσθαι</strong></span> <span class='ocrx_word' id='word_1_153' title='bbox 1203 1188 1253 1241; x_wconf 75' lang='grc' dir='ltr'><strong>ὀὴ</strong></span> <span class='ocrx_word' id='word_1_154' title='bbox 1273 1188 1345 1230; x_wconf 78' lang='grc' dir='ltr'><strong>τὸν</strong></span> <span class='ocrx_word' id='word_1_155' title='bbox 1369 1207 1483 1231; x_wconf 80' lang='grc' dir='ltr'><strong>σιτοι</strong></span> 
     </span>
     <span class='ocr_line' id='line_1_19' title="bbox 39 1238 1484 1295; baseline 0.003 -14"><span class='ocrx_word' id='word_1_156' title='bbox 39 1239 154 1294; x_wconf 80' lang='grc' dir='ltr'><em>παρὰ</em></span> <span class='ocrx_word' id='word_1_157' title='bbox 175 1241 251 1293; x_wconf 74' lang='grc' dir='ltr'><strong>μὲν</strong></span> <span class='ocrx_word' id='word_1_158' title='bbox 270 1247 363 1282; x_wconf 82' lang='grc' dir='ltr'><em>ταΐν</em></span> <span class='ocrx_word' id='word_1_159' title='bbox 384 1243 504 1280; x_wconf 71' lang='grc' dir='ltr'><strong><em>θεαῖν</em></strong></span> <span class='ocrx_word' id='word_1_160' title='bbox 522 1245 572 1295; x_wconf 69' lang='grc' dir='ltr'><strong>τῆ</strong></span> <span class='ocrx_word' id='word_1_161' title='bbox 595 1238 675 1281; x_wconf 80' lang='grc' dir='ltr'><strong>πό)</strong></span> <span class='ocrx_word' id='word_1_162' title='bbox 679 1257 709 1280; x_wconf 79' lang='grc' dir='ltr'><strong>ει</strong></span> <span class='ocrx_word' id='word_1_163' title='bbox 729 1244 812 1281; x_wconf 82' lang='grc' dir='ltr'><strong>τῶν</strong></span> <span class='ocrx_word' id='word_1_164' title='bbox 825 1239 1075 1294; x_wconf 72' lang='grc' dir='ltr'>Ἀθηναιων.</span> <span class='ocrx_word' id='word_1_165' title='bbox 1119 1245 1199 1293; x_wconf 88' lang='lat' dir='ltr'><strong>Ipsi</strong></span> <span class='ocrx_word' id='word_1_166' title='bbox 1220 1252 1346 1284; x_wconf 87' lang='lat' dir='ltr'><strong>tamen</strong></span> <span class='ocrx_word' id='word_1_167' title='bbox 1366 1248 1398 1284; x_wconf 78' lang='lat' dir='ltr'>E</span> <span class='ocrx_word' id='word_1_168' title='bbox 1403 1251 1484 1285; x_wconf 85' lang='lat' dir='ltr'><strong>leu-</strong></span> 
     </span>
     <span class='ocr_line' id='line_1_20' title="bbox 40 1296 1482 1342; baseline 0.003 -6"><span class='ocrx_word' id='word_1_169' title='bbox 40 1300 133 1336; x_wconf 86' lang='lat' dir='ltr'><strong>sinii</strong></span> <span class='ocrx_word' id='word_1_170' title='bbox 151 1311 199 1335; x_wconf 81' lang='lat' dir='ltr'><strong>ex</strong></span> <span class='ocrx_word' id='word_1_171' title='bbox 218 1296 345 1335; x_wconf 89' lang='lat' dir='ltr'><strong>Heroe</strong></span> <span class='ocrx_word' id='word_1_172' title='bbox 363 1297 546 1336; x_wconf 88' lang='lat' dir='ltr'><strong>Eleusine</strong></span> <span class='ocrx_word' id='word_1_173' title='bbox 565 1299 651 1334; x_wconf 88' lang='lat' dir='ltr'><strong>urbi</strong></span> <span class='ocrx_word' id='word_1_174' title='bbox 668 1311 808 1334; x_wconf 86' lang='lat' dir='ltr'><strong>nomen</strong></span> <span class='ocrx_word' id='word_1_175' title='bbox 826 1302 979 1336; x_wconf 86' lang='lat' dir='ltr'><strong>venisse</strong></span> <span class='ocrx_word' id='word_1_176' title='bbox 991 1300 1224 1338; x_wconf 87' lang='lat' dir='ltr'><strong>adfirmant</strong></span> <span class='ocrx_word' id='word_1_177' title='bbox 1213 1315 1255 1338; x_wconf 92' lang='lat' dir='ltr'><strong>1n</strong></span> <span class='ocrx_word' id='word_1_178' title='bbox 1268 1303 1482 1342; x_wconf 77' lang='lat' dir='ltr'><strong>Pausaniae</strong></span> 
     </span>
     <span class='ocr_line' id='line_1_21' title="bbox 38 1352 1481 1411; baseline 0.008 -24"><span class='ocrx_word' id='word_1_179' title='bbox 38 1354 82 1391; x_wconf 86' lang='lat' dir='ltr'>L.</span> <span class='ocrx_word' id='word_1_180' title='bbox 104 1355 132 1391; x_wconf 89' lang='grc' dir='ltr'><strong>Ι.</strong></span> <span class='ocrx_word' id='word_1_181' title='bbox 158 1355 230 1395; x_wconf 88' lang='grc'><strong>38.</strong></span> <span class='ocrx_word' id='word_1_182' title='bbox 256 1367 292 1403; x_wconf 84' lang='lat' dir='ltr'><strong>p.</strong></span> <span class='ocrx_word' id='word_1_183' title='bbox 317 1354 392 1394; x_wconf 84' lang='lat'><strong>93.</strong></span> <span class='ocrx_word' id='word_1_184' title='bbox 437 1354 546 1398; x_wconf 80' lang='lat' dir='ltr'><strong>Quod</strong></span> <span class='ocrx_word' id='word_1_185' title='bbox 576 1353 639 1391; x_wconf 87' lang='lat' dir='ltr'><strong>hie</strong></span> <span class='ocrx_word' id='word_1_186' title='bbox 662 1353 816 1391; x_wconf 85' lang='lat' dir='ltr'><strong>additur</strong></span> <span class='ocrx_word' id='word_1_187' title='bbox 842 1352 890 1393; x_wconf 85' lang='grc' dir='ltr'><strong>τὸ</strong></span> <span class='ocrx_word' id='word_1_188' title='bbox 920 1353 1083 1408; x_wconf 72' lang='grc' dir='ltr'><em>σπέρμα</em></span> <span class='ocrx_word' id='word_1_189' title='bbox 1111 1359 1187 1396; x_wconf 82' lang='grc' dir='ltr'><strong>τοῦ</strong></span> <span class='ocrx_word' id='word_1_190' title='bbox 1220 1357 1335 1398; x_wconf 80' lang='grc' dir='ltr'><em>σίτου</em></span> <span class='ocrx_word' id='word_1_191' title='bbox 1362 1375 1481 1411; x_wconf 73' lang='grc' dir='ltr'><em>κομι-</em></span> 
     </span>
     <span class='ocr_line' id='line_1_22' title="bbox 38 1408 1482 1460; baseline 0.001 -9"><span class='ocrx_word' id='word_1_192' title='bbox 38 1408 227 1458; x_wconf 73' lang='grc' dir='ltr'><strong>σθέντος,</strong></span> <span class='ocrx_word' id='word_1_193' title='bbox 255 1410 308 1457; x_wconf 89' lang='lat' dir='ltr'><strong>id,</strong></span> <span class='ocrx_word' id='word_1_194' title='bbox 337 1412 473 1447; x_wconf 91' lang='lat' dir='ltr'><strong>seriem</strong></span> <span class='ocrx_word' id='word_1_195' title='bbox 493 1410 698 1447; x_wconf 86' lang='lat' dir='ltr'><strong>verborum</strong></span> <span class='ocrx_word' id='word_1_196' title='bbox 718 1411 752 1446; x_wconf 87' lang='lat' dir='ltr'><strong>si</strong></span> <span class='ocrx_word' id='word_1_197' title='bbox 775 1417 935 1459; x_wconf 83' lang='lat' dir='ltr'><strong>spectes,</strong></span> <span class='ocrx_word' id='word_1_198' title='bbox 962 1413 1171 1460; x_wconf 88' lang='lat' dir='ltr'><strong>inpeditius</strong></span> <span class='ocrx_word' id='word_1_199' title='bbox 1193 1421 1262 1450; x_wconf 91' lang='lat' dir='ltr'><strong>est.</strong></span> <span class='ocrx_word' id='word_1_200' title='bbox 1306 1416 1482 1454; x_wconf 81' lang='lat' dir='ltr'><strong>Praestat</strong></span> 
     </span>
     <span class='ocr_line' id='line_1_23' title="bbox 37 1464 1480 1520; baseline 0.002 -14"><span class='ocrx_word' id='word_1_201' title='bbox 37 1464 111 1506; x_wconf 84' lang='grc' dir='ltr'><strong>τὸν</strong></span> <span class='ocrx_word' id='word_1_202' title='bbox 133 1464 180 1506; x_wconf 83' lang='grc' dir='ltr'><strong>τὸ</strong></span> <span class='ocrx_word' id='word_1_203' title='bbox 205 1465 368 1520; x_wconf 77' lang='grc' dir='ltr'><em>σπέρμα</em></span> <span class='ocrx_word' id='word_1_204' title='bbox 388 1468 462 1505; x_wconf 78' lang='grc' dir='ltr'><strong>τοῦ</strong></span> <span class='ocrx_word' id='word_1_205' title='bbox 487 1465 602 1505; x_wconf 86' lang='grc' dir='ltr'><em>σίτου</em></span> <span class='ocrx_word' id='word_1_206' title='bbox 623 1465 866 1517; x_wconf 81' lang='grc' dir='ltr'><em>κομίσαντα,</em></span> <span class='ocrx_word' id='word_1_207' title='bbox 886 1476 930 1503; x_wconf 92' lang='lat' dir='ltr'><strong>ut</strong></span> <span class='ocrx_word' id='word_1_208' title='bbox 947 1467 1114 1506; x_wconf 84' lang='lat' dir='ltr'><strong>Venetus</strong></span> <span class='ocrx_word' id='word_1_209' title='bbox 1133 1470 1225 1506; x_wconf 88' lang='lat' dir='ltr'><strong>edit.</strong></span> <span class='ocrx_word' id='word_1_210' title='bbox 1252 1470 1345 1507; x_wconf 89' lang='lat' dir='ltr'><strong>Vult</strong></span> <span class='ocrx_word' id='word_1_211' title='bbox 1365 1475 1480 1520; x_wconf 82' lang='lat' dir='ltr'><strong>enim,</strong></span> 
     </span>
     <span class='ocr_line' id='line_1_24' title="bbox 37 1521 1479 1576; baseline 0.005 -17"><span class='ocrx_word' id='word_1_212' title='bbox 37 1521 187 1560; x_wconf 87' lang='lat' dir='ltr'><strong>Cereris</strong></span> <span class='ocrx_word' id='word_1_213' title='bbox 208 1522 397 1572; x_wconf 90' lang='lat' dir='ltr'><strong>quendam</strong></span> <span class='ocrx_word' id='word_1_214' title='bbox 416 1521 682 1559; x_wconf 84' lang='lat' dir='ltr'><strong>administrum</strong></span> <span class='ocrx_word' id='word_1_215' title='bbox 703 1521 946 1570; x_wconf 79' lang='lat' dir='ltr'><strong>Eleusinem,</strong></span> <span class='ocrx_word' id='word_1_216' title='bbox 991 1526 1108 1562; x_wconf 89' lang='lat' dir='ltr'><strong>allato</strong></span> <span class='ocrx_word' id='word_1_217' title='bbox 1127 1539 1255 1563; x_wconf 88' lang='lat' dir='ltr'><strong>secum</strong></span> <span class='ocrx_word' id='word_1_218' title='bbox 1273 1528 1479 1576; x_wconf 84' lang='lat' dir='ltr'><strong>frumento,</strong></span> 
     </span>
     <span class='ocr_line' id='line_1_25' title="bbox 37 1577 973 1626; baseline -0.002 -9"><span class='ocrx_word' id='word_1_219' title='bbox 37 1582 192 1618; x_wconf 82' lang='lat' dir='ltr'><strong>venisse</strong></span> <span class='ocrx_word' id='word_1_220' title='bbox 211 1578 379 1617; x_wconf 85' lang='lat' dir='ltr'><strong>aliunde.</strong></span> <span class='ocrx_word' id='word_1_221' title='bbox 410 1577 453 1614; x_wconf 86' lang='lat' dir='ltr'><strong>Id</strong></span> <span class='ocrx_word' id='word_1_222' title='bbox 477 1580 603 1626; x_wconf 86' lang='lat' dir='ltr'><strong>itaque</strong></span> <span class='ocrx_word' id='word_1_223' title='bbox 622 1579 809 1626; x_wconf 85' lang='lat' dir='ltr'><strong>praefero.</strong></span> <span class='ocrx_word' id='word_1_224' title='bbox 839 1579 973 1616; x_wconf 73' lang='lat' dir='ltr'><strong>VVESS.</strong></span> 
     </span>
    </p>

    <p class='ocr_par' dir='ltr' id='par_1_8' title="bbox 28 1630 1478 1915">
     <span class='ocr_line' id='line_1_26' title="bbox 153 1630 1478 1694; baseline 0.003 -19"><span class='ocrx_word' id='word_1_225' title='bbox 153 1635 258 1675; x_wconf 72' lang='grc'>385.</span> <span class='ocrx_word' id='word_1_226' title='bbox 280 1636 353 1675; x_wconf 87' lang='grc'><strong>68.</strong></span> <span class='ocrx_word' id='word_1_227' title='bbox 382 1631 508 1684; x_wconf 44' lang='grc' dir='ltr'><strong>Μηὸο</strong></span> <span class='ocrx_word' id='word_1_228' title='bbox 548 1630 700 1687; x_wconf 67' lang='grc' dir='ltr'><em>ἐσχάτῃ</em></span> <span class='ocrx_word' id='word_1_229' title='bbox 725 1633 1004 1685; x_wconf 77' lang='grc' dir='ltr'><strong>μεταδοῦναι]</strong></span> <span class='ocrx_word' id='word_1_230' title='bbox 1051 1636 1163 1675; x_wconf 82' lang='lat' dir='ltr'><strong>Illud</strong></span> <span class='ocrx_word' id='word_1_231' title='bbox 1188 1635 1294 1690; x_wconf 69' lang='grc' dir='ltr'><strong>μηδ’</strong></span> <span class='ocrx_word' id='word_1_232' title='bbox 1325 1635 1478 1694; x_wconf 65' lang='grc' dir='ltr'><em>ἐσχάτῃ</em></span> 
     </span>
     <span class='ocr_line' id='line_1_27' title="bbox 28 1689 1476 1746; baseline 0.005 -19"><span class='ocrx_word' id='word_1_233' title='bbox 28 1690 167 1739; x_wconf 79' lang='lat' dir='ltr'><strong>facit,</strong></span> <span class='ocrx_word' id='word_1_234' title='bbox 198 1697 246 1728; x_wconf 81' lang='lat' dir='ltr'><strong>ut</strong></span> <span class='ocrx_word' id='word_1_235' title='bbox 276 1689 399 1728; x_wconf 80' lang='lat' dir='ltr'><strong>verba</strong></span> <span class='ocrx_word' id='word_1_236' title='bbox 427 1691 584 1739; x_wconf 82' lang='lat' dir='ltr'><strong>intellig</strong></span> <span class='ocrx_word' id='word_1_237' title='bbox 587 1691 687 1728; x_wconf 82' lang='lat' dir='ltr'><strong>enda</strong></span> <span class='ocrx_word' id='word_1_238' title='bbox 715 1692 818 1737; x_wconf 78' lang='lat' dir='ltr'><strong>sint,</strong></span> <span class='ocrx_word' id='word_1_239' title='bbox 845 1694 962 1742; x_wconf 73' lang='lat' dir='ltr'><strong>quasi</strong></span> <span class='ocrx_word' id='word_1_240' title='bbox 986 1704 1062 1729; x_wconf 83' lang='lat' dir='ltr'><strong>non</strong></span> <span class='ocrx_word' id='word_1_241' title='bbox 1083 1696 1194 1732; x_wconf 87' lang='lat' dir='ltr'><strong>modo</strong></span> <span class='ocrx_word' id='word_1_242' title='bbox 1226 1707 1302 1731; x_wconf 77' lang='lat' dir='ltr'><strong>non</strong></span> <span class='ocrx_word' id='word_1_243' title='bbox 1325 1699 1476 1746; x_wconf 83' lang='lat' dir='ltr'><strong>prima,</strong></span> 
     </span>
     <span class='ocr_line' id='line_1_28' title="bbox 39 1747 1477 1798; baseline 0.003 -13"><span class='ocrx_word' id='word_1_244' title='bbox 39 1749 111 1786; x_wconf 75' lang='lat' dir='ltr'><strong>secl</strong></span> <span class='ocrx_word' id='word_1_245' title='bbox 132 1748 254 1798; x_wconf 81' lang='lat' dir='ltr'><strong>plane</strong></span> <span class='ocrx_word' id='word_1_246' title='bbox 281 1759 501 1797; x_wconf 82' lang='lat' dir='ltr'><strong>nunquam,</strong></span> <span class='ocrx_word' id='word_1_247' title='bbox 557 1753 600 1783; x_wconf 90' lang='lat' dir='ltr'><strong>et</strong></span> <span class='ocrx_word' id='word_1_248' title='bbox 624 1759 672 1784; x_wconf 85' lang='lat' dir='ltr'><strong>ne</strong></span> <span class='ocrx_word' id='word_1_249' title='bbox 708 1747 844 1783; x_wconf 82' lang='lat' dir='ltr'><strong>ultimo</strong></span> <span class='ocrx_word' id='word_1_250' title='bbox 882 1749 1035 1798; x_wconf 80' lang='lat' dir='ltr'><strong>quidem</strong></span> <span class='ocrx_word' id='word_1_251' title='bbox 1066 1750 1174 1797; x_wconf 83' lang='lat' dir='ltr'><strong>loco,</strong></span> <span class='ocrx_word' id='word_1_252' title='bbox 1214 1764 1352 1789; x_wconf 77' lang='lat' dir='ltr'><strong>munus</strong></span> <span class='ocrx_word' id='word_1_253' title='bbox 1372 1752 1477 1798; x_wconf 78' lang='lat' dir='ltr'><strong>fra-</strong></span> 
     </span>
     <span class='ocr_line' id='line_1_29' title="bbox 37 1801 1477 1857; baseline 0.003 -16"><span class='ocrx_word' id='word_1_254' title='bbox 37 1805 163 1841; x_wconf 83' lang='lat' dir='ltr'><strong>menti</strong></span> <span class='ocrx_word' id='word_1_255' title='bbox 178 1803 226 1841; x_wconf 84' lang='lat' dir='ltr'><strong>ab</strong></span> <span class='ocrx_word' id='word_1_256' title='bbox 251 1802 396 1840; x_wconf 84' lang='lat' dir='ltr'><strong>Cerere</strong></span> <span class='ocrx_word' id='word_1_257' title='bbox 415 1804 620 1853; x_wconf 78' lang='lat' dir='ltr'><strong>acceperit</strong></span> <span class='ocrx_word' id='word_1_258' title='bbox 638 1801 796 1840; x_wconf 83' lang='lat' dir='ltr'><strong>Sicilia.</strong></span> <span class='ocrx_word' id='word_1_259' title='bbox 838 1803 1092 1842; x_wconf 83' lang='lat' dir='ltr'><strong>Contrarium</strong></span> <span class='ocrx_word' id='word_1_260' title='bbox 1111 1818 1285 1857; x_wconf 83' lang='lat' dir='ltr'><strong>prorsus</strong></span> <span class='ocrx_word' id='word_1_261' title='bbox 1305 1822 1354 1844; x_wconf 87' lang='lat' dir='ltr'><strong>ac</strong></span> <span class='ocrx_word' id='word_1_262' title='bbox 1374 1808 1477 1845; x_wconf 85' lang='lat' dir='ltr'><strong>Dio-</strong></span> 
     </span>
     <span class='ocr_line' id='line_1_30' title="bbox 38 1859 1476 1915; baseline 0.003 -17"><span class='ocrx_word' id='word_1_263' title='bbox 38 1861 182 1907; x_wconf 80' lang='lat' dir='ltr'><strong>dorus,</strong></span> <span class='ocrx_word' id='word_1_264' title='bbox 209 1866 252 1896; x_wconf 85' lang='lat' dir='ltr'><strong>et</strong></span> <span class='ocrx_word' id='word_1_265' title='bbox 281 1870 347 1896; x_wconf 83' lang='lat' dir='ltr'><strong>res</strong></span> <span class='ocrx_word' id='word_1_266' title='bbox 375 1860 463 1910; x_wconf 81' lang='lat' dir='ltr'><strong>ipsa</strong></span> <span class='ocrx_word' id='word_1_267' title='bbox 496 1859 591 1896; x_wconf 82' lang='lat' dir='ltr'><strong>vult.</strong></span> <span class='ocrx_word' id='word_1_268' title='bbox 643 1859 848 1896; x_wconf 82' lang='lat' dir='ltr'><strong>Contentio</strong></span> <span class='ocrx_word' id='word_1_269' title='bbox 878 1862 1034 1898; x_wconf 85' lang='lat' dir='ltr'><strong>scilicet</strong></span> <span class='ocrx_word' id='word_1_270' title='bbox 1062 1869 1174 1910; x_wconf 82' lang='lat' dir='ltr'><strong>erat,</strong></span> <span class='ocrx_word' id='word_1_271' title='bbox 1207 1865 1294 1913; x_wconf 76' lang='lat' dir='ltr'><strong>quis</strong></span> <span class='ocrx_word' id='word_1_272' title='bbox 1309 1866 1476 1915; x_wconf 77' lang='lat' dir='ltr'><strong>populo-</strong></span> 
     </span>
    </p>

    <p class='ocr_par' dir='ltr' id='par_1_9' title="bbox 28 1914 1479 2472">
     <span class='ocr_line' id='line_1_31' title="bbox 36 1914 1478 1964; baseline 0.003 -10.073"><span class='ocrx_word' id='word_1_273' title='bbox 36 1930 124 1955; x_wconf 82' lang='lat' dir='ltr'><strong>rum</strong></span> <span class='ocrx_word' id='word_1_274' title='bbox 146 1914 507 1964; x_wconf 79' lang='lat' dir='ltr'><strong>primusfrumenti</strong></span> <span class='ocrx_word' id='word_1_275' title='bbox 522 1916 676 1953; x_wconf 76' lang='lat' dir='ltr'><strong>satione</strong></span> <span class='ocrx_word' id='word_1_276' title='bbox 696 1915 744 1951; x_wconf 85' lang='lat' dir='ltr'><strong>ab</strong></span> <span class='ocrx_word' id='word_1_277' title='bbox 770 1916 914 1953; x_wconf 84' lang='lat' dir='ltr'><strong>Cerere</strong></span> <span class='ocrx_word' id='word_1_278' title='bbox 934 1924 1039 1954; x_wconf 81' lang='lat' dir='ltr'><strong>esset</strong></span> <span class='ocrx_word' id='word_1_279' title='bbox 1054 1917 1205 1957; x_wconf 78' lang='lat' dir='ltr'><strong>beatus.</strong></span> <span class='ocrx_word' id='word_1_280' title='bbox 1263 1919 1320 1956; x_wconf 87' lang='lat' dir='ltr'><strong>Ut</strong></span> <span class='ocrx_word' id='word_1_281' title='bbox 1340 1921 1416 1957; x_wconf 79' lang='lat' dir='ltr'><strong>sibi</strong></span> <span class='ocrx_word' id='word_1_282' title='bbox 1435 1923 1478 1959; x_wconf 77' lang='lat' dir='ltr'><strong>id</strong></span> 
     </span>
     <span class='ocr_line' id='line_1_32' title="bbox 37 1969 1479 2021; baseline 0.002 -11"><span class='ocrx_word' id='word_1_283' title='bbox 37 1974 242 2011; x_wconf 79' lang='lat' dir='ltr'><strong>vindicent</strong></span> <span class='ocrx_word' id='word_1_284' title='bbox 264 1969 414 2017; x_wconf 78' lang='lat' dir='ltr'><strong>Siculi,</strong></span> <span class='ocrx_word' id='word_1_285' title='bbox 450 1978 785 2021; x_wconf 82' lang='lat' dir='ltr'><strong>argumentantur</strong></span> <span class='ocrx_word' id='word_1_286' title='bbox 820 1973 868 2009; x_wconf 84' lang='lat' dir='ltr'><strong>ab</strong></span> <span class='ocrx_word' id='word_1_287' title='bbox 898 1973 1080 2012; x_wconf 83' lang='lat' dir='ltr'><strong>absurdo.</strong></span> <span class='ocrx_word' id='word_1_288' title='bbox 1114 1971 1293 2014; x_wconf 76' lang='grc' dir='ltr'><strong>Ἄτοπον</strong></span> <span class='ocrx_word' id='word_1_289' title='bbox 1320 1978 1479 2014; x_wconf 85' lang='lat' dir='ltr'><strong>scilicet</strong></span> 
     </span>
     <span class='ocr_line' id='line_1_33' title="bbox 29 2028 1479 2081; baseline 0.003 -15"><span class='ocrx_word' id='word_1_290' title='bbox 29 2029 192 2077; x_wconf 74' lang='lat' dir='ltr'><strong>fuisse,</strong></span> <span class='ocrx_word' id='word_1_291' title='bbox 221 2029 442 2077; x_wconf 84' lang='lat' dir='ltr'><strong>regionem,</strong></span> <span class='ocrx_word' id='word_1_292' title='bbox 472 2029 601 2065; x_wconf 82' lang='lat' dir='ltr'><strong>sedem</strong></span> <span class='ocrx_word' id='word_1_293' title='bbox 626 2028 785 2065; x_wconf 79' lang='lat' dir='ltr'><strong>Cereris</strong></span> <span class='ocrx_word' id='word_1_294' title='bbox 804 2030 953 2081; x_wconf 76' lang='lat' dir='ltr'><strong>ipsam,</strong></span> <span class='ocrx_word' id='word_1_295' title='bbox 979 2037 1020 2067; x_wconf 86' lang='lat' dir='ltr'><strong>et</strong></span> <span class='ocrx_word' id='word_1_296' title='bbox 1034 2037 1184 2067; x_wconf 80' lang='lat' dir='ltr'><strong>natura</strong></span> <span class='ocrx_word' id='word_1_297' title='bbox 1209 2031 1479 2077; x_wconf 75' lang='lat' dir='ltr'><strong>adfrumenti</strong></span> 
     </span>
     <span class='ocr_line' id='line_1_34' title="bbox 28 2084 1474 2139; baseline 0.003 -18"><span class='ocrx_word' id='word_1_298' title='bbox 28 2090 268 2139; x_wconf 80' lang='lat' dir='ltr'><strong>proventum</strong></span> <span class='ocrx_word' id='word_1_299' title='bbox 288 2086 745 2131; x_wconf 82' lang='lat' dir='ltr'><strong>accommodatissimam,</strong></span> <span class='ocrx_word' id='word_1_300' title='bbox 764 2086 940 2136; x_wconf 81' lang='lat' dir='ltr'><strong>adeoque</strong></span> <span class='ocrx_word' id='word_1_301' title='bbox 960 2084 1075 2123; x_wconf 89' lang='lat' dir='ltr'><strong>Deae</strong></span> <span class='ocrx_word' id='word_1_302' title='bbox 1092 2090 1376 2136; x_wconf 64' lang='lat' dir='ltr'><strong>gratissimam,</strong></span> <span class='ocrx_word' id='word_1_303' title='bbox 1397 2103 1474 2126; x_wconf 78' lang='lat' dir='ltr'><strong>non</strong></span> 
     </span>
     <span class='ocr_line' id='line_1_35' title="bbox 30 2140 1475 2195; baseline 0.002 -16"><span class='ocrx_word' id='word_1_304' title='bbox 30 2143 181 2195; x_wconf 83' lang='lat' dir='ltr'><strong>primo,</strong></span> <span class='ocrx_word' id='word_1_305' title='bbox 206 2141 277 2178; x_wconf 79' lang='lat' dir='ltr'><strong>sed</strong></span> <span class='ocrx_word' id='word_1_306' title='bbox 293 2140 452 2186; x_wconf 83' lang='lat' dir='ltr'><strong>ultimo,</strong></span> <span class='ocrx_word' id='word_1_307' title='bbox 479 2141 564 2178; x_wconf 88' lang='lat' dir='ltr'><strong>loco</strong></span> <span class='ocrx_word' id='word_1_308' title='bbox 585 2141 918 2188; x_wconf 85' lang='lat' dir='ltr'><strong>donatamfuisse</strong></span> <span class='ocrx_word' id='word_1_309' title='bbox 937 2144 1005 2180; x_wconf 91' lang='lat' dir='ltr'><strong>illo</strong></span> <span class='ocrx_word' id='word_1_310' title='bbox 1029 2143 1138 2180; x_wconf 89' lang='lat' dir='ltr'><strong>Deae</strong></span> <span class='ocrx_word' id='word_1_311' title='bbox 1158 2157 1329 2181; x_wconf 72' lang='lat' dir='ltr'><strong>muner-‚e</strong></span> <span class='ocrx_word' id='word_1_312' title='bbox 1376 2146 1475 2183; x_wconf 78' lang='lat' dir='ltr'><strong>Rem</strong></span> 
     </span>
     <span class='ocr_line' id='line_1_36' title="bbox 39 2194 1476 2252; baseline 0.003 -17"><span class='ocrx_word' id='word_1_313' title='bbox 39 2198 180 2235; x_wconf 81' lang='lat' dir='ltr'><strong>videor</strong></span> <span class='ocrx_word' id='word_1_314' title='bbox 197 2195 294 2233; x_wconf 76' lang='lat' dir='ltr'><strong>mihi</strong></span> <span class='ocrx_word' id='word_1_315' title='bbox 311 2197 584 2244; x_wconf 77' lang='lat' dir='ltr'><strong>constituisse,</strong></span> <span class='ocrx_word' id='word_1_316' title='bbox 620 2199 656 2234; x_wconf 81' lang='lat' dir='ltr'><strong>si</strong></span> <span class='ocrx_word' id='word_1_317' title='bbox 667 2210 749 2249; x_wconf 86' lang='lat' dir='ltr'><strong>pro</strong></span> <span class='ocrx_word' id='word_1_318' title='bbox 769 2195 874 2248; x_wconf 74' lang='grc' dir='ltr'><strong>μηδ’</strong></span> <span class='ocrx_word' id='word_1_319' title='bbox 897 2194 1048 2252; x_wconf 73' lang='grc' dir='ltr'><em>ἐσχάτῃ</em></span> <span class='ocrx_word' id='word_1_320' title='bbox 1062 2227 1073 2246; x_wconf 83' lang='lat'>,</span> <span class='ocrx_word' id='word_1_321' title='bbox 1110 2213 1189 2236; x_wconf 83' lang='lat' dir='ltr'><strong>una</strong></span> <span class='ocrx_word' id='word_1_322' title='bbox 1210 2201 1372 2237; x_wconf 65' lang='lat' dir='ltr'><strong>liter-ula</strong></span> <span class='ocrx_word' id='word_1_323' title='bbox 1392 2216 1476 2239; x_wconf 82' lang='lat' dir='ltr'><strong>mu-</strong></span> 
     </span>
     <span class='ocr_line' id='line_1_37' title="bbox 40 2249 1475 2306; baseline 0.002 -15"><span class='ocrx_word' id='word_1_324' title='bbox 40 2259 154 2300; x_wconf 80' lang='lat' dir='ltr'><strong>tata,</strong></span> <span class='ocrx_word' id='word_1_325' title='bbox 191 2253 320 2301; x_wconf 86' lang='lat' dir='ltr'><strong>legam</strong></span> <span class='ocrx_word' id='word_1_326' title='bbox 349 2249 445 2305; x_wconf 77' lang='grc' dir='ltr'><em>τῇδ’</em></span> <span class='ocrx_word' id='word_1_327' title='bbox 480 2249 643 2305; x_wconf 76' lang='grc' dir='ltr'>ἐσχάτῃ.</span> <span class='ocrx_word' id='word_1_328' title='bbox 687 2253 793 2290; x_wconf 89' lang='lat' dir='ltr'><strong>Haec</strong></span> <span class='ocrx_word' id='word_1_329' title='bbox 811 2254 866 2292; x_wconf 92' lang='lat' dir='ltr'><strong>Io.</strong></span> <span class='ocrx_word' id='word_1_330' title='bbox 895 2254 1041 2291; x_wconf 86' lang='lat' dir='ltr'><strong>lensius</strong></span> <span class='ocrx_word' id='word_1_331' title='bbox 1060 2255 1183 2304; x_wconf 89' lang='lat' dir='ltr'><strong>Epist.</strong></span> <span class='ocrx_word' id='word_1_332' title='bbox 1208 2256 1254 2293; x_wconf 88' lang='lat' dir='ltr'><strong>ad</strong></span> <span class='ocrx_word' id='word_1_333' title='bbox 1275 2256 1414 2295; x_wconf 83' lang='lat' dir='ltr'><strong>Graev.</strong></span> <span class='ocrx_word' id='word_1_334' title='bbox 1440 2271 1475 2306; x_wconf 91' lang='lat' dir='ltr'><strong>p.</strong></span> 
     </span>
     <span class='ocr_line' id='line_1_38' title="bbox 39 2308 1476 2358; baseline 0 -8"><span class='ocrx_word' id='word_1_335' title='bbox 39 2310 149 2350; x_wconf 88' lang='grc'>417.</span> <span class='ocrx_word' id='word_1_336' title='bbox 140 2335 164 2355; x_wconf 88' lang='grc'><strong>.,</strong></span> <span class='ocrx_word' id='word_1_337' title='bbox 198 2319 294 2356; x_wconf 87' lang='lat' dir='ltr'><strong>quae</strong></span> <span class='ocrx_word' id='word_1_338' title='bbox 323 2308 438 2344; x_wconf 87' lang='lat' dir='ltr'><strong>laudo</strong></span> <span class='ocrx_word' id='word_1_339' title='bbox 467 2315 504 2345; x_wconf 87' lang='lat' dir='ltr'><strong>et</strong></span> <span class='ocrx_word' id='word_1_340' title='bbox 531 2309 661 2356; x_wconf 89' lang='lat' dir='ltr'><strong>probo.</strong></span> <span class='ocrx_word' id='word_1_341' title='bbox 693 2309 776 2358; x_wconf 90' lang='lat' dir='ltr'><strong>Ipse</strong></span> <span class='ocrx_word' id='word_1_342' title='bbox 806 2309 1106 2349; x_wconf 88' lang='lat' dir='ltr'><strong>Rhodomannus</strong></span> <span class='ocrx_word' id='word_1_343' title='bbox 1135 2325 1204 2349; x_wconf 84' lang='lat' dir='ltr'><strong>sua</strong></span> <span class='ocrx_word' id='word_1_344' title='bbox 1228 2314 1269 2349; x_wconf 89' lang='lat' dir='ltr'><strong>in</strong></span> <span class='ocrx_word' id='word_1_345' title='bbox 1300 2317 1476 2351; x_wconf 77' lang='lat' dir='ltr'><strong>versione</strong></span> 
     </span>
     <span class='ocr_line' id='line_1_39' title="bbox 39 2363 1477 2419; baseline 0.003 -17"><span class='ocrx_word' id='word_1_346' title='bbox 39 2364 224 2412; x_wconf 82' lang='lat' dir='ltr'><strong>beneficii</strong></span> <span class='ocrx_word' id='word_1_347' title='bbox 239 2375 333 2400; x_wconf 85' lang='lat' dir='ltr'><strong>vero</strong></span> <span class='ocrx_word' id='word_1_348' title='bbox 355 2363 470 2401; x_wconf 73' lang='lat' dir='ltr'><strong>liuius</strong></span> <span class='ocrx_word' id='word_1_349' title='bbox 491 2371 678 2415; x_wconf 83' lang='lat' dir='ltr'><strong>tunquam</strong></span> <span class='ocrx_word' id='word_1_350' title='bbox 698 2366 799 2402; x_wconf 75' lang='lat' dir='ltr'><strong>nihil</strong></span> <span class='ocrx_word' id='word_1_351' title='bbox 819 2379 862 2402; x_wconf 89' lang='lat' dir='ltr'><strong>eo</strong></span> <span class='ocrx_word' id='word_1_352' title='bbox 882 2370 1126 2417; x_wconf 75' lang='lat' dir='ltr'><strong>pertinentis</strong></span> <span class='ocrx_word' id='word_1_353' title='bbox 1138 2375 1341 2419; x_wconf 78' lang='lat' dir='ltr'><strong>postremo</strong></span> <span class='ocrx_word' id='word_1_354' title='bbox 1367 2372 1477 2407; x_wconf 83' lang='lat' dir='ltr'><strong>illam</strong></span> 
     </span>
     <span class='ocr_line' id='line_1_40' title="bbox 40 2421 1364 2472; baseline 0.001 -12"><span class='ocrx_word' id='word_1_355' title='bbox 40 2422 126 2460; x_wconf 87' lang='lat' dir='ltr'><strong>loco</strong></span> <span class='ocrx_word' id='word_1_356' title='bbox 138 2421 382 2472; x_wconf 83' lang='lat' dir='ltr'><strong>participem</strong></span> <span class='ocrx_word' id='word_1_357' title='bbox 402 2422 570 2458; x_wconf 82' lang='lat' dir='ltr'><strong>reddere</strong></span> <span class='ocrx_word' id='word_1_358' title='bbox 590 2423 714 2458; x_wconf 83' lang='lat' dir='ltr'><strong>simile</strong></span> <span class='ocrx_word' id='word_1_359' title='bbox 737 2422 917 2470; x_wconf 85' lang='lat' dir='ltr'><strong>quiddam</strong></span> <span class='ocrx_word' id='word_1_360' title='bbox 936 2431 1100 2461; x_wconf 89' lang='lat' dir='ltr'><strong>sectatus</strong></span> <span class='ocrx_word' id='word_1_361' title='bbox 1123 2431 1192 2460; x_wconf 84' lang='lat' dir='ltr'><strong>est.</strong></span> <span class='ocrx_word' id='word_1_362' title='bbox 1230 2424 1280 2461; x_wconf 82' lang='lat' dir='ltr'>W</span> <span class='ocrx_word' id='word_1_363' title='bbox 1285 2436 1364 2461; x_wconf 64' lang='lat' dir='ltr'><strong>uss</strong></span> 
     </span>
    </p>

    <p class='ocr_par' dir='ltr' id='par_1_10' title="bbox 155 2474 1475 2529">
     <span class='ocr_line' id='line_1_41' title="bbox 155 2474 1475 2529; baseline 0.001 -14"><span class='ocrx_word' id='word_1_364' title='bbox 155 2477 260 2516; x_wconf 85' lang='lat'>386-</span> <span class='ocrx_word' id='word_1_365' title='bbox 284 2477 357 2515; x_wconf 86' lang='grc'><strong>72.</strong></span> <span class='ocrx_word' id='word_1_366' title='bbox 389 2474 475 2516; x_wconf 82' lang='grc' dir='ltr'><strong>Τὸν</strong></span> <span class='ocrx_word' id='word_1_367' title='bbox 494 2492 666 2529; x_wconf 76' lang='grc' dir='ltr'><strong>ποιητην</strong></span> <span class='ocrx_word' id='word_1_368' title='bbox 687 2475 826 2529; x_wconf 70' lang='grc' dir='ltr'><strong>λέγειν]</strong></span> <span class='ocrx_word' id='word_1_369' title='bbox 853 2478 949 2514; x_wconf 84' lang='lat' dir='ltr'><strong>Vide</strong></span> <span class='ocrx_word' id='word_1_370' title='bbox 972 2479 1084 2517; x_wconf 90' lang='lat' dir='ltr'><strong>huius</strong></span> <span class='ocrx_word' id='word_1_371' title='bbox 1105 2481 1194 2517; x_wconf 87' lang='lat' dir='ltr'><strong>libri</strong></span> <span class='ocrx_word' id='word_1_372' title='bbox 1213 2494 1246 2519; x_wconf 92' lang='lat' dir='ltr'><strong>c.</strong></span> <span class='ocrx_word' id='word_1_373' title='bbox 1270 2483 1310 2520; x_wconf 79' lang='lat'><strong>2.</strong></span> <span class='ocrx_word' id='word_1_374' title='bbox 1340 2480 1390 2517; x_wconf 85' lang='lat' dir='ltr'>W</span> <span class='ocrx_word' id='word_1_375' title='bbox 1394 2492 1475 2520; x_wconf 78' lang='grc'>1-’55</span> 
     </span>
    </p>

    <p class='ocr_par' dir='ltr' id='par_1_11' title="bbox 34 2528 1483 2865">
     <span class='ocr_line' id='line_1_42' title="bbox 154 2528 1476 2585; baseline 0.002 -14"><span class='ocrx_word' id='word_1_376' title='bbox 154 2533 259 2572; x_wconf 81' lang='grc'>386.</span> <span class='ocrx_word' id='word_1_377' title='bbox 293 2532 364 2572; x_wconf 87' lang='grc'><strong>85.</strong></span> <span class='ocrx_word' id='word_1_378' title='bbox 393 2528 572 2572; x_wconf 79' lang='grc' dir='ltr'><em>Ἵππειον</em></span> <span class='ocrx_word' id='word_1_379' title='bbox 603 2531 730 2573; x_wconf 75' lang='grc' dir='ltr'><em>αὐτὸν</em></span> <span class='ocrx_word' id='word_1_380' title='bbox 766 2530 1041 2585; x_wconf 73' lang='grc' dir='ltr'><em>ίῦιομάσθαι]</em></span> <span class='ocrx_word' id='word_1_381' title='bbox 1087 2536 1231 2573; x_wconf 87' lang='lat' dir='ltr'><strong>Eadem</strong></span> <span class='ocrx_word' id='word_1_382' title='bbox 1263 2537 1476 2574; x_wconf 85' lang='lat' dir='ltr'><strong>Pausaniae</strong></span> 
     </span>
     <span class='ocr_line' id='line_1_43' title="bbox 42 2586 1478 2630; baseline 0.004 -6"><span class='ocrx_word' id='word_1_383' title='bbox 42 2586 294 2625; x_wconf 83' lang='lat' dir='ltr'><strong>sententiaL.</strong></span> <span class='ocrx_word' id='word_1_384' title='bbox 314 2586 397 2624; x_wconf 86' lang='lat' dir='ltr'><strong>VH.</strong></span> <span class='ocrx_word' id='word_1_385' title='bbox 417 2590 493 2628; x_wconf 87' lang='lat'><strong>21.</strong></span> <span class='ocrx_word' id='word_1_386' title='bbox 534 2588 699 2626; x_wconf 87' lang='lat' dir='ltr'><strong>Fabulas</strong></span> <span class='ocrx_word' id='word_1_387' title='bbox 728 2591 798 2626; x_wconf 82' lang='lat' dir='ltr'><strong>alii</strong></span> <span class='ocrx_word' id='word_1_388' title='bbox 828 2592 1159 2629; x_wconf 79' lang='lat' dir='ltr'><strong>conminiscuntur</strong></span> <span class='ocrx_word' id='word_1_389' title='bbox 1195 2593 1236 2628; x_wconf 87' lang='lat' dir='ltr'><strong>in</strong></span> <span class='ocrx_word' id='word_1_390' title='bbox 1269 2593 1397 2629; x_wconf 68' lang='lat' dir='ltr'><strong>schol.</strong></span> <span class='ocrx_word' id='word_1_391' title='bbox 1429 2594 1478 2630; x_wconf 85' lang='lat' dir='ltr'><strong>ad</strong></span> 
     </span>
     <span class='ocr_line' id='line_1_44' title="bbox 43 2643 1478 2699; baseline 0.005 -19"><span class='ocrx_word' id='word_1_392' title='bbox 43 2644 88 2681; x_wconf 90' lang='lat' dir='ltr'><strong>ll.</strong></span> <span class='ocrx_word' id='word_1_393' title='bbox 118 2643 179 2691; x_wconf 76' lang='grc' dir='ltr'><strong>Ψ,</strong></span> <span class='ocrx_word' id='word_1_394' title='bbox 213 2644 318 2684; x_wconf 90' lang='grc'>346.</span> <span class='ocrx_word' id='word_1_395' title='bbox 333 2671 345 2690; x_wconf 82' lang='lat'>‚</span> <span class='ocrx_word' id='word_1_396' title='bbox 372 2644 475 2682; x_wconf 83' lang='lat' dir='ltr'><strong>unde</strong></span> <span class='ocrx_word' id='word_1_397' title='bbox 505 2646 573 2682; x_wconf 81' lang='lat' dir='ltr'><strong>lux</strong></span> <span class='ocrx_word' id='word_1_398' title='bbox 593 2647 718 2683; x_wconf 87' lang='lat' dir='ltr'><strong>lacero</strong></span> <span class='ocrx_word' id='word_1_399' title='bbox 739 2652 777 2682; x_wconf 83' lang='lat' dir='ltr'><strong>et</strong></span> <span class='ocrx_word' id='word_1_400' title='bbox 797 2654 976 2696; x_wconf 88' lang='lat' dir='ltr'><strong>corrupto</strong></span> <span class='ocrx_word' id='word_1_401' title='bbox 997 2648 1244 2686; x_wconf 88' lang='lat' dir='ltr'><strong>Grammatici</strong></span> <span class='ocrx_word' id='word_1_402' title='bbox 1264 2650 1478 2699; x_wconf 79' lang='lat' dir='ltr'><strong>fragmento</strong></span> 
     </span>
     <span class='ocr_line' id='line_1_45' title="bbox 42 2698 1480 2749; baseline 0.004 -13"><span class='ocrx_word' id='word_1_403' title='bbox 42 2702 86 2736; x_wconf 89' lang='lat' dir='ltr'><strong>in</strong></span> <span class='ocrx_word' id='word_1_404' title='bbox 102 2698 283 2737; x_wconf 88' lang='lat' dir='ltr'><strong>Biblioth.</strong></span> <span class='ocrx_word' id='word_1_405' title='bbox 303 2698 462 2739; x_wconf 89' lang='lat' dir='ltr'><strong>Coislin.</strong></span> <span class='ocrx_word' id='word_1_406' title='bbox 484 2712 521 2749; x_wconf 91' lang='lat' dir='ltr'><strong>p.</strong></span> <span class='ocrx_word' id='word_1_407' title='bbox 545 2702 650 2741; x_wconf 88' lang='grc'>604.</span> <span class='ocrx_word' id='word_1_408' title='bbox 681 2702 847 2739; x_wconf 84' lang='lat' dir='ltr'><strong>Perinde</strong></span> <span class='ocrx_word' id='word_1_409' title='bbox 866 2710 993 2741; x_wconf 90' lang='lat' dir='ltr'><strong>autem</strong></span> <span class='ocrx_word' id='word_1_410' title='bbox 1021 2708 1095 2742; x_wconf 90' lang='lat' dir='ltr'><strong>erit</strong></span> <span class='ocrx_word' id='word_1_411' title='bbox 1122 2707 1203 2741; x_wconf 76' lang='lat' dir='ltr'><strong>sive</strong></span> <span class='ocrx_word' id='word_1_412' title='bbox 1222 2700 1401 2743; x_wconf 78' lang='grc' dir='ltr'><em>Ἵππειον</em></span> <span class='ocrx_word' id='word_1_413' title='bbox 1431 2719 1480 2742; x_wconf 82' lang='lat' dir='ltr'><strong>an</strong></span> 
     </span>
     <span class='ocr_line' id='line_1_46' title="bbox 34 2752 1482 2807; baseline 0.002 -13"><span class='ocrx_word' id='word_1_414' title='bbox 34 2752 194 2795; x_wconf 80' lang='grc' dir='ltr'><em>Ἵππιον</em></span> <span class='ocrx_word' id='word_1_415' title='bbox 221 2757 402 2806; x_wconf 85' lang='lat' dir='ltr'><strong>elegeris:</strong></span> <span class='ocrx_word' id='word_1_416' title='bbox 445 2755 517 2794; x_wconf 87' lang='lat' dir='ltr'><strong>hoc</strong></span> <span class='ocrx_word' id='word_1_417' title='bbox 536 2758 634 2807; x_wconf 86' lang='lat' dir='ltr'><strong>apud</strong></span> <span class='ocrx_word' id='word_1_418' title='bbox 656 2756 850 2795; x_wconf 80' lang='lat' dir='ltr'><strong>comicum</strong></span> <span class='ocrx_word' id='word_1_419' title='bbox 870 2758 970 2797; x_wconf 83' lang='lat' dir='ltr'><strong>Nub.</strong></span> <span class='ocrx_word' id='word_1_420' title='bbox 988 2774 1025 2799; x_wconf 85' lang='lat' dir='ltr'><strong>v.</strong></span> <span class='ocrx_word' id='word_1_421' title='bbox 1049 2762 1120 2801; x_wconf 81' lang='lat'><strong>83.</strong></span> <span class='ocrx_word' id='word_1_422' title='bbox 1152 2759 1298 2796; x_wconf 82' lang='lat' dir='ltr'><strong>Aelian.</strong></span> <span class='ocrx_word' id='word_1_423' title='bbox 1323 2761 1369 2796; x_wconf 77' lang='lat' dir='ltr'><strong>(le</strong></span> <span class='ocrx_word' id='word_1_424' title='bbox 1387 2761 1482 2797; x_wconf 83' lang='lat' dir='ltr'><strong>Ani-</strong></span> 
     </span>
     <span class='ocr_line' id='line_1_47' title="bbox 43 2811 1483 2865; baseline 0.003 -17"><span class='ocrx_word' id='word_1_425' title='bbox 43 2813 131 2849; x_wconf 86' lang='lat' dir='ltr'><strong>mal.</strong></span> <span class='ocrx_word' id='word_1_426' title='bbox 151 2811 256 2849; x_wconf 88' lang='lat' dir='ltr'><strong>XlV.</strong></span> <span class='ocrx_word' id='word_1_427' title='bbox 282 2815 352 2853; x_wconf 85' lang='lat'><strong>18.</strong></span> <span class='ocrx_word' id='word_1_428' title='bbox 382 2811 593 2861; x_wconf 86' lang='lat' dir='ltr'><strong>Utrumque</strong></span> <span class='ocrx_word' id='word_1_429' title='bbox 623 2817 665 2852; x_wconf 90' lang='lat' dir='ltr'><strong>in</strong></span> <span class='ocrx_word' id='word_1_430' title='bbox 693 2815 974 2856; x_wconf 83' lang='lat' dir='ltr'><strong>Pausan.V111.</strong></span> <span class='ocrx_word' id='word_1_431' title='bbox 1004 2819 1074 2858; x_wconf 79' lang='grc'><strong>14.</strong></span> <span class='ocrx_word' id='word_1_432' title='bbox 1104 2816 1271 2865; x_wconf 62' lang='lat' dir='ltr'><strong>Hcsych.</strong></span> <span class='ocrx_word' id='word_1_433' title='bbox 1296 2812 1483 2862; x_wconf 56' lang='grc' dir='ltr'>(Ῑηπεῒος.</span> 
     </span>
    </p>

    <p class='ocr_par' dir='ltr' id='par_1_12' title="bbox 1118 2874 1209 2911">
     <span class='ocr_line' id='line_1_48' title="bbox 1118 2874 1209 2911; baseline 0.011 -2"><span class='ocrx_word' id='word_1_434' title='bbox 1118 2874 1177 2911; x_wconf 79' lang='grc'><strong>30</strong></span> <span class='ocrx_word' id='word_1_435' title='bbox 1193 2875 1209 2889; x_wconf 28' lang='grc' dir='ltr'>ᾖ</span> 
     </span>
    </p>
   </div>
  </div>
 </body>
</html>
