1828 3253
478 105 542 144 IN
572 103 684 142 LlB.
715 103 746 141 1.
786 102 916 142 CAP.
944 105 1019 144 95.
1049 105 1123 146 96.
1435 107 1520 147 151

77 233 156 258 non
187 222 300 267 item,
337 225 381 257 ut
409 230 457 256 ex
484 216 671 257 Clement.
703 216 893 255 Alexand.
918 215 946 253 1.
969 214 1151 254 Stromat.
1174 231 1209 268 p.
1233 218 1339 259 352.
1359 218 1521 258 videbis.

78 277 212 314 wass.

194 333 295 373 107.
323 333 392 372 12.
436 332 534 369 Τῶν
555 328 600 369 (Ῡὲ
623 326 762 370 τόπων
788 325 815 380 ἢ
842 324 1250 379 κατασκευασμάτων
1271 327 1370 382 etc.]
1413 329 1518 368 Rho-

79 389 179 425 dom.
202 388 292 425 haec
313 387 512 424 obscurius
531 389 670 433 vertit3
699 388 840 422 clarius
860 384 923 422 Fr.
934 385 1278 436 Vigerus‚pa1·tim
1298 388 1399 433 loca,
1413 401 1518 438 par-

79 447 148 481 tim
172 458 293 495 opera
309 444 526 494 quaedum,
556 445 729 494 ipsorum
749 443 1006 490 cognomz‘niis
1024 443 1210 490 insignia.
1241 441 1336 480 Cum
1357 446 1458 480 enim
1475 446 1517 480 in

79 501 254 550 Aegypto
272 506 310 535 et
327 499 461 548 perdiu
482 501 627 536 versati
655 499 803 535 fuerint
820 505 858 534 et
880 499 1068 534 nonnulla
1088 497 1302 534 industriae
1323 512 1413 535 suae
1436 513 1518 536 mo-

79 563 260 594 numenta
280 556 519 603 reliquerint,
537 556 652 592 facile
672 557 757 592 loca
776 554 961 602 quaedam
979 560 1017 590 et
1035 566 1162 602 opera,
1187 555 1357 602 ipsorum
1377 568 1518 605 cogno-

78 614 218 649 mentis
237 613 425 658 illustria,
457 612 609 648 ostendi
628 617 846 658 potuerunt.
905 610 1044 647 Strabo
1065 609 1158 646 haec
1176 610 1303 647 firmat
1327 610 1401 647 XV
1407 611 1451 647 ll.
1481 626 1517 660 p.

82 669 216 708 1159.
261 666 347 705 ἐκεῖ
370 667 467 714 οὖν,
504 666 719 716 Heliopoli,
755 665 982 705 ἕὸείκηντο
1015 665 1056 705 οἶ
1073 680 1115 705 τε
1134 668 1218 706 τῶν
1241 664 1380 720 ἱερέων
1402 663 1520 714 οἶκοι,

76 723 144 764 καὶ
162 719 394 769 Πλάτωνος
413 722 479 762 καὶ
501 722 560 761 Ez'·
565 720 687 771 ὁόξου
710 721 931 788 διατριβαί.
961 722 1039 759 Ws
1043 733 1096 759 ss.

194 781 294 820 107
321 781 390 819 17.
419 778 504 818 Καὶ
534 777 587 818 τὰ
613 779 703 832 περὶ
732 777 807 831 τὴν
835 775 985 818 ἒαῑτοῦ
1015 774 1202 830 πλάνην]
1236 778 1280 814 In
1300 777 1361 815 his
1379 779 1520 817 vitium

75 837 203 872 inesse
223 838 410 883 suspicor,
439 848 510 872 nec
531 837 699 884 liquido,
731 838 803 872 etsi
822 836 942 872 multa
961 834 1057 872 mihi
1077 837 1117 871 in
1138 841 1305 872 mentem
1324 837 1516 883 venerint,

78 894 155 928 elui
184 895 249 940 qui
277 895 417 941 possit,
448 894 648 941 perspicio.
687 891 751 931 Fr.
774 892 903 942 Viger.
930 892 1044 928 malle
1073 904 1112 927 se
1142 891 1188 927 ad
1208 890 1348 927 Euseb.
1369 894 1425 928 ait
1443 888 1518 942 τὴν

79 946 207 986 αὐτοῦ
228 944 408 998 πλάνην,
448 948 562 995 idque
592 962 674 984 esse
703 945 778 999 τὴν
808 943 882 986 ὑπ’
921 946 1050 986 αὐτοῦ
1078 945 1367 998 πεποιημένην.
1416 947 1519 995 quod

77 1016 196 1051 aeque
216 1003 311 1040 mihi
331 1004 545 1041 obscurum.
583 1004 626 1040 ld
646 1004 781 1041 videor
802 1003 897 1040 mihi
917 1017 966 1040 ex
986 1004 1086 1049 illis,
1116 1016 1211 1052 quae
1232 1010 1520 1052 consequuntur

76 1060 416 1107 animadvertisse,
440 1060 593 1108 Orphea
617 1063 657 1097 in
681 1061 882 1097 Graeciam
903 1061 1080 1096 intulisse
1110 1066 1148 1095 et
1165 1058 1308 1096 Bacchi
1335 1062 1444 1109 orgia
1480 1067 1520 1096 et

78 1114 228 1152 Cereris
256 1118 368 1152 initia
408 1123 446 1152 et
479 1117 691 1153 inferorum
714 1117 885 1162 fabulas3
927 1119 960 1154 si
978 1117 1105 1163 itaque
1135 1122 1236 1151 esset
1260 1113 1311 1153 τὰ
1331 1115 1421 1167 περὶ
1442 1113 1517 1166 τὴν

75 1168 306 1223 Δήμητρος
328 1168 508 1222 πλάνην,
537 1180 662 1209 cetera
685 1172 785 1209 haud
801 1174 900 1208 male
916 1178 1197 1222 congruerent3
1225 1184 1274 1209 cx
1293 1173 1397 1208 illius
1416 1174 1519 1209 enim

76 1229 270 1265 erroribus
298 1226 497 1265 Eleusinia
515 1231 699 1278 mysteria
720 1231 910 1279 originem
938 1235 1191 1275 acceperunt3
1233 1235 1463 1276 quapropter
1483 1235 1521 1263 et

73 1291 301 1335 personatus
313 1282 490 1332 Orpheus
511 1290 661 1331 praeter
680 1286 755 1321 alia
774 1298 814 1320 se
836 1286 1022 1321 cecinisse
1037 1286 1091 1320 ait
1102 1283 1313 1334 Argonaut.
1330 1297 1430 1321 vers.
1443 1286 1518 1324 26.

164 1335 396 1391 Δημητρός
415 1354 458 1379 τε
482 1335 642 1391 πλάνην
664 1356 732 1378 και
760 1336 1027 1392 Φεοσεᾳόνης
1049 1338 1154 1391 μέῃα
1175 1337 1342 1385 πένθος.

77 1396 189 1440 Quod
218 1404 345 1433 tamen
372 1409 513 1433 nomen
533 1409 625 1434 cum
640 1398 795 1447 longius
819 1410 841 1434 a
862 1411 886 1434 v
890 1398 1039 1447 estigiis
1059 1398 1269 1443 scripturae
1288 1397 1432 1433 v·ete1is
1459 1409 1521 1432 re-

75 1452 208 1499 cedat,
234 1454 358 1503 magis
387 1459 431 1489 ut
455 1452 728 1490 considerandi
756 1455 866 1504 copia
887 1460 1010 1499 esset,
1046 1464 1161 1501 quam
1178 1458 1220 1490 ut
1238 1465 1307 1502 pro
1333 1465 1426 1489 vero
1448 1465 1523 1501 pu-

74 1515 245 1554 taretur,
273 1509 446 1556 adposui.
486 1508 621 1546 VVESS.

193 1566 297 1604 107.
323 1566 394 1604 19.
419 1561 624 1617 Ὀσίοιὸὀς
645 1562 840 1617 τελετὴν]
870 1564 995 1602 Antea
1013 1564 1108 1602 haec
1127 1565 1324 1616 tetigimus
1347 1577 1427 1614 cap.
1452 1566 1524 1605 14.

76 1622 154 1660 22.
177 1621 251 1660 23.
275 1628 346 1657 etc.
381 1620 517 1659 WEss,

198 1678 298 1716 107.
319 1678 392 1715 22.
425 1673 493 1714 Ἔν
524 1672 628 1715 ‹7601›
662 1675 889 1728 τιμωοιάς]
927 1677 1105 1715 Fortasse
1125 1676 1217 1713 haec
1236 1683 1302 1716 aut
1320 1689 1526 1727 argumen-

77 1739 159 1770 tum
195 1740 260 1769 aut
287 1735 368 1770 eius
400 1734 527 1780 operis
548 1745 658 1781 pars,
699 1733 799 1780 quod
821 1733 893 1778 Εἷς
914 1730 1017 1787 {idm}
1041 1728 1273 1782 κατάβασιν
1295 1735 1523 1781 inscriptum

79 1788 231 1838 Orpheo
254 1789 537 1836 attribuerunt,
572 1789 618 1825 de
641 1802 714 1839 quo
732 1790 843 1839 plura
865 1789 964 1826 And.
984 1788 1126 1828 Christ.
1149 1787 1413 1827 Eschenbach.
1430 1788 1523 1837 Epi—

77 1858 164 1896 gen.
194 1857 230 1893 p.
259 1847 360 1885 187.
390 1844 525 1882 wssss.

192 1903 295 1941 107.
324 1901 400 1940 25.
446 1897 730 1951 Ψυχοπομπον
760 1895 947 1953 εΕομῆν]
978 1899 1162 1938 Mercurii
1186 1899 1288 1944 hunc
1316 1907 1355 1936 et
1378 1900 1523 1938 similes

79 1969 127 1993 ex
160 1959 328 2006 inposito
364 1957 586 1994 umbrarum
614 1957 922 1994 deducendarum
952 1970 1109 1994 munere
1138 1958 1274 1993 titulos
1298 1958 1526 2004 explanavit

79 2012 127 2050 T.
146 2012 364 2052 Hemsterh.
387 2016 428 2050 in
452 2013 609 2050 Lucian.
630 2011 842 2063 Contempl.
864 2028 896 2052 c.
922 2015 982 2060 1.;
1028 2012 1142 2049 habet
1169 2012 1334 2049 eundem
1353 2013 1453 2049 l'lut.
1475 2010 1524 2048 T.

78 2068 126 2106 ll.
149 2082 183 2118 p.
210 2071 313 2110 566.
332 2068 375 2105 Β.
404 2075 443 2106 et
460 2068 637 2106 Eustath.
655 2072 697 2106 in
718 2069 876 2108 Homer.
900 2083 935 2119 p.
958 2070 1121 2116 1951.;
1156 2070 1303 2117 alioqui
1325 2081 1374 2105 ex
1391 2081 1527 2105 caussa

77 2137 158 2162 non
192 2126 371 2164 dissimili
397 2125 670 2177 ψυχοπομποὶ
701 2128 1013 2176 praestigiatores
1042 2127 1125 2171 illi,
1164 2127 1230 2172 qui
1257 2125 1527 2163 defunctorum

79 2184 227 2218 animas
253 2183 427 2227 ciebant,
452 2189 496 2219 ut
516 2184 556 2218 in
577 2181 717 2231 Synes.
734 2182 780 2218 (le
801 2182 968 2219 Insomn.
992 2194 1026 2230 p.
1052 2182 1152 2221 148.
1174 2179 1214 2218 C.
1233 2188 1271 2217 et
1292 2183 1373 2218 eius
1394 2179 1525 2216 Schol.

78 2236 298 2286 Nicephoro
327 2251 362 2288 p.
382 2239 489 2278 412.
543 2240 658 2274 sicuti
687 2245 725 2274 et
745 2237 987 2290 ψυχαγοψοὶ
1016 2237 1195 2286 Euripidi
1224 2236 1364 2273 Alcest.
1389 2238 1524 2276 1128.

80 2292 244 2330 Pausan.
264 2293 330 2330 lll.
356 2297 426 2334 18.
457 2293 627 2330 Maximo
653 2292 748 2343 Tyr.
769 2293 932 2331 Dissert.
951 2293 1099 2331 XXVI.
1120 2306 1155 2361 p.
1177 2294 1278 2333 151·
1307 2292 1411 2329 Bene
1431 2305 1524 2342 crgo

80 2345 325 2399 Phrynichus
347 2352 389 2386 in
411 2349 596 2388 Biblioth.
619 2348 777 2387 Coislin.
810 2364 846 2400 p.
870 2351 977 2391 469
1029 2364 1067 2389 οι
1090 2348 1131 2387 δ’
1167 2348 1331 2402 ἀοχαῖοι
1361 2348 1525 2400 (ψυγα-

80 2402 255 2457 γωὶοις)
276 2403 372 2452 τοὺς
399 2404 475 2452 τὰς
492 2403 634 2457 ψυχὰς
656 2407 739 2445 τῶν
759 2402 1024 2458 τεθνηκοτων
1042 2404 1244 2457 γοητείαις
1276 2418 1380 2444 τισιν
1402 2402 1442 2456 ά)
1444 2419 1525 2442 ον-

81 2475 179 2506 τας,
214 2463 287 2512 τῆς
310 2460 439 2513 αὐτῆς
469 2461 626 2508 ἐννοίας
655 2477 723 2500 και
752 2464 827 2501 τοῦ
852 2432 1069 2512 Αἰσχύλου
1091 2459 1136 2500 τὸ
1161 2461 1302 2514 ὸρᾶιια
1323 2459 1526 2512 Ψυχαγω-

84 2512 168 2568 ῃός.
194 2516 258 2553 Sic
279 2520 381 2554 enim
399 2531 443 2555 ea
461 2519 649 2569 distingui
669 2525 900 2566 oportuerat.
934 2518 1070 2555 XVEss.

204 2574 303 2612 108.
330 2575 405 2614 28.
434 2572 523 2626 Τὴν
552 2576 626 2613 τοῦ
657 2573 869 2626 Κωβέρου
902 2571 1142 2626 ποοτοιιὴι]
1184 2574 1349 2610 Pravam
1369 2572 1526 2608 Eusebii

85 2626 307 2679 πεοιτομὴν
328 2637 431 2666 recte
451 2632 616 2679 explosit
634 2630 951 2681 diligentissimus
963 2630 1085 2667 Pauli.
1103 2629 1287 2679 Leopard.
1299 2628 1344 2664 V.
1364 2626 1523 2664 Emend

89 2687 128 2724 8.
154 2686 366 2733 similiaque
386 2684 549 2723 Diodori
567 2688 652 2723 loca
672 2689 889 2737 congessit,
915 2700 1011 2738 quac
1030 2698 1108 2722 non
1129 2686 1316 2721 exscribo.
1354 2684 1525 2735 Προϊο-

85 2738 168 2790 μὰς
197 2736 367 2791 μόσχων
395 2740 943 2793 auctorl.Reg.1o.19.ex
963 2741 1312 2779 Alexandrinorum
1335 2742 1530 2783 versione,
