1828 3253
383 211 449 254 IN
478 211 590 254 LIB.
617 211 760 255 XIII.
784 210 915 255 CAP.
946 208 1094 257 645-
1115 218 1189 259 66.
1444 222 1534 265 675

203 327 309 369 593.
329 326 372 367 4.
391 323 469 367 ⁶0³1
489 324 529 367 οἳ
546 322 750 374 Λάκωνες
769 322 983 381 ἁρμοστὴν
1004 323 1189 380 ἐκάλουν]
1204 328 1300 368 Vide
1311 330 1472 371 1..X1v.
1487 335 1528 375 3.

91 390 129 422 et
139 396 220 433 cap.
239 386 309 425 10.
331 383 534 422 Mittebant
555 383 768 433 Spartani
756 397 797 420 m
816 386 1033 433 provincias
1053 385 1240 435 urbesque
1263 400 1352 425 suae
1371 389 1530 429 ditionis

87 443 377 491 magistratum,
406 452 515 488 quem
537 453 560 476 a
587 441 699 477 rebus
721 439 946 477 ordinandis
967 447 1004 477 et
1023 443 1283 488 conponendis
1314 439 1529 498 αρμοστὴν

88 497 370 544 nuncupabant.
397 496 590 544 Appianus
609 495 702 532 Bell.
727 494 840 534 Civil.
865 496 905 532 L.
930 495 993 532 lv.
1015 510 1050 545 Ρ.
1073 497 1177 536 957.
1201 499 1246 535 de
1267 500 1527 551 triumviratu,

87 550 139 603 ἣν
160 550 209 591 ἄν
230 566 290 598 τις
304 546 549 602 Ε2-λήιων
530 549 740 601 αριιοστὰς
768 548 1026 600 ὀιχνοιιάσειει,
1059 549 1081 590 ὃ
1113 553 1179 591 καὶ
1198 555 1528 606 Λακεὸαιιιοιιοι

87 613 174 653 τοῖς
195 606 514 656 καθισταιιέιοις
534 605 584 645 τὰ
605 603 766 657 ὑπήκοα
794 604 1011 646 311'305110’
999 605 1142 658 όιᾝομα
1175 609 1361 649 Nimirum
1393 615 1527 651 trium..

88 665 165 701 viri
197 664 426 712 reipublicae
454 663 740 700 constituendae
764 663 1008 709 dicebantur,
1039 672 1149 712 atque
1177 668 1230 702 ita
1251 668 1524 715 quadamtenus

89 713 404 768 Spartanorum‘
385 724 611 769 αρμοσταῖς
632 719 933 767 conveniebant,
973 721 1117 767 alioqui
1136 724 1317 769 ampliore
1339 732 1524 771 potestate

87 777 279 812 instructi.
306 774 510 824 Eleganter
533 775 721 812 Aristides
754 773 799 811 T.
822 775 849 811 Ι.
872 788 907 823 p.
928 776 1031 816 368.
1062 783 1246 814 mutatum
1266 781 1383 817 totius
1404 781 1525 819 Grae-

88 833 168 867 ciae
190 829 359 867 habitum
372 838 457 878 post
468 829 636 867 Cononis
657 834 696 868 in
715 833 875 879 patriam
893 832 1057 869 reditum
1075 832 1306 881 describens,
1324 834 1473 886 ἐπίμῃ)
1478 854 1526 877 α..

86 900 133 925 το
167 885 210 925 de*
239 902 264 937 η
295 881 381 925 θάλ
386 901 512 933 arra,
554 888 702 935 inquit,
752 889 834 925 τῶν
865 882 1085 938 ἁρμοστῶν
1116 886 1415 939 ἐκπιπτόντων,
1455 892 1527 933 ἅτε

85 938 375 992 ἀναρμόστων,
402 957 468 980 κσι
491 939 538 981 οὐ
562 940 667 981 κατὰ
687 939 733 981 τὸ
761 940 892 993 ὄνομα
914 942 1305 994 ἐγκατασταθέντων
1327 963 1394 986 και
1415 946 1529 999 ἐχω-

85 1012 168 1036 των
189 995 294 1044 τὰς]
284 993 360 1036 πό).
366 1012 432 1043 εις.
463 998 585 1046 Atque
605 998 645 1035 hi
667 998 817 1048 quidem
838 1001 877 1035 in
899 1001 1118 1046 provincias
1137 1002 1308 1050 abibant,
1331 1016 1354 1040 a
1372 1003 1527 1043 Plutar-

88 1053 160 1091 cho
182 1056 296 1090 etiam
315 1054 355 1090 in
375 1052 553 1105 Lycurgo
574 1069 609 1104 p.
638 1056 707 1095 58.
729 1054 775 1093 E.
781 1055 898 1101 ,ubi
888 1068 928 1091 in
949 1068 1090 1104 nupera
1109 1057 1278 1095 editione
1305 1061 1389 1096 sine
1411 1075 1527 1099 eaus-

88 1123 131 1146 sa
149 1109 330 1159 quaedam
350 1118 567 1156 mutantur,
594 1113 803 1147 memorati.
851 1110 960 1147 Alius
982 1115 1134 1161 generis
1157 1122 1236 1160 est,
1265 1115 1311 1151 de
1334 1127 1408 1164 quo
1429 1116 1526 1155 Dio-

87 1167 223 1216 nysius
247 1163 355 1202 Rom.
375 1165 505 1214 Anti.q
524 1165 567 1204 L.
588 1166 634 1203 V.
655 1179 690 1216 p.
716 1167 819 1206 337
812 1193 835 1212 .,
865 1180 984 1215 paene
1013 1168 1164 1205 infinito
1195 1172 1352 1219 imperio
1376 1173 1421 1208 ad
1444 1187 1525 1212 rem

87 1222 299 1272 publicam,
333 1224 368 1258 si
395 1233 468 1270 qua
498 1223 681 1269 labasset,
711 1223 994 1259 instaurandam
1017 1225 1231 1272 praeditus,
1262 1234 1305 1263 ut
1325 1227 1418 1264 bene
1438 1229 1526 1268 Nic.

88 1277 248 1328 Cragius
267 1277 313 1314 de
336 1276 429 1326 Rep.
449 1277 670 1316 Lacedaem.
695 1277 737 1314 L.
762 1277 809 1314 ΙΙ
837 1279 905 1317 13.
935 1279 1066 1327 Neque
1092 1279 1163 1317 huc
1186 1285 1352 1330 pertinet
1377 1296 1423 1320 ex
1447 1285 1528 1323 De-

85 1340 272 1371 mostrato
309 1333 408 1382 apud
448 1334 595 1370 Aelian.
635 1333 739 1370 Hist.
772 1333 937 1370 Animal.
967 1334 1008 1370 L.
1037 1335 1147 1372 Xlll.
1175 1340 1248 1376 21.
1280 1341 1362 1377 τῶν
1392 1338 1439 1378 δέ
1466 1356 1529 1388 τις

86 1404 170 1429 των
192 1388 235 1427 ἐκ
261 1390 416 1440 βουλῆς
437 1384 702 1442 ἁρμοζόντων
720 1385 856 1442 κλὴρω
881 1387 955 1440 τὴν
976 1384 1167 1429 ίΕ22.άὸιιι.
1209 1393 1391 1432 Glaeciae
1412 1398 1527 1445 enim,

88 1448 170 1483 sive
202 1444 366 1482 Achaiae
398 1447 603 1493 proconsul
631 1452 712 1491 est,
742 1447 856 1482 sicuti
887 1445 987 1493 apud
1014 1446 1172 1486 Lucian.
1205 1447 1348 1489 Toxar.
1385 1465 1416 1487 c.
1452 1455 1524 1492 17

87 1497 324 1553 ἁρμοστὴς,
353 1498 399 1547 ὃς
418 1498 568 1552 ἥρμοζε-
588 1499 662 1552 τὴν
683 1498 825 1539 Ἀσίαν
845 1497 959 1549 τότε,
991 1505 1056 1551 qui
1077 1507 1341 1551 proconsulari
1366 1509 1527 1555 imperio

87 1559 309 1608 pro-vinciae
332 1556 443 1594 Asiae
465 1565 647 1607 praeerat.
694 1556 814 1603 Nam,
843 1560 907 1605 qui
927 1557 972 1593 de
992 1557 1195 1597 Persarum
1214 1568 1365 1611 satrapa
1385 1577 1429 1600 ea
1449 1564 1528 1601 Lu-

91 1616 195 1650 ciani
229 1615 444 1662 accipiunt,
485 1614 622 1650 seriem
651 1626 778 1649 rerum
803 1615 1096 1661 perscriptarum
1126 1628 1203 1652 non
1226 1617 1448 1656 observant:
1489 1627 1528 1657 et

91 1671 217 1706 solent
235 1682 344 1718 saepe
366 1668 516 1715 Graeci,
546 1681 700 1717 prorsus
721 1671 777 1706 uti
796 1667 937 1714 Latini,
957 1672 1111 1707 nomina
1129 1675 1418 1722 magistratuum
1438 1689 1531 1713 suae

87 1727 214 1777 gentis
233 1725 280 1761 ad
301 1726 398 1761 alius
420 1727 548 1774 populi
566 1725 779 1772 praefectos
800 1723 1068 1762 describendos
1089 1729 1308 1765 transferre.
1337 1729 1471 1768 Wizss.

206 1781 310 1820 593.
345 1783 383 1821 7.
438 1778 711 1832 Ἕῤῥωμένως
752 1777 1095 1832 ἀγωνισαμένων]
1146 1782 1346 1834 Obsequor
1373 1788 1530 1834 scriptis

89 1838 333 1883 membranis,
360 1839 431 1873 etsi
450 1838 647 1887 vulgatum
668 1837 867 1888 λαμπρῶς
880 1835 1050 1873 Diodoro
1071 1838 1310 1887 frequentius
1328 1843 1529 1890 placuerit.

89 1893 150 1932 De
172 1907 214 1931 re
235 1896 317 1941 ipsa
337 1891 555 1942 Xenophon
573 1892 726 1930 Hellen.
748 1891 789 1928 L.
814 1891 841 1928 l.
860 1906 897 1941 p.
921 1893 1027 1932 339.
1059 1892 1193 1934 Wnss,

208 1951 311 1989 594.
344 1950 418 1988 20.
458 1950 638 2001 Πρῶτον
665 1946 739 1998 μὲν
771 1947 1008 1999 Σηλυβρίαν
1037 1949 1139 1999 ete.]
1185 1950 1217 1987 A
1242 1950 1358 2002 Selye
1379 1960 1417 1989 et
1435 1967 1531 1991 voce

86 2005 232 2059 βριάς,
268 2005 400 2042 urbem
421 2003 634 2041 Thracibus
659 2011 837 2050 notante,
873 2018 958 2041 cum
978 2006 1204 2050 vocabulum
1234 2011 1285 2044 sit
1314 2009 1533 2057 conflatum,

91 2070 187 2100 teste
213 2060 423 2107 Strabone,
462 2059 699 2112 Σηλυβρίαν
727 2060 859 2097 itidem
880 2060 1090 2109 scribente,
1122 2061 1164 2099 L.
1185 2062 1268 2100 Vll.
1292 2077 1326 2113 Ρ.
1350 2067 1458 2105 491.
1476 2065 1533 2113 C.,

93 2121 148 2156 sic
159 2124 337 2167 praestat,
348 2129 470 2164 neque
489 2118 601 2153 aliter
620 2124 684 2152 aut
694 2115 912 2165 Xenophon
923 2115 1073 2153 Hellen.
1096 2117 1124 2154 Ι.
1143 2131 1179 2167 Ρ.
1197 2120 1300 2158 335.
1323 2128 1360 2158 et
1379 2133 1412 2169 p.
1425 2123 1532 2161 339.

93 2183 160 2211 aut
178 2173 276 2210 Plut.
300 2174 422 2212 Alcib.
446 2186 480 2222 p.
493 2174 599 2213 208.
610 2173 654 2208 A.
677 2171 719 2208 ln
742 2171 998 2208 Demosthene
1019 2172 1124 2210 Orat.
1146 2174 1190 2210 de
1207 2173 1357 2213 Corona
1377 2189 1413 2226 Ρ.
1431 2179 1535 2218 148.

95 2243 198 2266 nunc
220 2229 540 2281 Σηλυμβριαιοὶ,
570 2230 610 2265 in
634 2229 798 2265 vetustis
822 2241 913 2264 vero
938 2228 1086 2265 schedis
1106 2228 1396 2298 Ση2.υβριαι”.οι
1442 2234 1536 2270 Pes-

96 2288 189 2323 sime
213 2284 579 2332 apudThemistium
591 2285 698 2320 Orat.
710 2283 903 2332 XX111.p.
918 2286 1023 2323 290
1050 2282 1374 2338 Ev2-Wp’9cav6g.
1399 2289 1448 2325 W
1452 2300 1534 2326 Ess.

211 2341 315 2380 594.
336 2342 409 2380 26
439 2336 571 2379 Πό2ιν
589 2336 720 2391 βάρος
741 2337 940 2389 ἔχοι-σαν]
971 2340 1065 2377 vide
1084 2340 1131 2377 ad
1154 2340 1195 2378 L.
1215 2342 1277 2380 lv.
1303 2346 1376 2384 61.
1398 2345 1538 2385 lVEss.

213 2398 316 2436 594.
341 2397 415 2436 35.
447 2394 708 2447 Προίὸωκαν
737 2393 812 2446 τὴν
836 2391 982 2446 πόλιν]
1013 2395 1198 2434 Nominat
1216 2399 1444 2446 proditionis
1464 2415 1538 2438 au-

99 2460 223 2491 ctores
240 2451 457 2501 Xenophon
476 2450 710 2489 Rer.Graec.
732 2450 774 2487 L.
797 2450 827 2489 Ι.
858 2464 891 2500 Ρ.
913 2452 1031 2499 34Ο.,
1054 2463 1213 2500 quorum
1231 2457 1440 2505 principem
1461 2457 1539 2494 Po-

99 2511 259 2559 lyaenus
277 2521 355 2545 non
374 2511 623 2556 praeterierat
643 2510 755 2553 olim,
799 2507 1042 2544 librariorum
1066 2511 1300 2560 negligentia
1320 2525 1422 2548 nunc
1443 2513 1538 2550 adeo

100 2566 364 2610 obscuratum,
394 2572 437 2600 ut
459 2567 617 2615 agnosci
638 2566 706 2601 vix
730 2564 906 2611 potuerit.
954 2562 1214 2602 Restituamus
1228 2579 1326 2631 ergo
1345 2567 1539 2605 hominem

101 2634 209 2658 suum
229 2623 269 2657 in
291 2622 426 2657 locum.
454 2621 578 2657 Verba
599 2621 639 2657 L.
662 2620 689 2656 Ι.
710 2621 783 2659 47.
808 2620 849 2657 2.
882 2618 972 2656 baec
994 2628 1104 2657 sunt:
1147 2617 1390 2670 Θράσυλλος
1413 2639 1479 2661 και
1501 2638 1540 2663 οι

97 2676 188 2729 περὶ
211 2674 262 2715 αι’·
266 2673 337 2715 τὸν
357 2676 576 2727 or9atrl2oi
590 2675 728 2723 Βιζαι
732 2674 830 2720 τιόις
850 2672 999 2713 {nizea
1004 2690 1048 2716 το
1069 2691 1158 2741 περι
1180 2677 1335 2723 ιαξιάι.
1354 2676 1392 2717 οἱ
1415 2693 1541 2730 στρα-

97 2732 212 2784 τηγοὶ
232 2731 470 2780 Βυζαντίων
491 2731 695 2777 ὸείσαντες
714 2728 771 2782 μὴ
796 2727 900 2768 κατὰ
923 2727 1072 2781 κράτος
1096 2728 1120 2783 ἡ
1149 2729 1266 2778 πόλις
1286 2729 1395 2781 ἁλῶ,
1427 2732 1542 2773 συνέ-

99 2791 224 2827 θεντο
242 2802 344 2840 7⁰0²
347 2802 407 2833 ον,
434 2786 476 2825 ἐν
501 2786 532 2826 (ὁ
556 2783 850 2838 παραδώσουσι
871 2783 917 2824 τὸ
942 2783 1166 2835 Βυζάντιον
1186 2796 1258 2825 etc.
1286 2790 1454 2839 Quisque
1478 2792 1540 2828 vi·-

97 2845 178 2895 det,
208 2841 259 2883 τὰ
279 2857 370 2896 περι
391 2829 534 2892 ναξιαιν
555 2843 668 2882 nihili
687 2855 783 2890 esse,
815 2843 990 2892 neglecta
1010 2855 1158 2893 quoque
1181 2844 1228 2881 ab
1249 2846 1470 2895 interprete,
1498 2858 1543 2885 ea

1167 2900 1261 2940 43*
