1828 3253
339 160 427 201 112
795 156 1310 200 ANNOTATIONES

336 266 633 324 τετρακοσίων,
654 268 722 312 καὶ
750 267 922 320 τοῦτους
947 270 1134 326 ἐγγενεῖς,
1161 274 1393 325 gubernasse
1422 272 1637 327 Aegyptum
1657 276 1762 325 plus-

336 340 449 377 quam
477 338 656 365 ccchxx
684 341 815 380 reges,
848 341 986 378 eosque
1012 330 1226 381 indigenas.
1281 331 1349 369 Sic
1379 338 1486 369 certe
1517 346 1602 369 cum
1630 334 1759 370 altero

335 383 509 421 Diodori
525 385 608 422 loco
631 398 716 437 cap.
735 386 809 425 44.
839 385 903 423 Ιιὶο
922 388 1004 438 ipse
1024 389 1082 423 sic
1101 389 1201 425 satis
1219 395 1468 437 congrueret.
1519 387 1600 426 Sed
1619 395 1761 435 tamen,

336 453 451 491 quum
478 447 558 478 tam
579 442 733 479 incerta
749 444 802 479 sie
821 448 861 480 et
877 444 1033 480 dissona
1058 441 1338 494 Aegyptiorum
1361 443 1762 494 Cl21·onologia,⁷1zu-

336 503 426 534 tare
444 497 544 534 nihil
561 498 705 548 absque
725 498 927 536 MStorum
949 512 1018 550 ope
1039 502 1176 546 (casim,
1206 500 1354 551 Oriffin.
1375 500 1551 550 Aegypti.
1584 513 1664 549 cap.
1689 503 1758 541 ll.

334 566 371 602 p.
391 555 496 593 206.
526 553 659 593 Wsss.
690 554 804 592 Nulla
822 554 884 592 hic
902 558 1164 605 repugnantia.
1191 555 1353 593 Dixerat
1369 556 1562 594 Diodorus
1582 556 1610 594 l.
1633 571 1664 594 c.
1684 557 1759 597 44

333 607 507 647 homines
533 622 652 659 usque
679 611 728 648 ad
759 611 822 650 Ol.
849 613 950 652 180.
987 610 1162 663 Aegypto
1185 614 1388 660 imperasse
1419 610 1487 664 ἔτη
1515 609 1653 665 βραχὺ
1683 612 1761 651 λεί-

331 679 462 705 ποντα
490 668 573 705 τῶν
602 667 950 717 πεντακιςχιλίων,
989 680 1148 716 quorum
1165 681 1352 707 annorum
1373 669 1431 710 36
1461 682 1582 706 annos
1605 669 1762 706 Aethio-

330 731 422 770 pes,
453 723 542 762 130
561 722 720 771 Persas,
749 726 841 764 276
864 723 1091 762 Macedones
1110 738 1282 776 regnum
1293 739 1506 774 occupasse.
1529 725 1614 762 Hoc
1633 732 1760 763 autem

328 778 414 815 loco
436 791 550 828 quum
567 775 781 831 Αἰγύπτου
811 779 933 819 πλείω
953 784 1035 820 τῶν
1051 777 1318 841 'canoniam
1345 781 1411 820 καὶ
1436 781 1759 832 τετρακιςχιλίων

329 832 432 873 ἐτῶν
452 836 575 884 βασι)
579 837 693 874 εὗσαι
715 833 811 882 τοὺς
830 836 989 883 πλείους
1008 835 1174 889 ἐγγενεῖς
1193 838 1310 884 dicit,
1335 845 1483 887 tempus
1504 838 1599 874 illud
1619 850 1668 874 ex
1684 850 1759 888 quo

330 889 559 928 Macedones
590 895 812 930 continuum
842 896 1040 941 imperium
1061 894 1241 931 tenebant
1266 894 1442 931 detraxit.
1485 893 1636 931 Exinde
1657 895 1760 932 enim

327 946 532 997 indigenae
551 961 673 998 reges,
701 951 766 997 qui
786 948 854 985 sub
875 947 1003 986 Persis
1023 949 1342 999 Aethiopibusque
1362 952 1561 1000 imperium
1578 963 1760 987 nonnun-

329 1013 442 1050 quam
460 1011 788 1053 recuperaverant,
802 1007 952 1053 penitus
973 1013 1061 1042 sunt
1080 1007 1226 1044 aboliti.
1257 1005 1362 1043 Infra
1383 1019 1413 1043 c.
1441 1008 1513 1046 95
1542 1005 1584 1044 ἓν
1608 1005 1651 1044 δὲ
1671 1010 1758 1051 τοῖς

323 1073 495 1111 υστερον
508 1055 675 1113 χρόνοις
694 1058 827 1099 πολλὰ
846 1062 928 1099 τῶν
939 1062 1049 1099 καὶ
1020 1076 1074 1107 ως
1086 1059 1186 1112 ἔχειν
1207 1057 1633 1112 ὁοκούιτωνιομιμων
1653 1060 1759 1115 φασὶ

323 1117 558 1167 κινηθῆναι,
593 1112 856 1155 Μακεδόνων
885 1113 1244 1169 ἐπικρατησάντων
1271 1117 1338 1157 καὶ
1359 1119 1488 1157 κατα)
1491 1113 1679 1157 υσάντων
1701 1116 1757 1165 εἷς

322 1168 439 1218 τέλος
468 1169 542 1224 τὴν
560 1173 685 1222 βασι)
689 1171 774 1211 είαν
802 1175 885 1212 τῶν
904 1172 1120 1241 ἐγχωρίων.

441 1230 511 1269 80
531 1231 606 1269 29.
642 1228 729 1268 Καὶ
758 1227 1096 1283 συνεγράψαντο]
1133 1229 1179 1267 ln
1207 1230 1431 1280 quibusdam
1458 1237 1606 1268 tantum
1628 1242 1756 1268 exem-

325 1286 494 1334 plaribus
517 1293 607 1323 sunt
630 1284 723 1323 haec
745 1286 863 1324 verba
880 1285 946 1325 καὶ
970 1301 1019 1325 συ
1024 1282 1233 1339 νεγράψαι
1236 1302 1295 1334 το,
1314 1294 1357 1324 tut
1376 1290 1548 1336 apposita
1568 1288 1646 1324 illis
1665 1294 1756 1323 nota

325 1342 504 1380 declarat.
560 1342 605 1380 In
627 1344 733 1379 nullo
753 1349 856 1380 certe
876 1356 958 1379 esse
978 1343 1178 1389 deberent,
1210 1350 1338 1393 utpote
1360 1345 1610 1392 supposititia.
1655 1342 1755 1381 Nam

323 1410 505 1447 quorsum
527 1398 720 1436 Diodorus
741 1407 828 1464 post
847 1396 1104 1449 εσχεὸιάκασι
1125 1400 1242 1437 verba
1260 1401 1326 1436 illa
1346 1397 1630 1436 subiunxisset'l
1669 1411 1755 1447 per-

321 1455 414 1493 inde
439 1463 496 1493 est
526 1457 628 1493 enim
659 1469 703 1493 ac
719 1456 752 1492 si
772 1456 934 1493 dixisset
951 1451 1178 1506 εψείνσαντο
1199 1455 1266 1494 καὶ
1291 1451 1614 1508 συνεγράψαντο.
1656 1455 1756 1493 Nam

324 1509 565 1562 σχεδιάζειν,
607 1519 648 1550 ut
665 1513 710 1549 ab
729 1514 795 1548 ali
786 1526 839 1558 ιε,
877 1514 932 1549 sic
953 1519 991 1549 et
1017 1513 1063 1548 ab
1085 1525 1130 1549 eo
1149 1515 1333 1561 accipitur
1352 1512 1541 1549 interdum
1560 1524 1629 1560 pro
1647 1507 1754 1562 ψεύ-

325 1568 498 1616 δεσθαι,
520 1570 701 1616 mentiri,
731 1570 978 1618 confinger,e
1008 1570 1262 1637 comminisci,
1285 1569 1394 1606 verbi
1411 1571 1547 1619 ‹ri-ntia,
1577 1581 1662 1619 pag.
1679 1568 1754 1608 25.

319 1629 557 1694 περιφανῶς
588 1621 608 1664 ὃ
640 1639 739 1677 συγγ
742 1640 825 1678 ραᾳ
832 1640 896 1671 εις
927 1621 1145 1675 σχεδιάζων
1173 1620 1328 1673 εἱρίσκε
1334 1639 1411 1662 ται.
1447 1619 1550 1661 ubi‘
1531 1640 1551 1663 0
1576 1639 1754 1677 συγγρα-

322 1696 424 1734 φευς
455 1690 513 1719 est
538 1682 672 1720 itidem
701 1681 931 1719 Herodotus.
981 1680 1047 1718 Sic
1071 1689 1108 1718 et
1125 1683 1165 1718 in
1189 1689 1358 1718 extrema
1383 1694 1466 1731 pag.
1491 1681 1560 1720 13
1587 1695 1685 1726 τους
1708 1678 1753 1719 dc?

320 1736 514 1791 λέγοντας
543 1754 585 1777 εν
609 1734 770 1790 Θηβαις
791 1740 865 1790 τῆς
887 1737 1091 1784 Βοιωτίας
1114 1735 1315 1789 γεγονέναι
1344 1735 1417 1776 τὸν
1436 1734 1507 1775 θε
1476 1752 1537 1776 ον
1558 1736 1600 1776 ἐκ
1623 1735 1754 1787 Σεμέ-

320 1795 396 1846 λης
424 1795 491 1834 καὶ
513 1791 639 1842 Διὸς,
680 1793 785 1848 φασὶ
808 1790 1041 1844 σχεδιάζειν.
1101 1792 1179 1830 Sed
1197 1793 1256 1830 his
1279 1796 1320 1830 in
1340 1794 1434 1830 locis
1453 1794 1623 1831 absolute
1642 1795 1754 1842 poni-

322 1857 386 1888 tur
405 1859 443 1888 et
463 1847 734 1903 ἀμεταβάτως
753 1852 912 1889 verbum
934 1846 1173 1901 σγεὸιάζειντ
1201 1857 1241 1887 at
1261 1852 1301 1887 in
1329 1852 1410 1887 loco
1441 1850 1487 1886 de
1517 1861 1591 1897 quo
1626 1852 1754 1900 agitur

321 1911 583 1946 accusativum
604 1907 728 1945 habet.
784 1906 962 1944 Fortasse
994 1914 1119 1944 autem
1148 1905 1240 1942 haec
1261 1907 1377 1943 verba
1409 1920 1428 1942 e
1455 1905 1601 1943 scholio
1619 1919 1752 1944 mana-

320 1971 435 2012 runt,
465 1965 531 2002 sed
551 1965 780 2014 depravat03
807 1963 994 2012 siquidem
1011 1963 1191 2000 credibile
1219 1968 1278 1998 est
1303 1964 1468 2011 aliquem
1495 1958 1751 2013 ἔσχεὸιάκασι

321 2024 563 2069 exposuisse,
612 2020 780 2070 ψευδῶς
813 2015 1147 2071 συνεγράψαντοτ
1197 2031 1356 2067 quorum
1383 2019 1520 2056 deinde
1547 2019 1751 2056 verborum

320 2090 439 2115 unum
458 2080 499 2115 in
519 2084 740 2114 contextum
756 2078 963 2126 irrepserit,
986 2077 1105 2112 altero
1126 2087 1191 2122 per
1215 2077 1401 2112 incuriam
1423 2078 1574 2112 omisso.
1594 2073 1748 2112 STEPH.

315 2129 596 2184 Ἕσχεδιάκασι
616 2132 683 2172 καὶ
703 2127 1044 2183 συνεγράψαντο]
1074 2130 1309 2168 scholiastes
1329 2145 1396 2180 per
1414 2133 1602 2179 posterius
1627 2132 1751 2181 expli-

321 2203 409 2227 care
426 2192 550 2228 voluit
570 2192 698 2239 prius3
738 2188 804 2225 sed
830 2200 943 2237 quam
959 2195 1083 2235 recte,
1112 2187 1283 2224 iudicent
1305 2189 1384 2235 illi,
1417 2191 1482 2236 qui
1503 2200 1576 2237 quo
1599 2187 1749 2238 signifi-

318 2253 406 2284 catu
424 2254 556 2284 auctor
577 2242 622 2284 τὸ
645 2240 864 2296 σχεδιάζειν
884 2251 1059 2293 usurpet,
1085 2250 1189 2281 reete
1209 2246 1483 2282 intellexerint.
1523 2242 1654 2280 Mendi
1673 2245 1751 2294 igi-

319 2309 384 2340 tur
415 2301 526 2340 huius
553 2302 658 2339 labes
685 2302 847 2340 eluatur.
890 2299 1026 2337 RfloD.
1068 2296 1394 2351 Ἐσχεὸιάκασιν,
1425 2296 1619 2347 ἑκουσίως
1646 2301 1745 2350 etc.]

287 2359 289 2361 ’
319 2359 406 2398 Vid.
438 2371 552 2408 supra
583 2372 615 2395 c.
643 2358 720 2398 23.
761 2355 875 2393 Haud
904 2364 1052 2406 praeter
1072 2370 1206 2395 verum
1228 2356 1274 2393 de
1303 2356 1374 2393 hoc
1395 2355 1591 2393 hominum
1606 2370 1747 2407 genere

321 2415 491 2461 Seneca,
529 2416 686 2465 quidam
719 2413 1005 2451 incredibilium
1029 2414 1163 2450 relatu
1190 2414 1560 2450 commendationem
1577 2419 1749 2465 parant,

320 2479 362 2509 et
377 2473 561 2508 lectorem
581 2472 695 2508 aliud
709 2477 914 2517 acturum,
951 2472 1077 2521 siper
1097 2471 1329 2520 quotidiana
1350 2471 1585 2515 duceretur,
1621 2471 1747 2506 mira-

320 2530 401 2579 culc
426 2529 629 2565 excitant:
674 2528 832 2577 quidam
860 2528 1033 2573 creduli,
1071 2527 1228 2576 quidam
1247 2526 1491 2575 negligentes
1510 2532 1618 2573 sunt,
1658 2527 1746 2576 qui-

317 2585 477 2622 busdam
496 2585 740 2622 mendacium
759 2583 934 2634 obrepit,
967 2582 1195 2634 quibusdam
1206 2583 1356 2633 placet.
1395 2582 1468 2620 Illi
1485 2594 1560 2619 non
1579 2583 1746 2627 evitant,

318 2642 361 2679 Izi
379 2647 582 2693 appetunt.
634 2639 692 2676 Et
708 2639 780 2677 hoc
802 2651 998 2677 commune
1019 2640 1066 2677 de
1086 2645 1170 2676 tota
1189 2641 1372 2685 natione,
1409 2651 1511 2688 qnae
1529 2638 1749 2690 approbari

317 2710 413 2749 opus
431 2709 560 2743 suum,
591 2702 633 2733 et
638 2697 743 2744 fieri
755 2697 953 2747 populare
974 2707 1050 2733 non
1064 2700 1187 2747 patet
1196 2707 1337 2746 posse,
1375 2696 1454 2733 nisi
1469 2695 1569 2734 illud
1584 2695 1745 2732 menda-

315 2756 376 2792 cio
396 2754 605 2805 adspersit.
663 2750 1082 2798 Q.Natur.V11.16.
1119 2750 1254 2789 wass.

427 2811 501 2851 80.
524 2809 598 2855 32.
617 2805 688 2850 ’Er
710 2812 800 2855 ταῖς
818 2805 1106 2861 ἀναγραφαῖς]
1137 2805 1247 2845 conf.
1267 2815 1428 2857 supruc.
1446 2806 1521 2847 44.
1556 2804 1690 2845 Wzss.
