1828 3253
286 171 379 213 700
747 165 1270 207 ANNOTATIONES

282 285 354 379 gr.
382 284 424 321 in
452 280 590 321 Neaer.
617 293 653 332 p.
678 280 786 321 739.
818 280 1039 319 observavit
1063 280 1104 319 S.
1123 281 1273 320 Petitus
1293 280 1335 319 L.
1355 279 1398 319 L.
1418 280 1534 320 Attio.
1563 292 1600 331 1)-
1625 282 1727 323 131.

340 350 424 377 Ess.

398 408 504 447 620
537 405 610 446 74-
635 399 911 456 Ὀγὸοήκοντα
933 399 1051 458 191159
1030 408 1127 452 οεις]
1159 402 1375 452 mel-'024-
1359 422 1384 457 η
1405 401 1626 457 τριάκοντα
1646 404 1730 442 Xe-

286 463 443 514 nophon
466 461 555 499 Rer·
577 461 713 498 Graec·
733 460 776 496 L·
803 460 833 496 l·
858 473 893 509 p-
917 462 1022 501 347.
1060 462 1261 499 Praeterea
1294 461 1455 499 Athenis
1484 464 1644 498 classem
1673 472 1728 498 cx

285 522 501 557 triremium
521 517 678 554 Samum
706 529 841 554 versus
864 520 1032 565 missam,
1064 530 1159 567 quae
1191 530 1221 554 x
1243 519 1385 556 additis
1405 517 1547 555 Samiis
1577 526 1614 555 et
1634 528 1728 554 xxx

287 590 308 613 e
329 578 467 614 ceteris
498 577 612 611 sociis
641 585 841 611 numerum
863 584 908 610 CL
929 581 996 610 aut
1013 578 1186 624 aequarit
1209 575 1400 623 deinceps,
1421 581 1487 611 aut
1506 588 1639 623 parum
1660 587 1728 611 ex-

287 634 470 678 cesserit,
497 630 673 680 prodens.
718 629 779 665 Ad
808 628 900 667 haec
922 628 1188 668 Callicratidae
1212 638 1364 668 centum
1390 631 1580 668 duntaxat
1608 638 1646 667 et
1666 632 1728 668 vi-

287 691 389 740 ginti
411 691 586 724 triremes
606 688 811 732 conmittit,
832 700 924 723 vero
945 689 1143 735 similiora,
1164 695 1206 725 ut
1227 690 1405 733 arbitror,
1426 694 1604 724 sectatus.
1628 686 1729 724 Nam

286 747 443 782 navium
465 742 710 780 multitudine
738 741 809 779 hoc
837 744 981 792 praelio
1006 745 1120 794 longe
1142 745 1356 791 superiores
1375 745 1495 780 fuisse
1516 742 1729 780 Athenien-

284 815 346 839 ses
367 803 480 838 etiam
503 802 612 836 testis
633 799 733 836 Plut.
754 805 812 835 est
834 801 874 836 in
895 799 1133 850 Apophtheg.
1167 799 1307 836 Lacon.
1328 813 1365 849 p.
1387 802 1494 839 222.
1522 800 1656 837 WVESS.

398 878 504 918 620.
531 876 602 916 85.
641 873 836 925 Κειζιιειάι
864 872 1017 926 μεταξὺ
1039 870 1284 926 ΒῙιτυλήνης
1303 874 1392 928 etc.]
1425 875 1661 914 Rhodoman.
1687 877 1729 912 in

283 940 365 972 not.
387 932 561 970 Addend.
585 931 815 981 corrigebat,
843 931 1019 982 κείμεναι
1040 931 1084 971 δὲ
1108 954 1156 960 —
1179 930 1387 982 ἀπέχογσι.
1415 932 1504 969 Νοη
1525 934 1621 969 male
1645 933 1731 981 qui-

287 991 372 1027 dem
394 991 482 1035 ille,
511 991 608 1025 eitra
631 991 898 1025 necessitatem
923 996 1060 1025 tamen.
1107 988 1240 1038 Neque
1260 990 1362 1024 enim
1382 989 1580 1025 insolitum
1603 990 1730 1036 plane,

285 1053 330 1083 ut
352 1048 460 1095 plura
480 1046 681 1093 participia
701 1045 783 1081 sine
804 1052 1054 1082 connectente
1078 1046 1213 1094 copula
1231 1047 1432 1093 stipentur.
1451 1044 1638 1094 Exempla
1660 1044 1729 1081 da-

283 1103 343 1140 bit
365 1102 608 1139 doctissimus
630 1101 656 1137 1.
689 1099 751 1137 Fr.
772 1099 945 1138 Reitzius
966 1102 1014 1138 ad
1043 1101 1204 1138 Luciani
1229 1096 1378 1140 ‘'roxar.
1403 1115 1434 1138 c.
1453 1103 1496 1141 2.
1529 1100 1613 1151 Ego
1634 1114 1727 1138 vero

283 1161 504 1196 maluissem
524 1159 699 1206 copulam
713 1169 859 1206 quoque
878 1158 1073 1195 inductam
1085 1159 1215 1196 videre
1234 1164 1324 1194 ante
1341 1159 1425 1196 τῶν
1437 1155 1727 1211 ζν1ργινουσῶν,

283 1217 351 1253 uhi
373 1215 480 1252 sedes
506 1215 589 1250 eius
619 1214 851 1251 inconmoda
869 1215 1072 1252 admodum
1097 1222 1167 1253 est.
1196 1214 1333 1251 XVESS.

397 1292 502 1331 620.
527 1292 599 1331 87.
629 1289 713 1329 Καὶ
734 1292 808 1342 τῆς
828 1287 957 1342 ἄκρας
976 1293 1050 1342 τῆς
1069 1285 1330 1337 Κατάνιδος]
1375 1291 1568 1335 Quaenam
1587 1291 1664 1328 fuit
1684 1303 1729 1328 ea

290 1347 458 1384 Catani-s
479 1361 580 1384 acra
594 1374 605 1393 ,
631 1347 676 1383 de
697 1360 771 1396 qua
790 1348 858 1384 alii
880 1349 1013 1394 silent,
1040 1354 1116 1383 tam
1136 1346 1332 1394 historici,
1360 1360 1471 1397 quam
1488 1344 1725 1398 geographiss

284 1403 403 1442 Nulla
432 1405 545 1440 credo
576 1404 672 1440 fuit:
702 1410 759 1440 est
788 1405 890 1439 enim
914 1417 958 1440 ea
985 1416 1064 1441 vox
1084 1404 1287 1450 mendosa,
1315 1410 1357 1440 ut
1385 1411 1489 1453 puto,
1522 1404 1588 1439 sed
1619 1406 1659 1440 in
1681 1416 1726 1440 ea

286 1460 525 1497 emendanda
545 1459 643 1496 nihil
668 1462 774 1496 iuvat
795 1459 1030 1509 Xenophon,
1055 1462 1180 1508 quiin
1205 1473 1249 1497 eo
1268 1461 1366 1506 loco,
1398 1460 1464 1496 ubi
1487 1460 1532 1496 de
1562 1458 1631 1496 hac
1656 1471 1726 1507 pu-

286 1530 365 1568 gna
385 1519 616 1553 mentionem
639 1517 745 1563 facit,
772 1518 812 1552 in
831 1519 984 1552 nomine
1004 1518 1079 1552 loci
1100 1522 1299 1565 corruptus
1326 1522 1396 1561 est,
1423 1517 1522 1552 male
1544 1516 1599 1552 ibi
1617 1529 1728 1564 repe-

283 1576 355 1611 tita
376 1573 534 1610 Maleae
556 1575 763 1620 mentione,
785 1579 828 1609 ut
848 1584 962 1620 supra
981 1570 1171 1623 (Exercit.
1192 1586 1227 1621 p.
1250 1569 1343 1623 62.)
1364 1571 1410 1608 ad
1433 1585 1517 1608 eum
1535 1579 1729 1609 auctorem

285 1632 515 1667 notavimus.
539 1628 581 1664 ld
593 1631 892 1677 promontorium
905 1628 1003 1678 apud
1013 1628 1272 1666 Ptolemaeum
1289 1629 1428 1665 dicitur
1450 1625 1583 1679 Ram>
1606 1625 1728 1680 ἄκρα,

285 1687 353 1723 ubi
385 1686 499 1722 credo
528 1685 733 1736 legendum
765 1681 908 1736 Κάνῃ,
944 1685 1045 1733 quod
1076 1692 1114 1722 et
1142 1684 1293 1721 Bertius
1325 1687 1597 1733 interpretatur
1620 1684 1728 1722 Cane

284 1742 479 1791 oppidum.
510 1740 743 1790 Pomponius
765 1740 863 1778 Mela
883 1741 924 1779 L.
938 1741 964 1778 l.
980 1744 997 1781 1
1011 1745 1050 1782 8.
1070 1742 1110 1778 id
1131 1742 1309 1791 oppidum
1338 1741 1476 1778 Canna
1498 1748 1622 1778 vocat.
1648 1740 1727 1778 Sed

285 1799 401 1834 credo
433 1798 636 1848 legendum
662 1797 772 1835 Cana
805 1805 870 1835 aut
897 1798 1043 1836 Canae.
1087 1797 1304 1846 Stephanus
1324 1799 1364 1834 in
1384 1811 1477 1835 voce
1499 1792 1633 1836 Κάναι
1654 1797 1727 1834 hoc

281 1854 417 1892 habet:
447 1850 583 1893 demcu
604 1854 811 1904 πολίχιιον
831 1852 886 1893 E‘
885 1852 1036 1904 sso‘t'zdv
1061 1851 1086 1905 ἢ
1107 1855 1207 1893 Aozt
1196 1851 1297 1904 962¹,
1329 1851 1435 1892 κατὰ
1455 1850 1506 1893 τὰ
1526 1850 1632 1906 άκρα
1653 1855 1728 1905 τῆς

279 1909 472 1959 Λέσβου.
517 1907 600 1949 ἔστι
631 1910 698 1949 καὶ
728 1907 824 1963 όρος
844 1906 962 1962 Ixc22¹77
994 1909 1061 1949 καὶ
1084 1906 1202 1956 πόλις
1231 1909 1299 1948 καὶ
1331 1909 1466 1961 λιμνν.
1497 1921 1592 1958 quae
1612 1913 1727 1947 etiam

283 1967 520 2004 emendanda
541 1973 632 2003 sunt
659 1973 697 2003 et
720 1967 945 2018 legendum:
975 1962 1068 2006 Ixm
1062 1982 1112 2005 αι
1134 1965 1341 2017 ⁷¹071l²¹0v
1360 1963 1603 2016 Εὐβοϊκὸν
1586 1982 1610 2017 η
1630 1965 1727 2004 Ao-

282 2025 403 2075 κρῶν.
433 2020 540 2062 κατὰ
568 2021 612 2062 δὲ
652 2019 759 2075 ἄκρα
788 2025 863 2075 τῆς
889 2021 1066 2073 Λέσβου
1093 2021 1178 2061 ἐστὶ
1208 2038 1276 2060 και
1304 2019 1400 2074 ὄρος
1419 2018 1539 2073 Κάνη
1562 2037 1629 2061 και
1650 2017 1726 2060 πό-

283 2081 345 2126 719·
365 2095 430 2118 και
455 2078 549 2130 Ημν
554 2095 589 2130 ⁷1·
617 2078 699 2115 Et
689 2093 732 2117 m
751 2093 846 2117 voce
855 2077 981 2146 Ai‘ya
1001 2079 1102 2116 idem
1119 2077 1336 2128 Stephanus
1354 2077 1487 2114 habet.
1514 2076 1629 2129 Αἶγα
1648 2079 1724 2129 τῆς

282 2136 484 2181 Αἷολίὼς·
513 2132 643 2186 α’κρα,
675 2150 731 2182 ως
753 2132 979 2188 Στράβων,
1010 2130 1034 2186 ἦ
1065 2137 1138 2174 252¹
1158 2131 1277 2186 Κάνη
1302 2149 1369 2172 και
1392 2128 1527 2173 Κάὶαι
1555 2133 1723 2186 λέγεται.

283 2191 346 2229 Ex
366 2193 543 2228 omnibus
563 2191 622 2229 his
651 2193 746 2229 locis
767 2194 879 2229 simul
901 2194 1051 2229 collatis
1071 2191 1166 2228 mihi
1185 2190 1393 2240 persuadeo
1417 2191 1620 2241 legendum
1642 2204 1724 2228 esse

284 2251 326 2286 in
351 2247 420 2284 hoc
444 2247 607 2285 Diodori
625 2250 723 2295 loco,
753 2248 818 2287 καὶ
843 2263 917 2300 της
944 2245 1073 2301 ἄκρας
1096 2249 1179 2313 τῆς·
1190 2246 1384 2293 Κανίὸος,
1414 2249 1490 2284 nisi
1511 2250 1595 2296 quis
1614 2249 1724 2284 malit

283 2300 438 2355 Istam-14·
482 2303 615 2340 Potest
646 2311 773 2342 tamen
802 2303 995 2342 Diodorus
1028 2317 1051 2341 a
1077 2306 1232 2341 nomine
1252 2304 1357 2340 urbis
1383 2302 1517 2340 Canae
1537 2304 1723 2340 formasse

281 2373 422 2397 nomen
444 2363 696 2408 promontorii
729 2360 861 2404 Κανὶς
900 2362 1079 2412 analogia
1107 2360 1265 2397 Graecis
1286 2361 1409 2396 solita.
1466 2359 1533 2397 Sic
1558 2361 1604 2397 ab
1629 2360 1722 2396 urbe

271 2413 431 2467 {Apum
434 2431 479 2462 ος
510 2418 652 2454 factum
673 2414 868 2469 Ἀραρνις
899 2414 1026 2469 ἄκρα,
1066 2430 1088 2454 a
1111 2415 1290 2468 Dymos
1309 2414 1502 2467 Γι”’μιηις,
1535 2429 1558 2453 a
1577 2412 1722 2467 Λέορα

283 2471 395 2525 Ac(
360 2488 449 2525 91c,
481 2486 502 2509 a
522 2469 746 2524 Δάρδανος
765 2470 993 2524 Δάρὸαιις,
1023 2486 1046 2510 a
1068 2469 1299 2522 Τελιιισσὸς
1321 2472 1556 2522 Τεὶμίσσις,
1586 2486 1607 2508 a
1632 2450 1721 2510 Φά-

284 2532 411 2580 σνλος
444 2524 630 2580 Φάσῃὶις
660 2537 698 2566 et
715 2531 801 2566 alia.
822 2530 950 2566 PxLM.
993 2530 1211 2578 Amplector
1231 2528 1323 2564 haec
1343 2529 1547 2576 Palmerii,
1576 2530 1638 2565 cui
1669 2528 1718 2567 Is.

282 2584 529 2623 casaubonus
550 2588 715 2633 praeivit
732 2588 773 2622 in
796 2586 977 2624 Strabon.
999 2585 1169 2622 L.X111.
1191 2599 1226 2634 p.
1249 2586 1353 2624 917
1385 2557 1567 2630 Ιὶανίὸἆς
1586 2584 1719 2621 itidem

279 2642 343 2678 hic
366 2645 548 2689 scriptum
567 2655 590 2679 a
609 2640 780 2679 Diodoro
798 2643 917 2679 fuisse
938 2644 1162 2690 suspicatus.
1197 2641 1383 2689 Stephani
1403 2640 1611 2690 Byzantini
1632 2653 1720 2677 ver-

280 2700 328 2736 ba
350 2701 389 2735 in
410 2694 568 2746 Iidvat,
597 2700 733 2747 quibus
766 2698 998 2736 medicinam
1025 2699 1151 2735 facere
1180 2699 1242 2735 vir
1265 2698 1508 2734 doctissimus
1529 2697 1719 2734 allabora-

280 2756 353 2801 vit,
393 2767 462 2802 ope
495 2753 698 2791 Strabonis
728 2762 766 2791 et
794 2757 1024 2804 scriptorum
1052 2755 1239 2792 librorum
1266 2755 1403 2792 melius
1432 2754 1643 2791 constituta
1670 2753 1716 2789 ab

278 2810 483 2848 Holstenio
503 2817 541 2847 et
561 2810 741 2849 Berkelio
761 2818 862 2848 sunt.
891 2811 1026 2850 Wess.
