1828 3253
457 122 517 159 ΙΝ
549 120 658 158 LlB.
693 119 746 157 ll.
786 117 912 156 CAP.
945 120 1014 160 54.
1047 123 1117 161 55.
1432 126 1523 166 225

201 237 300 276 166.
332 236 406 276 20.
456 232 544 279 Τὰς
562 229 743 285 μεγάλας
770 253 816 259 -
841 229 968 282 οὐρὰς
988 228 1194 282 ἐχόντων]
1239 232 1521 275 Describuntur

80 293 126 329 ab
148 291 344 328 Herodoto
367 290 429 327 ΙΙΙ.
457 292 556 330 113.
587 290 833 338 pluribusque
853 290 939 324 aliis
960 291 1000 325 in
1025 288 1065 324 S.
1086 288 1267 326 Bochai-ti
1295 291 1336 328 P.
1360 292 1387 330 1.
1419 292 1518 330 Hie-

80 350 222 385 rozoic.
247 348 293 386 11.
320 348 394 386 215.
436 347 568 383 Wssss.

199 406 285 444 166
328 404 402 442 24.
438 400 523 442 Διὰ
548 404 669 441 τοῦτο
699 397 874 439 διτύλων
894 396 1240 453 ὅιόμαζολιιέηον]
1280 400 1406 443 'sis-20(
1428 413 1518 443 sunt

80 461 225 497 tubera.
265 458 502 508 Hesychius,
533 455 683 503 Ἰἰίλοι,
714 455 765 496 τὰ
792 459 872 494 τῶν
903 452 1160 509 ἀχθοφόρων
1191 456 1252 495 ἐπὶ
1284 461 1365 497 τῶν
1392 457 1516 511 ὤμων

79 512 329 567 τυλώλιιατας
355 526 449 563 quae
481 517 570 563 quia
602 515 690 550 bina
720 516 758 550 in
789 514 1019 549 camelorum
1040 512 1173 549 horum
1194 514 1328 561 dorso,
1362 516 1516 556 δι’τυλοι

79 573 278 618 dicuntur,
307 578 344 607 et
364 572 478 619 parili
497 583 544 607 ex
566 583 700 607 caussa
728 569 931 620 ‹l't'zz‘ptot‚
964 571 1111 606 auctori
1131 569 1386 618 Geoponicor.
1407 572 1515 610 XVI.

79 631 179 675 223
215 640 326 676 quam
362 640 494 664 vocem
524 630 590 675 qui
619 626 789 663 Diodoro
820 626 1012 661 inculcare
1044 628 1329 673 sustinuerunt,
1361 641 1513 676 operam

78 685 248 732 profecto
270 685 447 720 frustrati
471 690 582 729 sunt,
605 690 782 730 recteque
815 681 908 717 adeo
937 680 1158 728 reprehensi
1177 682 1223 718 ab
1254 684 1513 722 eruditissimo

80 741 120 777 S.
141 739 330 776 Bocllarto
349 739 390 777 P.
416 739 443 779 Ι,
477 739 629 777 Hieroz.
655 739 700 775 fl.
726 740 769 777 4.
800 750 835 786 p.
859 739 928 777 87.
972 740 1074 782 Quae
1108 752 1199 775 vcro
1232 737 1293 774 hie
1314 740 1358 775 de
1389 754 1514 778 came-

77 798 128 833 lis
151 796 345 842 Arabicis,
373 809 417 831 ea
442 795 594 832 Plinius
626 803 663 832 et
680 795 905 832 Aristoteles
935 794 980 829 de
1004 792 1242 840 Bactrianis,
1272 797 1384 832 sicuti
1414 798 1514 835 idem

76 853 371 898 animadvertitg
400 850 570 888 Diodoro
601 859 727 888 tamen
758 850 943 887 accedunt
972 856 1010 885 et
1030 854 1264 887 recentiores
1295 855 1514 901 scriptores,

78 911 143 958 qui
166 908 344 945 Arabiam
364 907 561 955 adierunt,
592 915 629 944 et
650 915 799 945 veteres
823 907 948 952 numi,
979 906 1024 942 de
1056 907 1194 954 quibus
1212 906 1353 947 Ezech.
1388 909 1514 957 Span—

75 964 173 1002 hem.
195 964 358 1002 Dissert.
384 964 446 1000 lv.
471 964 516 1000 de
537 964 683 1001 Numis.
704 977 774 1000 usu
796 977 831 1012 p.
858 964 958 1002 185.
991 962 1123 999 VVEsS.

195 1023 296 1061 167.
327 1021 400 1059 29.
446 1017 508 1058 ,Αἵ
540 1019 584 1059 δὲ
616 1016 818 1058 ἀνάκωλοι
847 1019 913 1056 καὶ
947 1018 1123 1069 λαγαραὶ
1153 1022 1250 1065 ete]
1297 1018 1354 1056 De
1378 1019 1513 1060 borum

75 1090 168 1114 vera
197 1079 386 1113 sententia
409 1089 486 1112 non
504 1079 686 1114 convenit
714 1076 902 1113 salmasio
922 1082 960 1111 et
981 1074 1191 1112 Bochai-to:
1222 1077 1287 1112 ille
1311 1077 1356 1113 ad
1384 1076 1509 1117 Solin.

74 1146 109 1181 p.
133 1134 237 1172 693.
260 1129 498 1178 ἀνακώλους
518 1133 584 1170 καὶ
607 1130 790 1183 λαγαρὰς
817 1133 1003 1179 explicat,
1037 1132 1172 1179 quibus
1194 1133 1310 1182 longa
1335 1147 1447 1170 crura
1467 1148 1511 1171 ac

75 1189 282 1225 substricta
315 1200 494 1237 corpora:
523 1185 763 1233 ἁνακώλοτς
794 1189 944 1224 tunicas
977 1201 1057 1223 esse
1088 1188 1245 1234 breves⁷
1276 1200 1372 1236 quae
1400 1203 1512 1228 crura

74 1258 152 1282 non
174 1251 330 1296 tegunt,
363 1244 426 1280 sed
449 1257 600 1281 crurum
624 1251 734 1280 tenus
759 1244 943 1280 demissae
965 1257 1008 1280 ea
1026 1245 1248 1291 relinquunt
1278 1252 1429 1292 aperta,
1457 1247 1512 1283 ita

75 1308 120 1338 ut
149 1303 195 1337 iis
219 1301 342 1337 induti
365 1300 569 1337 videantur
590 1297 804 1338 ἀνάκωλοι·
835 1299 895 1336 hic
920 1299 962 1335 P.
987 1299 1032 1338 11.
1058 1299 1212 1336 Hieroz.
1238 1299 1283 1336 ΙΙ.
1305 1302 1349 1339 4.
1381 1315 1416 1350 p.
1439 1305 1510 1342 88.

74 1357 210 1395 breves
232 1364 273 1393 et
289 1359 567 1394 constitutione
586 1358 762 1406 graciles
781 1359 919 1403 νει-τῖες
949 1359 1008 1392 cui
1029 1363 1066 1392 et
1084 1369 1154 1405 ego
1168 1356 1399 1405 adstipulor3
1432 1365 1512 1397 tum

51 1414 54 1416 ⁷
75 1414 174 1462 quod
196 1409 397 1451 ἀνάκωλοι
413 1413 648 1463 χιτωνίσκοι
682 1414 721 1449 in
741 1413 839 1449 Plut.
863 1411 908 1448 Τ.
935 1411 979 1448 ll.
1003 1425 1038 1461 p.
1062 1413 1168 1452 261.
1189 1412 1231 1448 F.
1260 1415 1340 1449 sint
1358 1416 1511 1452 tunicae

73 1470 298 1520 perbreves,
326 1475 365 1505 et
385 1465 514 1519 χιτὼν
538 1466 749 1515 ἀνάκωλος
776 1473 1024 1520 γιψαικεΐος,
1052 1480 1146 1516 quae
1171 1470 1240 1505 vix
1261 1471 1361 1506 ultra
1385 1484 1512 1520 genua

75 1526 274 1563 descendit
300 1527 339 1561 in
364 1525 594 1575 Etymologi'
611 1523 874 1577 'Emyomzlg-
904 1531 986 1560 tum
1008 1525 1054 1561 ob
1086 1523 1215 1561 Scliol.
1234 1525 1320 1564 vat.
1357 1533 1394 1562 et
1415 1525 1510 1578 Reg.

73 1582 142 1619 has
174 1589 300 1629 partes
329 1583 564 1628 amplexum
593 1588 672 1619 tum
702 1585 815 1618 etiam
848 1580 947 1629 quod
975 1581 1174 1617 dromades
1209 1584 1343 1619 cameli
1375 1587 1512 1620 ceteris

72 1651 208 1676 revera
229 1640 307 1673 sint
327 1638 542 1682 breviores,
574 1650 642 1674 nec
663 1638 837 1674 eruribus
860 1639 1035 1673 nitantur
1055 1639 1107 1673 ita
1130 1639 1269 1688 longis.
1297 1639 1392 1675 Vide
1416 1640 1512 1677 Leo-

73 1709 160 1732 nem
182 1694 403 1729 Africanum
431 1700 469 1728 et
488 1693 619 1742 Prosp.
641 1694 768 1741 Alpin.
792 1692 853 1729 IV.
878 1691 966 1731 Rer.
992 1693 1157 1743 Aegypt.
1189 1707 1219 1730 c.
1246 1696 1285 1733 7.
1323 1694 1456 1732 W'Ess.

195 1751 290 1789 167.
321 1750 394 1788 30.
450 1748 530 1786 Καὶ
562 1749 803 1788 διατείνων-σι
831 1750 1019 1787 πλεῖστον
1041 1745 1142 1787 ὁδοῦ
1170 1751 1329 1799 ιιιῗκος]
1361 1749 1512 1788 Distin-

15 1850 17 1854 ι
73 1809 170 1844 etius
191 1806 236 1841 de
269 1807 422 1841 camelis
443 1805 685 1842 dromadibus
715 1807 876 1842 inferius
900 1805 941 1841 L.
966 1804 1080 1841 XIX.
1105 1806 1177 1844 37.
1218 1807 1322 1849 Quae
1345 1818 1511 1855 sequun-

70 1871 157 1910 tur,
182 1861 392 1898 Diodorum
413 1864 466 1898 ita
485 1862 684 1909 reliquisse
706 1869 880 1906 autumo,
909 1860 975 1898 καὶ
1007 1857 1190 1911 μάλιστα
1212 1859 1278 1899 διὰ
1309 1864 1382 1913 τῆς
1410 1860 1511 1901 ἀνύ-

71 1920 172 1971 δρου
201 1939 248 1945 --
272 1915 593 1967 συντελοιῃιιείᾞς
615 1913 865 1968 ὁδοιπορίας.
895 1929 969 1965 qua
998 1920 1039 1953 in
1059 1920 1280 1954 coniectura
1301 1918 1415 1956 (luces
1445 1919 1511 1957 ha-

18 1984 20 2011 ἱ
72 1977 142 2013 beo
166 1973 284 2012 codd.
314 1981 498 2011 vetustos,
537 1974 673 2012 Wssss.

188 2032 289 2071 167.
321 2031 392 2069 33.
443 2026 629 2077 Τοξότας
660 2027 826 2081 ἄγονται
861 2025 964 2081 δύο]
1015 2027 1150 2065 Livius
1182 2028 1394 2067 XXXVII.
1434 2031 1509 2070 40.

70 2089 172 2126 Ante
193 2087 295 2124 hunc
329 2108 376 2114 —
413 2108 460 2114 -—
497 2108 542 2114 —-
578 2093 618 2123 et
647 2087 809 2130 cameli,
840 2098 937 2136 quos
956 2086 1162 2136 appellant
1184 2088 1416 2123 dromadas:
1448 2087 1508 2124 liis

70 2143 456 2182 insidebantslmbes·
471 2145 683 2192 sagittat-ii
698 2144 855 2191 gladios
873 2142 1059 2178 habentes
1081 2149 1228 2188 tenues,
1252 2143 1389 2191 longos
1411 2156 1510 2193 qua-

21 2222 23 2231 ·
62 2208 186 2238 'terna
208 2200 362 2243 cubita,
392 2207 436 2237 ut
464 2212 513 2236 ex
535 2207 649 2236 tanta
670 2201 883 2236 altitudine
915 2200 1142 2246 contingere
1172 2198 1317 2234 hostem
1332 2207 1508 2250 possent.

21 2254 24 2281 ἲ
73 2257 218 2301 Quibus
237 2255 701 2304 consentitAppian.Bell.
725 2254 812 2304 Syr.
836 2268 870 2303 p.
890 2255 1006 2301 173„
1027 2254 1176 2291 Plinius
1190 2254 1271 2292 Vll.
1286 2254 1335 2293 H.
1359 2255 1405 2291 N.
1424 2258 1507 2302 18„

70 2320 114 2350 ut
132 2312 414 2359 inprudentiam
434 2325 615 2349 excusare
632 2325 708 2349 non
728 2313 849 2360 possit
868 2310 997 2360 Prosp.
1011 2310 1174 2357 Alpinus
1196 2310 1258 2346 lv.
1281 2309 1326 2346 R.
1347 2311 1510 2362 Aegypt.

23 2376 25 2382 “
72 2382 103 2406 c.
127 2370 167 2408 7.
201 2374 333 2405 contra
353 2368 521 2406 Plinium
551 2376 656 2405 stans
686 2374 723 2404 et
753 2367 975 2404 dromadum
1003 2369 1044 2403 in
1074 2367 1173 2403 bello
1208 2379 1320 2403 usum
1349 2380 1508 2419 negans,

71 2425 205 2462 wass.

188 2481 289 2519 167.
321 2480 393 2518 37.
428 2477 548 2518 Ἀλλὰ
573 2477 734 2530 πολλὰ]
779 2475 884 2517 Ἀλλ’
920 2470 993 2517 οὖν
1020 2479 1177 2515 rectius.
1204 2476 1341 2517 Rnon,

189 2537 291 2575 167.
324 2537 397 2575 43.
440 2533 684 2586 Ἰαμβοῦλος
716 2532 766 2588 ἦν
789 2535 831 2573 ἐκ
861 2534 1020 2573 παίδων
1052 2533 1239 2573 παιδείαν
1270 2530 1508 2584 ἐζηλωκὼς]

27 2613 29 2641 1
69 2591 277 2629 Fabulator
295 2592 370 2628 fuit
391 2595 586 2642 egregius,
611 2595 851 2641 animumque
872 2590 918 2628 ad
939 2604 983 2628 ea
1003 2590 1206 2628 scribenda
1226 2592 1384 2639 appulit,
1415 2602 1509 2638 quae

68 2649 168 2686 mira
189 2654 227 2683 et
248 2649 465 2698 prodigiosa
486 2650 525 2685 in
546 2649 693 2686 Oceani
712 2650 850 2686 insulis
871 2647 1180 2696 reperiebantur,
1213 2657 1383 2694 quaeque
1407 2658 1510 2682 com-

30 2700 32 2711 *
70 2705 248 2742 mentitia
267 2717 349 2740 esse
373 2705 469 2740 nulli
490 2715 568 2741 non
588 2705 816 2753 adparebat,
843 2709 887 2740 ut
916 2705 1079 2740 lectores
1102 2702 1162 2739 his
1190 2703 1343 2738 fabellis
1365 2701 1512 2737 exhila-

68 2767 194 2798 raret:
227 2756 432 2813 γνώριμον
449 2759 524 2811 μὲν
554 2757 681 2801 ἅπασι
702 2758 748 2801 τὸ
769 2759 927 2812 ψεῦδος
950 2755 1232 2811 πλασάμενος,
1260 2755 1334 2797 οὐκ
1357 2754 1510 2810 ἀτερπῆ

126 2816 222 2853 Vol..
253 2816 280 2853 l.
1177 2814 1232 2854 15
