1828 3253
440 104 502 144 IN
539 103 650 144 LIB.
679 104 738 143 11.
779 102 907 142 CAP.
940 106 1167 147 20.-22.
1403 108 1495 149 185

48 219 239 268 Belleum,
264 217 502 256 Dercetad'ae
530 217 679 265 filium,
705 217 860 268 Assyrii
889 219 1003 269 regni
1020 218 1283 269 gubernacula
1308 220 1496 269 tenuisse,

49 284 129 313 tum
147 275 377 321 Belitaram,
402 275 672 312 obscurissime
703 280 859 321 natum,
890 278 988 312 mira
1009 275 1173 323 quadam
1201 277 1353 313 ratione
1374 278 1495 327 impe-

51 334 151 369 rium
194 344 399 381 occupasse
433 338 545 378 atque
585 330 635 367 ad
662 343 768 367 seros
807 337 965 380 nepotes
992 333 1204 369 tramisisse
1242 341 1496 371 memorantes

50 389 92 424 in
114 388 303 440 Agathiae
334 386 568 426 Scholastici
590 386 638 423 11.
664 399 699 436 p.
725 387 799 426 63.
832 393 869 423 et
891 386 1077 437 Syneello
1106 401 1141 436 p.
1164 389 1270 428 359.
1312 389 1419 426 Adeo
1449 391 1493 427 in

49 444 147 481 Nini
175 454 511 492 successorumque
538 443 659 494 gestis
688 443 803 480 rebus
832 450 984 481 veteres
1012 445 1218 493 scriptores
1247 444 1492 483 discordant!

50 500 184 538 Wssss.

167 556 270 596 135.
295 554 370 595 35.
397 550 496 593 Ἐπὶ
515 551 655 606 γενεὰς
673 549 923 607 τριάκοντα]
960 553 1100 592 Euseb.
1127 560 1166 590 et
1197 562 1351 594 secutus
1384 557 1497 597 illum

52 612 282 663 Syneellus,
333 618 531 660 corruptos
564 612 668 647 enim
699 613 782 648 eius
811 624 991 648 numeros
1022 612 1070 649 ad
1090 610 1189 647 hanc
1217 612 1381 650 formam
1411 627 1495 651 esse

53 667 324 706 instaurandos
342 673 446 704 recte
469 667 744 704 animadvertit
773 666 850 707 Iac.
887 667 1005 706 Goar.
1041 675 1079 705 et
1101 667 1168 704 diu
1195 675 1285 706 ante
1306 683 1393 706 eum
1421 669 1498 708 lae.

48 723 237 776 Bongars.
266 723 316 761 ad
352 722 476 774 Trogi
506 723 659 774 Prolog.
690 722 733 760 L.
764 723 816 770 L,
863 721 1002 776 γενεὰς
1039 720 1261 777 τριάκοντα
1292 724 1410 765 πέντε
1452 728 1497 764 in

48 780 225 819 Diodoro
243 782 498 827 invenerunt3
527 787 662 817 contra
684 786 888 828 utrumque
908 782 1073 817 veniunt
1097 781 1234 829 scripti
1254 780 1373 819 Codd.
1395 783 1497 820 miro

53 849 265 883 consensu,
307 838 476 884 quinque
515 836 666 872 additas
694 839 963 886 generationes
993 837 1078 874 sive
1107 842 1250 874 aetates
1281 845 1320 874 et
1352 837 1417 875 hie
1458 845 1498 876 et

52 908 85 931 e.
107 896 182 934 28.
210 893 422 941 praefracte
448 892 677 929 refutantes.
716 892 789 929 Vel
818 894 872 928 sie
891 899 1020 929 tamen
1040 894 1168 929 locum
1195 895 1275 930 illis
1302 893 1405 931 haud
1428 908 1497 932 ne-

52 963 224 1001 gassem,
261 950 294 986 si
321 947 418 985 mihi
453 948 602 995 liquido
630 949 890 997 apparuisset,
928 947 1118 995 Ctesiam‚
1159 961 1272 998 quem
1300 949 1498 989 Diodorus

53 1012 246 1042 auctorem
266 1003 402 1051 habet,
433 1004 592 1041 totidem
613 1004 661 1041 ad
683 1003 987 1053 Sardanapalum
1003 1017 1122 1053 usque
1150 1018 1382 1044 numerasse.
1426 1006 1498 1044 Ce-

52 1061 209 1111 phalion
235 1061 390 1110 quidem
422 1067 523 1096 certe
553 1061 599 1096 de
638 1058 766 1097 Ctesia
794 1060 834 1096 id
865 1060 1033 1097 inficiari
1060 1061 1217 1099 videtur
1247 1063 1288 1099 in
1321 1062 1499 1115 Syneelli

53 1115 341 1167 Chronograph.
367 1128 401 1165 p.
426 1118 529 1156 167.
576 1114 737 1153 Constat
762 1123 961 1165 praeterea
992 1118 1066 1155 sibi
1094 1115 1313 1166 Diodorus,
1343 1122 1499 1171 trigesi-

52 1186 157 1211 mum
171 1186 194 1210 a
217 1174 339 1222 primo
367 1173 521 1222 imperii
541 1172 742 1209 conditore
765 1172 869 1210 Nino
890 1170 1218 1224 Sardanapalum,
1246 1186 1321 1223 quo
1349 1176 1396 1214 de
1416 1190 1497 1227 cap.

55 1240 158 1277 seq.,
203 1228 421 1277 perhibens.
458 1228 592 1264 Wssss.

166 1286 269 1325 135.
299 1286 371 1324 38.
414 1282 502 1323 ’Έτι
535 1283 568 1324 d'
603 1279 830 1336 ἑξήκοντα]
869 1282 988 1321 Recte
1017 1283 1110 1322 haec
1131 1285 1271 1324 desunt
1287 1286 1428 1325 Euseb.
1459 1295 1499 1325 et

55 1339 262 1391 Syneello,
289 1352 411 1390 neque
439 1342 622 1391 leguntur
648 1341 751 1377 infra
770 1354 801 1377 c.
825 1342 921 1388 28.;
951 1348 994 1378 ut
1017 1353 1173 1389 prorsus
1201 1344 1400 1393 probabile
1431 1346 1499 1393 sit,

52 1398 98 1434 ab
129 1399 257 1448 aliquo
287 1410 370 1434 esse
407 1397 558 1433 addita:
597 1409 722 1446 neque
749 1399 872 1444 enim,
912 1396 961 1434 D.
992 1397 1145 1435 Petavii
1173 1398 1245 1436 IX.
1274 1399 1324 1437 D.
1350 1400 1396 1438 T.
1426 1403 1498 1441 13.

52 1455 172 1491 verba
191 1460 302 1500 sunt,
326 1455 428 1490 satis
447 1460 545 1504 apta
569 1459 630 1489 est
646 1455 773 1490 series
793 1455 989 1491 orationis
1018 1453 1141 1494 πλείω
1162 1458 1245 1494 τῶν
1262 1456 1408 1506 χιλίων
1430 1457 1499 1496 καὶ

53 1508 324 1560 τριακοσίων,
349 1506 404 1547 ἔτι
426 1507 461 1547 δ’
494 1504 704 1560 ἑξήκοντα.
744 1509 842 1554 Quis
863 1512 962 1547 enim
981 1523 1058 1547 non
1078 1512 1199 1558 videt,
1230 1512 1279 1549 ab
1311 1515 1501 1565 imperita

54 1579 174 1604 manu
203 1577 286 1602 esse
313 1565 416 1602 hanc
448 1567 722 1616 appendicem,
753 1568 857 1612 eius,
895 1568 964 1617 qui
990 1575 1268 1606 excurrentem
1296 1583 1501 1608 numerum

55 1625 276 1674 importune
299 1623 490 1672 concepit,
519 1628 591 1657 aut
609 1623 664 1659 ad
683 1634 793 1658 oram
814 1623 1045 1660 adnotavit:
1067 1625 1168 1661 unde
1179 1632 1326 1676 postea
1348 1628 1388 1664 in
1409 1641 1503 1665 con-

58 1685 206 1715 textum
229 1691 254 1714 a
275 1678 455 1715 librariis
478 1678 702 1714 inculcatas
722 1685 780 1714 est
789 1677 805 1714 ’.2
853 1677 961 1715 Adde
982 1677 1150 1717 Ctesiam
1179 1682 1294 1717 annis
1324 1685 1430 1720 mille
1461 1690 1501 1720 et

55 1736 240 1771 trecentis
261 1734 508 1783 Assyriorum
529 1735 733 1781 imperium
755 1737 980 1771 terminasse
1008 1737 1051 1772 in
1082 1735 1219 1773 lustin.
1241 1737 1270 1774 Ι.
1290 1740 1334 1778 2.
1375 1739 1501 1788 Atque

55 1789 149 1827 haec
171 1791 323 1827 tametsi
341 1802 456 1826 voces
475 1791 561 1826 illas
581 1790 836 1827 eliminandas
863 1791 1123 1839 maximopere
1145 1793 1353 1842 suadeant,
1386 1796 1502 1832 indu-

57 1860 142 1883 cere
169 1853 296 1883 tamen
318 1851 431 1893 atque
463 1847 601 1882 eiicere
626 1848 757 1892 nolui,
786 1854 868 1883 tum
889 1847 991 1895 quod
1022 1847 1216 1885 mordicus
1248 1863 1311 1886 eas
1339 1857 1500 1888 teneant

57 1903 190 1952 scripti
218 1903 330 1948 libri,
358 1908 439 1938 tum
467 1909 662 1950 praeterea
693 1903 740 1939 ob
763 1902 992 1953 Agathiam,
1034 1904 1101 1953 qui
1131 1917 1177 1941 ex
1207 1904 1380 1943 Diodoro
1413 1907 1502 1944 Cte-

56 1960 173 2005 siam,
199 1959 260 1995 uti
279 1959 356 2004 ait,
388 1964 540 2004 secuto,
568 1957 610 1994 L.
631 1957 678 1994 11.
703 1972 738 2007 p.
762 1960 834 1999 63.
853 1957 900 1995 D.
933 1957 974 2005 ἕξ
999 1973 1040 1997 τε
1062 1959 1130 1997 καὶ
1151 1962 1398 2013 τριακοσίων
1419 1961 1500 2016 ἤδη

27 2048 30 2049 ⁷
55 2012 160 2068 πρὸς
188 2018 275 2060 τοῖς
299 2012 446 2063 χιλίοις
473 2013 541 2052 καὶ
572 2011 694 2067 ὀλίγῳ
720 2011 918 2055 πλειόνων
948 2014 1050 2053 ἐτῶν
1079 2014 1412 2070 παρῳχηκότων,
1453 2032 1502 2057 ex

56 2083 131 2119 quo
150 2070 277 2108 Ninus
297 2083 479 2107 summam
497 2083 625 2107 rerum
644 2071 886 2118 obtinuerat,
913 2073 1114 2119 imperium
1135 2073 1312 2123 Assyriis
1332 2076 1503 2114 ablatum

57 2126 248 2177 perhibet:
270 2137 392 2174 neque
413 2129 516 2163 enim
538 2126 697 2163 dubium
719 2134 790 2174 est,
819 2129 913 2177 quin
932 2130 1014 2164 eius
1032 2123 1076 2174 ἓξ
1098 2141 1117 2164 e
1132 2128 1268 2166 Nostri
1288 2126 1501 2183 ἑξήκοντα,

59 2183 125 2220 sed
145 2183 291 2220 scribae
322 2189 500 2231 peccato,
538 2185 588 2219 sit
616 2187 873 2234 progenitum.
910 2183 1018 2220 Adde
1038 2182 1263 2233 Syncellum
1285 2185 1500 2239 Chronogr.

58 2251 94 2288 p.
115 2239 238 2284 359.,
266 2238 556 2290 ubiAgathiam,
585 2239 684 2286 quod
706 2239 916 2277 (lectissim.
944 2239 1110 2277 Goarem
1130 2240 1231 2278 haud
1252 2244 1502 2282 animadver-

60 2297 152 2331 tisse
173 2295 304 2341 miror,
343 2295 538 2332 exscribit.
583 2294 719 2333 Wssss.

174 2351 276 2390 136.
306 2351 380 2389 42.
421 2348 481 2389 Οὐ
504 2351 721 2403 κατεπείγει
746 2346 947 2402 γράφειν]
988 2350 1092 2402 Lego
1126 2350 1246 2392 οἰδὲν
1267 2356 1504 2409 κατεπείγει,

61 2412 105 2443 ut
123 2407 216 2442 alibi
235 2408 314 2455 ipse
337 2408 506 2454 loquitur
537 2414 575 2443 et
606 2413 648 2443 ut
684 2421 765 2443 mos
788 2413 846 2443 est
864 2408 952 2443 aliis
976 2409 1093 2456 loqui.
1134 2409 1288 2448 STEPH.
1309 2419 1347 2448 et
1369 2412 1503 2452 Ruon.

61 2462 212 2499 Aceedo
241 2463 339 2498 viris
369 2461 615 2499 doctissimi&
659 2463 725 2500 Sic
757 2463 784 2501 l.
808 2464 880 2501 33.
930 2463 1018 2514 περὶ
1044 2456 1100 2502 ὧν
1127 2463 1247 2504 οὐδ’ἐν
1280 2470 1504 2520 κατεπείγει

60 2514 244 2570 γράφειν.
274 2524 311 2553 et
332 2517 465 2565 111.3.‚
495 2520 733 2569 suffragante
763 2521 950 2555 sermonis
969 2523 1105 2569 genio:
1136 2523 1290 2570 plenum
1320 2526 1423 2561 enim
1443 2527 1504 2562 fo-

59 2581 120 2611 ret
147 2575 316 2624 πρᾶγμα
340 2571 458 2612 οὐδ’ἐν
490 2575 734 2628 κατεπείγει,
762 2575 864 2624 quod
884 2574 1042 2613 Lucian.
1076 2577 1122 2613 de
1154 2580 1268 2618 scrib.
1300 2579 1447 2618 Histor.
1471 2596 1504 2619 c.

66 2631 138 2671 52.
169 2629 328 2666 addidit.
369 2629 503 2665 anss.

179 2687 280 2726 136.
301 2686 374 2724 47.
397 2682 471 2731 ιῸς
490 2679 541 2736 ἧν
561 2684 744 2732 εἰκοστὸς
765 2684 845 2725 ἀπὸ
864 2682 1047 2737 Νινύου]
1081 2687 1281 2736 ,Εἷκοστὸς
1302 2691 1367 2729 καὶ
1392 2689 1507 2739 ἕκτος

62 2739 201 2778 Euseb.
229 2754 308 2778 non
340 2741 461 2778 audeo
481 2744 668 2792 recipere:
717 2745 751 2780 si
782 2744 884 2780 enim
903 2746 1100 2793 superiora
1130 2746 1226 2783 bene
1260 2760 1301 2783 se
1330 2747 1508 2797 habeant,
