1828 3253
307 83 399 124 642
771 78 1296 119 ANNOTATIONES

423 193 526 234 556.
558 196 628 234 8]-
672 189 936 260 Ποοῇεσαν’
920 192 983 231 επὶ
1005 188 1232 260 Κατάνης]
1270 191 1359 229 Non
1389 198 1503 229 muto.
1539 191 1756 243 Thucydid.

308 251 391 289 VH.
417 255 487 291 84).
525 244 571 300 ἦν
593 249 636 288 δὲ
657 246 702 296 ξι(
704 265 851 299 amma
873 245 970 295 ὁδὸς
992 247 1096 299 αὕτη
1118 247 1192 288 οὐκ
1216 248 1277 286 ἐπὶ
1302 245 1508 299 Λατάνῃς.
1544 250 1755 285 Pausanias

310 309 359 345 ll
385 309 425 346 3.
465 307 589 352 (.ἰθις
617 303 658 344 ὸ
694 306 825 345 ἰοῦσι]
853 305 915 343 ἐπὶ
935 306 1003 343 sl
988 308 1125 355 (χαίου
1147 302 1221 356 τὴν
1256 303 1421 343 asi-:saw
1442 312 1513 341 etc.
1543 307 1757 354 passimque

315 365 394 401 alii.
427 363 563 401 Wuss.

428 421 530 458 556.
560 419 630 458 83.
684 414 772 463 Τὰς
800 415 1143 469 καταληφθείσας
1171 419 1296 463 ναῦς]
1335 416 1591 453 Doctissimus
1616 416 1757 464 Interp.

315 473 664 527 maazwsffllffag
685 488 752 510 sua
783 476 960 511 versione
980 475 1192 522 expressit,
1220 487 1290 509 nec
1312 475 1407 510 male
1429 474 1610 521 profecto.
1658 472 1761 516 Quid.

317 535 418 568 enim
439 532 568 567 tritius
589 529 721 566 harum
742 532 1024 566 conmutat-ione
1048 528 1208 567 vocum?
1238 529 1443 580 vulgatum
1467 536 1593 565 tamen
1617 529 1652 564 si
1671 541 1761 578 pro-

315 589 491 633 baveris,
519 589 747 636 interceptas
771 592 882 633 atque
911 592 1112 633 occupatas
1142 585 1431 623 Atheniensium
1453 587 1626 622 triremes
1647 594 1669 620 L
1700 587 1762 621 in-

316 645 464 694 tellige,
497 655 589 691 quas
611 641 859 692 Syracusani,
885 644 1001 679 victis
1024 644 1062 678 in
1085 655 1230 678 summa
1247 655 1374 679 rerum
1401 642 1662 691 desperatione
1682 652 1763 677 non

318 700 632 749 prohibentibuS,
660 699 816 734 funibus
844 699 1024 748 religatas
1045 699 1314 734 abstraxerunt
1344 698 1442 747 apud
1473 697 1651 747 Thucyd.
1671 695 1760 735 Vll.

323 757 396 796 74.
429 763 466 792 et
496 755 631 792 lustin.
652 754 693 790 1..
715 753 778 791 lv.
807 755 860 801 5.,
891 753 956 791 sed
986 756 1051 804 qui
1071 756 1228 791 navium
1251 767 1449 791 numerum
1472 756 1624 792 inmane
1645 765 1767 802 quan-

320 818 402 850 tum
427 818 552 862 auget.
583 810 632 847 W
637 821 717 846 ESS.

438 870 541 907 556
565 868 637 906 91.
665 862 750 905 Aac}
770 868 843 905 τοῦ
857 861 1053 917 F7c0010v
1073 864 1227 917 πεδίου]
1251 860 1442 916 Ἐλώριος
1464 861 1769 917 ἅγωνΗε8γοῖι.,

320 921 514 976 Ελωῡίνη
536 918 634 968 θῶυς
655 921 830 972 Thucyd
842 922 924 959 Vll.
940 924 1010 963 80.
1032 923 1099 960 ubi
1117 923 1326 960 doctissim.
1349 921 1496 958 W'asse.
1523 921 1663 972 Tempe
1681 920 1769 957 He-

324 983 430 1018 loria
454 983 492 1016 in
513 979 615 1016 Fast.
645 978 778 1016 Ovidii
797 978 860 1015 lv.
882 980 987 1019 477.
1018 993 1102 1016 cum
1132 987 1222 1016 nota
1245 978 1439 1028 Neapolis.
1484 977 1644 1014 Variant
1665 979 1769 1015 enim.

325 1040 368 1075 in
398 1037 501 1074 urbis
532 1036 715 1085 fluviique
747 1035 1018 1086 orthographia
1046 1043 1216 1083 veteres,
1261 1046 1484 1083 quamquam
1514 1033 1582 1071 Ph.
1612 1030 1766 1075 Cluver.

328 1093 439 1131 Sicii.
461 1093 587 1139 Antiq.
621 1091 660 1128 L.
685 1091 710 1127 Ι.
733 1104 767 1139 p.
795 1093 895 1132 184.
930 1094 1119 1140 plerisque
1145 1092 1444 1140 adspirationem
1465 1090 1623 1126 addidit.
1658 1088 1770 1125 Cete-

325 1164 411 1187 rum
433 1156 640 1185 extremam
664 1146 759 1183 hanc
780 1148 1071 1185 Atheniensium
1094 1149 1361 1193 calamitatem,
1391 1158 1538 1194 quoque
1560 1145 1671 1182 modo
1692 1144 1772 1181 De-

325 1205 568 1251 mosthenes,
596 1211 632 1239 et
651 1215 724 1251 quo
744 1204 875 1241 Nicias
893 1206 933 1241 in
955 1204 1121 1241 hostium
1144 1210 1367 1251 potestatem
1392 1203 1632 1248 devenerint,
1659 1203 1770 1238 lucu-

326 1262 538 1299 lentissime
559 1261 782 1308 exsequitur
803 1260 1019 1311 Thucydid.
1051 1259 1296 1300 L.V11.82.
1329 1266 1365 1295 et
1385 1272 1461 1308 seq.
1492 1258 1630 1295 WVESS.

443 1318 548 1356 556.
582 1317 654 1354 93.
697 1313 968 1355 ,Αηέκτὲιναν
999 1314 1073 1367 μὲν
1110 1315 1282 1368 μυρίοις
1320 1311 1643 1365 o'nramolzssvcotg
1669 1311 1772 1363 etc-J

326 1374 387 1411 De
422 1380 619 1421 captorum
648 1385 806 1409 numero
842 1373 985 1409 Nostro
1017 1373 1136 1409 ferme
1167 1373 1360 1408 consentit
1389 1370 1657 1420 Thucydides,
1697 1366 1772 1408 οὐκ

327 1424 526 1474 ἐλάσσους
545 1423 855 1494 ἕπτακισχιλίῳι
874 1428 1017 1467 L.V11.
1044 1430 1114 1489 87.
1135 1440 1362 1464 memorans.
1392 1426 1443 1462 At
1461 1428 1620 1476 amplior
1642 1439 1773 1462 caeso-

325 1500 414 1524 rum
442 1487 516 1522 fuit
537 1484 762 1530 multitudo,
789 1487 821 1521 si
841 1497 1038 1521 numerum
1059 1495 1112 1521 XL
1143 1486 1306 1521 millium
1325 1485 1547 1531 aequarint,
1576 1484 1642 1531 qui
1659 1481 1774 1519 Nicia

328 1550 367 1579 et
386 1539 642 1578 Demosthene
673 1540 832 1577 ducibus
862 1547 949 1589 post
971 1541 1109 1578 infelix
1134 1553 1210 1578 nav
1201 1541 1270 1577 ale
1292 1541 1477 1588 praelium
1499 1541 1571 1576 iter
1600 1544 1691 1575 sunt
1713 1539 1774 1574 in-

327 1599 481 1650 gressi,
516 1596 832 1644 quemadmodum
861 1598 1030 1633 eiusdem
1060 1598 1150 1633 libri
1176 1610 1208 1635 e.
1246 1597 1318 1636 75.
1349 1596 1540 1645 proditum
1569 1596 1772 1632 memoriae

329 1661 400 1691 est.
456 1652 545 1690 Sint
571 1665 661 1689 sane
688 1654 816 1700 plures
848 1653 940 1704 fuga
972 1655 1109 1702 elapsi:
1144 1653 1190 1689 de
1221 1663 1281 1688 xv
1310 1659 1436 1689 tamen
1466 1652 1657 1698 millibus,
1685 1663 1772 1687 cum

328 1710 566 1761 Syracusani
597 1709 763 1756 obseptis
794 1710 996 1746 itineribus
1027 1711 1218 1759 fugientes
1238 1716 1421 1759 urgerent
1451 1708 1641 1756 undique,
1670 1706 1771 1743 haud

325 1769 471 1805 iniuria
490 1765 651 1801 dubites.
696 1766 820 1808 Quare
837 1772 905 1802 aut
927 1767 1006 1803 abit
1025 1779 1046 1802 a
1067 1766 1394 1814 praestantissimo
1424 1765 1514 1801 belli
1533 1765 1773 1812 Peloponne-

328 1825 425 1860 siaci
453 1823 635 1871 scriptore
658 1819 874 1867 Diodorus,
901 1829 990 1868 aut,
1017 1825 1083 1871 qui
1104 1821 1165 1858 hic
1186 1821 1324 1858 desunt
1347 1821 1394 1857 ad
1413 1820 1601 1867 explenda
1631 1829 1684 1855 xl.
1703 1820 1774 1855 illa.

327 1881 474 1924 millia,
506 1879 671 1924 surrepti
690 1890 736 1914 ac
756 1880 948 1927 suppressi
968 1891 991 1915 a
1013 1880 1175 1926 privatis
1196 1884 1286 1914 sunt
1305 1876 1535 1913 hominibus.
1573 1875 1669 1913 Vide
1690 1876 1772 1912 eius

324 1934 372 1975 L.
396 1933 479 1972 Vll.
507 1935 579 1973 85.
610 1933 750 1972 VVssss.

443 1990 547 2030 556
578 1989 652 2029 99.
685 1985 920 2041 Στήσαντες
940 1985 1013 2028 δυο
1034 1985 1226 2055 τρόπαια
1232 1995 1302 2026 ete.
1312 1989 1329 2039 ]
1359 1988 1417 2025 Ab
1439 1987 1498 2025 his
1523 1987 1702 2034 diversa,
1726 1986 1773 2023 de

328 2047 468 2096 quibus
496 2045 598 2082 Plut.
615 2045 700 2083 Nic.
734 2059 768 2096 p.
793 2046 895 2086 541
921 2045 967 2082 D.
1001 2043 1052 2084 τὰ
1082 2043 1157 2096 μὲν
1178 2040 1252 2084 κά)
1255 2047 1374 2084 λιστα
1403 2059 1470 2082 και
1488 2041 1659 2095 μέγιστα
1688 2040 1775 2081 δ’ἐν-

328 2103 410 2156 ὃρα
441 2104 524 2141 τῶν
545 2101 636 2155 περὶ
664 2099 738 2141 τὸν
768 2099 956 2153 ποταμὸν
987 2098 1233 2154 (Asinarum)
1263 2098 1467 2152 ἀνέδησαν
1498 2094 1775 2150 αἰχμαλώτοις

327 2157 586 2204 navens-talc.
627 2156 733 2194 Haec
752 2160 854 2195 enim
883 2160 1153 2206 imperatorum
1182 2157 1398 2194 Atticorum
1426 2156 1565 2203 armis,
1590 2157 1658 2192 illa
1681 2156 1773 2192 reli-

328 2227 491 2263 quorum
524 2213 707 2251 videntur
738 2221 873 2252 ornata
901 2227 949 2251 ex
988 2227 1116 2262 more,
1162 2213 1207 2251 de
1240 2225 1313 2263 quo
1342 2212 1541 2263 Euripidis
1577 2209 1772 2248 Heraclid.

329 2284 369 2309 v.
392 2272 497 2311 787.
527 2269 668 2306 wass.

446 2325 550 2366 556.
574 2328 612 2366 8.
653 2323 726 2371 Εἷς
745 2340 819 2373 τμς
839 2323 1067 2378 λατομίας]
1097 2325 1185 2364 Vid.
1207 2323 1276 2361 Ph.
1297 2323 1449 2362 Cluv.e1·
1475 2323 1554 2360 Sic.
1575 2322 1703 2372 Antiq.
1727 2321 1770 2360 L.

329 2381 358 2420 Ι.
377 2395 415 2433 p.
442 2382 544 2422 149.
578 2388 616 2418 et
637 2381 784 2418 Aelian.
809 2382 854 2418 V.
874 2381 923 2418 H.
942 2381 985 2419 L.
1003 2381 1093 2419 ΧΠ.
1115 2382 1188 2421 44.
1224 2394 1310 2418 cum
1330 2388 1421 2418 nota
1437 2380 1614 2417 Perizon.
1637 2379 1772 2416 VVESS.

444 2439 648 2478 556-11.
678 2434 931 2487 Λαμβάιειν
950 2435 999 2476 ἀ)
991 2437 1136 2490 apl-can
1156 2432 1228 2476 δύο
1245 2436 1455 2505 χοίνιικας]
1485 2435 1598 2472 Haud
1618 2434 1772 2484 quidem

324 2493 422 2531 illud
442 2493 647 2531 inhumane
666 2493 834 2540 Diocles,
861 2494 1047 2542 siquidem
1069 2493 1215 2530 homini
1229 2492 1361 2543 χοίνιξ
1377 2506 1599 2545 ημερησιος
1636 2488 1772 2543 τροφὴ

327 2563 395 2586 seu
415 2552 457 2586 in
476 2552 619 2587 victum
638 2549 817 2586 diurnum
855 2550 1017 2587 sufficiat
1035 2550 1133 2598 apud
1155 2548 1319 2600 Diogen.
1348 2548 1473 2585 Laert.
1492 2547 1534 2584 L.
1559 2547 1660 2584 Vm.
1687 2549 1754 2587 18.
1746 2573 1769 2593 -,

325 2600 605 2659 ἧμεροτροφὶς
635 2612 832 2654 propterea
861 2606 962 2644 dicta
994 2578 1256 2651 Alexarchof
1265 2604 1470 2642 Cassandri
1505 2605 1607 2654 regis
1642 2604 1770 2649 fratri,

325 2667 422 2698 teste
440 2661 637 2698 Athenaeo
660 2661 701 2699 L.
726 2661 791 2698 111.
813 2663 888 2701 20.
912 2662 1054 2699 Vereor
1075 2668 1213 2708 tamen,
1241 2674 1355 2711 quum
1377 2660 1533 2697 Diocles
1551 2661 1663 2697 victis
1685 2659 1770 2694 fue-

323 2718 379 2755 rit
399 2718 682 2766 acerbissimus,
709 2730 756 2756 ne
776 2717 867 2768 quid
893 2717 955 2756 hic
974 2719 1026 2755 sit
1049 2720 1295 2757 conmissum.
1339 2716 1568 2754 Praesertim
1587 2715 1770 2765 quoniam
