1828 3253
418 231 482 271 lN
513 229 626 273 [ΑΒ.
657 229 740 270 xi.
781 229 910 270 CAP.
941 234 1013 274 77.
1046 234 1118 275 78.
1433 237 1524 278 547

69 342 385 396 Peloponnenses
402 345 599 392 inmisere,
620 346 690 396 qui
707 344 846 384 bellum
867 345 1171 384 Atheniensibus
1179 345 1390 393 facerent.
1418 349 1524 388 Par-

68 412 144 438 vae
174 408 270 438 tunc
293 404 500 454 temporis,
530 403 656 439 classe
686 403 726 439 in
754 402 975 454 Aegyptum
1004 405 1147 450 missa,
1177 406 1284 441 vit-es
1306 406 1522 446 Athenien-

66 459 169 495 sium
193 461 323 496 erant.
373 457 598 496 Inchoatum
620 471 711 509 ergo
742 460 817 495 iam
849 460 1042 509 superiore
1062 472 1164 497 anno
1187 460 1327 498 bellum
1348 471 1451 510 crat,
1487 467 1520 502 si

65 513 239 562 quidem,
265 519 309 551 ut
332 515 398 551 ille
430 517 504 561 ait,
533 516 667 552 classis
698 513 826 552 Attica
851 517 891 552 in
924 515 1100 566 Aegypto
1131 517 1387 565 attinebatur3
1418 520 1519 570 quod

63 571 189 619 ipsum
214 576 430 620 agnoscunt
459 570 596 622 Lysias
629 570 737 608 Orat.
766 569 862 608 Fun.
894 585 926 611 e.
954 573 1024 612 15.
1053 580 1091 610 et
1118 571 1307 610 Aristides
1343 573 1388 610 T.
1421 576 1448 614 1.
1482 590 1518 625 p.

66 627 177 666 270.
208 625 346 663 Wnss.

175 682 282 722 463.
320 681 388 722 14.
434 676 659 733 Ἔνίκησαν
682 679 898 734 Ἀθηναῖοι
926 679 1090 739 μεγάλῳ
1122 680 1257 739 στόλῳ
1282 684 1517 726 καταπλεύ-

62 738 233 788 σαντες]
265 736 498 788 Interpunge
517 745 605 788 post
617 736 858 790 Ἀθηναῖοι,
888 748 926 777 et
946 740 1012 778 καὶ
1036 748 1125 778 ante
1152 738 1317 796 μεγάλῳ
1343 747 1515 781 restitue.

60 793 198 833 Ruon.
234 792 324 831 Non
353 804 502 842 sequor.
552 794 807 832 Athenienses
836 799 939 833 enim
958 798 1078 834 classe
1110 798 1158 834 ad
1181 796 1315 834 Halins
1338 802 1515 849 provecti

59 853 260 896 vicerunt,
290 851 324 886 si
351 856 480 887 tamen
512 853 710 889 vicerunt:
739 864 899 901 namque
925 862 1040 903 negat
1071 853 1320 905 Thucydides
1350 854 1379 893 1.
1409 857 1511 896 105.

56 902 191 944 Potius
210 906 374 943 arbitrer
393 908 568 955 copulam
597 907 758 945 deficere
780 916 870 946 ante
892 906 1099 961 ἀνέβησαν
1120 937 1132 956 ,
1160 923 1255 961 quae
1287 916 1326 946 et
1349 910 1399 950 H.
1423 911 1514 949 Ste-

57 961 174 1013 phani
210 964 416 1002 sententia.
467 957 630 1011 ςΛλιεῖς
661 966 831 1002 illustrat
867 965 916 1003 ad
954 965 1172 1017 Thucydid.
1214 967 1422 1017 diligenter
1453 968 1509 1008 Io.

57 1018 208 1057 Wasse.
238 1018 379 1058 Wess.

170 1075 274 1114 Ibcd.
303 1072 520 1127 Ἔνίκησαν
543 1072 719 1127 Ἀθην]
760 1077 913 1129 Pugnat
943 1091 1028 1116 cum
1051 1076 1223 1117 Diodoro
1247 1077 1510 1130 Thucydides,

55 1133 122 1181 qui
141 1132 345 1170 victoriam
364 1129 575 1169 Corinthiis
603 1133 809 1171 adiudicat.
840 1134 940 1172 Eum
961 1135 1048 1172 vide
1070 1134 1111 1172 L.
1133 1135 1162 1174 Ι.
1193 1137 1294 1176 105.
1322 1136 1452 1174 ΡΑιΜ.

167 1189 276 1229 463.
309 1189 379 1229 16.
406 1185 649 1240 Ἀνέβησαν
672 1189 728 1236 εἷς
746 1187 822 1243 τὴν
845 1187 1109 1242 Πελοπόνν]
1137 1191 1246 1230 Nihil
1264 1206 1401 1230 verear
1418 1200 1510 1231 ante

56 1239 269 1296 ἀνέβησαν
291 1230 430 1283 3ᾱάεῆ
454 1244 534 1283 καί.
562 1244 718 1282 STEPH.

164 1301 271 1341 463.
305 1301 375 1342 19.
414 1300 520 1353 Περὶ
540 1298 616 1353 τὴν
635 1299 944 1355 ὀνομαζομένην
966 1303 1289 1357 Κεκρυφαλιάν]
1319 1306 1508 1344 Aristides

53 1353 101 1403 Τ.
121 1354 151 1393 I.
182 1369 218 1406 p.
239 1358 348 1407 269.
371 1354 513 1396 ἐνίκων
539 1355 616 1408 μέν
640 1373 686 1410 ye
716 1359 928 1414 ναυμαχίᾳ
950 1361 1315 1411 Πελοποννησίους
1343 1361 1407 1401 ἐπὶ
1427 1364 1505 1402 Κε-

49 1412 272 1469 κρυφαλίᾳ.
301 1411 458 1450 Rectius
477 1411 726 1465 Thucydides
745 1411 1075 1469 Κεκρυφάλειαν,
1093 1423 1131 1453 et
1141 1415 1374 1467 StephanuS,
1398 1423 1507 1456 cuius

51 1481 243 1517 errorem,
272 1482 346 1520 quo
373 1469 581 1521 Aeginetas
612 1471 813 1509 victoriam
842 1472 889 1508 de
909 1471 1211 1510 Atheniensibus
1241 1474 1289 1510 ad
1318 1474 1389 1512 hoc
1415 1489 1508 1525 pro-

49 1527 285 1564 montorium
314 1534 528 1576 reportasse
557 1529 634 1574 ait,
662 1527 1021 1566 animadverterunt
1053 1530 1131 1566 viri
1169 1528 1284 1567 docti.
1327 1530 1426 1568 Vide
1447 1532 1508 1569 lo·-

51 1580 158 1630 seph.
188 1581 350 1632 Wasse,
378 1582 562 1620 Aristidis
594 1585 710 1621 etiam
738 1585 823 1621 loco
853 1598 986 1631 usum,
1025 1586 1068 1622 in
1095 1583 1314 1636 Thucydid.
1344 1586 1373 1624 I.
1402 1589 1505 1628 105.

51 1637 164 1683 Quod
195 1644 325 1676 autem
357 1638 470 1676 modo
503 1639 604 1677 dixit
624 1638 775 1692 συνέβη
804 1636 920 1692 μάχη
949 1641 1114 1679 fortasse
1135 1642 1236 1678 alius
1267 1645 1309 1680 in
1330 1642 1507 1696 συνέστη

49 1701 296 1734 converteret
315 1693 362 1733 ob
383 1708 415 1733 c.
441 1696 513 1737 80.
545 1702 584 1733 et
610 1695 705 1736 ΧΠ.
729 1697 768 1737 5.
816 1696 960 1736 Verum
991 1710 1127 1735 caussa
1157 1700 1290 1750 gravis
1323 1712 1402 1737 non
1433 1707 1505 1738 est.

50 1751 187 1790 Wnss.

163 1807 271 1848 1163.
298 1807 373 1848 30.
398 1802 643 1857 Ἀπὲβαλον
667 1801 844 1861 τριήρεις
874 1804 1193 1862 ἑβδομήκοντα]
1244 1808 1506 1849 Consentiunt

51 1861 300 1914 Thucydides
321 1871 359 1900 et
368 1861 504 1914 Lysias
519 1863 627 1902 Orat.
646 1863 800 1901 Parent.
822 1878 853 1901 c.
871 1867 890 1905 1
903 1866 941 1905 5.
974 1866 1077 1903 Victi
1099 1866 1311 1918 Aeginetae
1331 1870 1371 1904 in
1387 1867 1506 1905 Athe-

47 1922 243 1958 niensium
263 1919 448 1957 ditionem
467 1928 740 1958 coneesserunt
761 1920 821 1958 his
844 1922 1013 1972 legibus,
1042 1929 1085 1958 ut
1115 1936 1243 1959 muros
1273 1923 1506 1961 demoliren-

49 1983 137 2024 tur,
163 1989 281 2014 naves
301 1975 499 2028 traderent
518 1983 632 2026 atque
662 1979 846 2027 imperata
867 1979 1060 2025 facerent,
1091 1977 1311 2028 Thucydid.
1345 1979 1381 2029 ¹2
1401 1982 1504 2020 108.

51 2031 144 2070 Scio
162 2031 238 2075 hue
252 2027 394 2074 ‚referri
412 2039 525 2071 atrox
545 2033 761 2081 decretum,
788 2046 862 2083 quo
883 2034 1157 2085 Aeginetarum
1179 2037 1386 2084 unicuique
1410 2036 1504 2072 dex-

48 2096 132 2127 trae
151 2089 288 2126 manus
306 2088 484 2138 pollicem
505 2092 695 2139 amputari
725 2093 893 2128 victores
913 2090 1169 2128 Athenienses
1190 2093 1386 2129 iusserunt
1405 2093 1505 2142 apud

49 2144 201 2185 Aelian.
221 2143 311 2183 Var.
342 2141 447 2183 Hist.
466 2145 511 2186 L.
536 2145 587 2187 11.
611 2147 667 2196 9.‚
696 2146 763 2184 sed
791 2147 833 2184 id
855 2151 978 2186 serius
1008 2147 1206 2185 conditum
1224 2148 1323 2195 fuit,
1351 2156 1393 2185 ut
1409 2150 1504 2186 alias

50 2201 287 2240 ostendetur.
311 2200 452 2240 Wnss.

161 2258 269 2299 463.
302 2259 376 2300 38.
414 2255 723 2310 Ὠνομασμὲνος
745 2255 791 2299 τὸ
813 2256 955 2312 γένος]
985 2261 1181 2304 Quaenam
1199 2273 1296 2312 gens
1315 2262 1383 2298 illa
1402 2259 1505 2298 fuit?

54 2313 101 2351 de
118 2326 193 2364 qua
211 2315 328 2352 silent
347 2327 500 2362 omnes,
528 2322 566 2352 et
587 2323 644 2352 est
664 2316 733 2353 illa
754 2329 834 2354 vox
854 2315 1059 2363 mendosa,
1087 2319 1122 2354 si
1142 2329 1238 2365 quae
1258 2318 1348 2356 alia.
1379 2316 1503 2354 Credo

49 2369 308 2420 reponendum
333 2371 492 2418 Νοαΐος
509 2369 585 2423 μὲν
604 2368 651 2411 τὸ
675 2370 801 2424 γένος.
844 2372 942 2409 Nam
962 2371 1182 2422 Stephanus
1201 2372 1334 2411 habet:
1376 2371 1502 2421 No'ae,

51 2423 98 2466 τὸ
122 2422 287 2466 &mxcv
305 2426 477 2475 Νοαΐος,
503 2426 588 2467 ἐστὶ
606 2426 651 2467 δὲ
671 2424 788 2474 πόλις
801 2427 998 2475 Σικελίας.
1021 2428 1146 2477 Noae,
1167 2428 1315 2480 gentile
1328 2429 1502 2478 Noaezw,

54 2489 115 2520 est
135 2489 266 2520 autem
287 2481 380 2520 urbs
403 2482 582 2522 Siciliae.
627 2483 685 2522 Ea
704 2485 795 2522 urbs
816 2483 959 2522 Suidae
980 2492 1017 2522 et
1045 2484 1240 2524 Favorino
1271 2493 1503 2523 memoratur

52 2534 178 2578 Νόαι.
204 2535 335 2576 Plinio
355 2541 469 2577 etiam
482 2539 639 2578 Noaem'
657 2540 700 2580 L.
716 2540 783 2578 111.
808 2544 943 2590 cap.8.
972 2542 1015 2578 in
1034 2542 1326 2580 mediterraneis
1341 2541 1502 2580 Siciliae

51 2601 312 2632 recensentur.
343 2593 451 2634 Infra
478 2610 571 2634 vero
591 2595 785 2634 Diodorus
807 2599 888 2647 ipse
915 2609 953 2646 p.
976 2599 1083 2640 288.
1113 2597 1171 2636 ed.
1195 2597 1328 2647 Steph.
1360 2597 1406 2634 de
1437 2611 1503 2634 eo-

53 2646 140 2688 dem
168 2649 331 2689 Ducetio
359 2650 452 2689 haec
471 2651 602 2690 habet:
632 2650 840 2707 ἀθροίσας
870 2649 1044 2706 δύναμιν
1068 2650 1304 2707 ἀξιόλογον,
1330 2651 1406 2699 τὰς
1426 2652 1502 2704 μὲν

53 2706 179 2756 Νέας,
209 2703 299 2759 ἥτις
315 2699 366 2760 ἦν
387 2704 517 2747 αὐτοῦ
537 2708 698 2761 πατρὶς,
724 2705 947 2764 μετῴκισεν
971 2710 1026 2758 εἷς
1047 2708 1094 2750 τὸ
1126 2710 1280 2750 πεὸἰόν.
1309 2724 1394 2748 cum
1422 2711 1502 2746 col-

54 2765 218 2814 legisset
236 2765 372 2816 eopias
394 2762 656 2813 sufficientes,
685 2765 795 2803 Neas
814 2767 989 2816 quidem,
1014 2780 1115 2818 quae
1134 2768 1219 2805 eius
1238 2773 1331 2804 erat
1338 2769 1501 2818 patria,

54 2820 94 2858 in
115 2829 274 2872 campos
291 2820 477 2868 deduxit,
505 2828 661 2859 mutata
684 2821 944 2860 habitatione.
978 2822 1055 2861 Sed
1077 2836 1163 2860 cum
1185 2824 1314 2860 nuilus
1335 2824 1433 2860 alius
1454 2822 1502 2859 de

54 2876 148 2914 urhe
168 2872 274 2916 Νέαι
303 2877 346 2914 in
365 2873 502 2916 Sicilia
519 2878 656 2916 fecerit
682 2881 938 2927 mentionem,
963 2881 1047 2917 sine
1074 2879 1189 2917 dubio
1221 2879 1426 2931 legendum
1448 2879 1503 2916 ibi

1134 2935 1226 2975 35*
