1828 3253
494 184 559 224 IN
586 184 697 224 LIB.
728 185 772 225 V.
811 184 937 224 CAP.
968 187 1043 227 29.
1065 187 1139 227 30.
1433 189 1528 230 429

84 299 191 351 quod
207 303 269 338 eet
283 297 537 339 reticulatum
558 299 597 336 in
619 298 745 338 medio
758 298 933 348 fundae.
954 296 1206 338 scutulatum
1228 301 1355 350 igitur
1374 311 1528 351 sagam,

83 356 297 394 reticulate
326 350 552 395 distinctum
575 368 624 393 ac
651 358 844 406 virgatum
856 361 1078 407 propte-rea
1106 356 1273 406 birgilzo
1295 364 1335 394 et
1350 356 1406 394 Pr
1399 370 1525 409 oper·

86 414 154 449 tio.
184 411 290 449 Haec
308 411 383 449 Ios.
401 409 577 462 Scaliger
596 409 765 448 Coniect.
786 414 827 448 in
847 411 1006 449 lat-ron
1029 424 1064 460 p.
1085 414 1171 458 67„
1202 413 1353 460 quibus,
1387 416 1460 450 etsi
1479 416 1522 451 in

84 471 304 516 opinionem
325 470 478 506 venerit
497 466 609 504 Bern.
632 466 802 504 Martino
824 466 867 504 L.
887 467 950 504 lv.
972 467 1058 504 Var.
1080 467 1185 505 Lect.
1209 482 1241 506 c.
1267 469 1307 507 9.
1335 469 1521 518 quaedam

81 525 313 572 rescribere,
346 524 474 560 album
492 525 678 560 calculum
698 524 835 560 addere
857 536 935 560 non
954 524 1173 560 reformido.
1212 519 1377 574 ‘Pciffdm
1409 538 1520 574 saepe

82 583 216 631 virgae
239 586 350 627 sunt,
381 580 519 629 quibus
537 581 773 616 scutularum
795 582 835 616 in
855 593 998 616 morem
1017 580 1246 617 lacertorum
1267 582 1522 628 serpentium-

84 648 156 684 que
176 644 284 686 terga
302 643 393 672 sunt
410 648 554 684 sparsa,
585 637 707 674 veluti
724 636 823 685 apud
843 635 992 672 Aelian.
1016 636 1062 672 de
1086 635 1250 672 Animal.
1269 636 1310 672 L.
1331 636 1421 673 Xll.
1445 638 1519 677 25.

82 699 120 729 et
140 693 229 729 infr.
251 690 293 732 L.
313 690 439 729 XVII.
463 693 558 738 9Ο.;
586 692 798 729 cuiusmodi
826 693 989 742 virgatis
1010 693 1167 729 maculis
1197 705 1282 728 cum
1301 691 1452 730 hinnuli
1482 700 1521 731 et

80 747 400 797 camelopardales
420 748 720 799 distinguantur,
738 747 922 785 Straboni
939 747 1046 785 XVI.
1066 762 1102 797 p.
1127 749 1262 788 1120.
1289 745 1523 801 ῥαβδωτοῖς

79 802 237 849 σπίλοις
267 802 596 855 κατεστιγμὲναι,
634 812 678 841 ut
707 806 848 854 optime
878 806 1039 855 corrigit
1066 803 1122 843 Cl.
1148 802 1382 851 Salmasius,
1407 816 1522 852 quem

78 860 168 898 vide
189 858 380 910 Scaligeri
407 867 532 912 partes
555 861 772 911 amplexum
801 860 850 898 ad
876 859 986 901 Flav.
1010 861 1166 910 Vopisci
1186 858 1314 898 Carin.
1337 873 1368 897 c.
1390 863 1463 901 20.
1482 874 1520 911 p.

82 917 186 957 859.
211 915 352 956 WEss,

190 972 296 1011 353.
331 973 405 1012 99.
452 971 624 1024 Θυρεοῒς
649 970 724 1024 μὲν
754 967 1060 1023 ἀνδρομήκεσι]
1094 971 1194 1009 Vide
1213 985 1304 1009 mox
1325 985 1357 1009 c.
1381 972 1453 1011 39.
1483 978 1522 1010 et

77 1024 310 1065 Pausaniam
346 1028 447 1065 Vlss.
495 1030 564 1068 50.
597 1028 651 1065 X.
693 1030 767 1068 20.
821 1027 994 1076 Utroque
1032 1028 1252 1065 distinctius
1290 1029 1425 1065 Livius
1473 1027 1518 1068 L.

78 1083 307 1121 XXXVIII.
332 1086 405 1124 21.
437 1084 563 1122 Scuta
584 1086 716 1134 longa,
737 1091 908 1123 ceterum
925 1087 980 1122 acl
993 1086 1288 1136 amplitudinem
1312 1097 1520 1136 amporam

73 1152 222 1192 param
242 1141 343 1187 lata,
376 1147 417 1177 et
437 1155 484 1178 ea
506 1143 592 1192 ipsa
606 1143 747 1192 plana,
775 1143 876 1178 male
903 1141 1089 1190 tegebant
1111 1142 1264 1180 Gallos.
1293 1140 1432 1178 W'Ess.

191 1197 296 1236 353.
316 1198 359 1236 4.
388 1196 473 1235 Καὶ
494 1212 628 1247 παμμ.
651 1197 887 1249 φαντασίαν
908 1196 1153 1249 ἐπιφέροντα
1176 1202 1262 1242 τοῖς
1276 1194 1520 1248 χρωμένοις]

78 1251 282 1301 Vulgatam
302 1253 572 1300 praeeuntibus
592 1253 701 1289 libris
723 1256 886 1290 correxi.
926 1252 1066 1290 Galeae
1087 1255 1189 1299 illos,
1216 1264 1376 1301 quorum
1395 1255 1521 1302 capita

78 1308 273 1358 tegebant,
299 1315 342 1345 ut
361 1310 476 1359 longe
497 1311 731 1356 proceriores
754 1309 1000 1356 viderentur,
1030 1309 1264 1356 efficiebant,
1293 1309 1393 1357 quod
1414 1316 1452 1345 et
1473 1308 1520 1346 de

79 1362 246 1401 Cimbris
278 1364 449 1414 prodidit
480 1364 709 1402 Plutarchus
738 1367 779 1402 in
799 1364 921 1402 Mario
946 1378 982 1415 p
1002 1366 1109 1405 420.
1129 1363 1173 1401 Β.
1203 1361 1333 1416 κοάνη
1358 1380 1408 1415 με
1393 1381 1434 1403 cv
1464 1365 1523 1404 εἷ-

76 1428 262 1471 νασμενα
290 1419 454 1472 θηοίων
483 1423 673 1487 φοβερῶν
699 1416 889 1472 χάσιιασι
919 1420 986 1460 καὶ
1012 1425 1242 1474 ποοτομαῖς
1263 1417 1524 1474 ῗὸιομόοᾳοις

79 1472 260 1527 ἔχοντες,
302 1473 328 1515 ἃ
359 1473 617 1529 ἐπαιρόμενοι
647 1474 793 1529 λόᾳοις
822 1492 895 1516 πτε
900 1482 1048 1529 οωτοΐς
1080 1477 1135 1522 εἷς
1162 1474 1273 1528 ύψος
1302 1476 1520 1532 ἐᾳαίνοιτο

78 1531 252 1583 μείζους.
282 1538 320 1568 et
339 1531 386 1569 de
408 1531 591 1570 Romanis
614 1533 800 1600 Polybius
820 1532 863 1569 L.
883 1533 946 1571 VL
971 1536 1047 1573 21.
1074 1533 1125 1570 W
1130 1543 1214 1569 Ess.

194 1589 299 1627 353
328 1590 368 1628 7.
398 1585 499 1628 Σάὶι
476 1603 633 1641 πιγγας
655 1587 696 1627 δ’
729 1587 889 1630 {bovem
910 1589 1124 1656 ἰδιοφυεῖς]
1161 1589 1333 1626 Carnum
1355 1601 1423 1626 suo
1442 1601 1523 1626 ser·-

78 1656 192 1681 mone
211 1645 342 1682 tubam
364 1644 468 1682 Galli
486 1645 739 1695 adpellabant.
781 1645 998 1695 Hesychius
1018 1642 1201 1695 Κάονον,
1221 1643 1296 1696 τὴν
1319 1641 1410 1683 σάὶι
1387 1660 1521 1697 πιγγα

78 1696 279 1740 Γαλάται.
296 1700 544 1748 Eustathius,
574 1703 638 1749 qui
661 1714 744 1738 eam
767 1701 987 1751 descripsit,
1018 1703 1147 1751 paullo
1168 1703 1281 1738 aliter
1299 1704 1340 1738 in
1361 1700 1519 1738 Homer.

78 1768 115 1806 p.
142 1757 278 1796 1139.
286 1771 426 1822 τριτη
455 1752 480 1808 ἦ
514 1758 601 1797 Γα)
593 1754 746 1808 ατικὴ,
776 1755 987 1807 χωιευτὴ,
1032 1755 1080 1796 οὗ
1102 1753 1209 1795 πάνυ
1231 1771 1308 1808 με)
1311 1753 1412 1808 άλη,
1445 1754 1520 1796 τὸν

78 1808 254 1852 κώδωνα
284 1809 435 1863 ἔχουσα
444 1807 758 1881 θηοιᾶμορᾳόν
784 1828 875 1852 τινα
906 1811 973 1851 καὶ
1004 1810 1131 1852 αὐλὸν
1151 1809 1427 1863 μολύβὸιιον,
1464 1811 1521 1859 εἷς

78 1864 126 1908 ὃν
147 1867 388 1921 ἔμᾳυσῶσιν
416 1884 454 1908 οι
477 1868 712 1908 σαλπισταί.
742 1866 825 1908 ἔστι
851 1866 933 1908 δὲ’
915 1865 1083 1921 οξύᾳωι
1087 1883 1131 1914 ος
1151 1883 1218 1907 και
1238 1869 1419 1907 καλεῖται
1438 1863 1519 1908 υπὸ

75 1925 160 1963 τῶν
190 1924 362 1968 Κελτῶν
393 1925 453 1965 Κ
447 1925 562 1964 ΑΡΝ
567 1922 644 1968 Y
610 1938 651 1961 ·-··.
699 1925 879 1962 tubarum
911 1931 973 1962 ter
978 1928 1033 1963 tia
1060 1925 1220 1964 Gallica
1251 1931 1330 1971 est,
1346 1924 1519 1971 fusoria

79 1987 171 2018 arte
180 1979 323 2028 facta,
349 1994 426 2018 non
446 1983 651 2020 admodum
671 1994 840 2030 magna,
865 1994 968 2032 quae
987 1983 1194 2026 codonem,
1217 1983 1300 2018 sive
1324 1993 1379 2027 os,
1399 1981 1523 2018 habet

66 2037 198 2085 ferae
221 2038 391 2086 alicuius
399 2039 565 2088 figura,
598 2044 639 2074 et
655 2039 808 2086 aulam,
834 2040 915 2076 sive
938 2039 1121 2084 canalem,
1139 2036 1377 2089 plumbeum,
1404 2050 1517 2088 quem

78 2093 270 2131 tubicines
298 2095 453 2144 inflant.
506 2093 583 2131 Est
610 2101 741 2131 autem
769 2101 887 2131 acuto
921 2106 1037 2141 son0,
1066 2100 1107 2131 et
1134 2100 1303 2131 vocatur
1330 2105 1356 2129 a
1396 2094 1519 2131 Celtis

80 2148 330 2188 GARNYX.
369 2151 497 2196 Quae,
526 2152 615 2200 quia
634 2149 703 2187 Ph.
722 2148 924 2188 Cluverius
953 2150 995 2188 L.
1016 2150 1045 2187 Ι.
1074 2149 1120 2186 G.
1145 2149 1189 2186 A.
1219 2162 1252 2186 c.
1273 2149 1376 2196 49.,
1404 2150 1517 2186 tubas

78 2205 247 2243 Gallicas
276 2218 325 2242 cx
344 2204 508 2244 Diodori
535 2208 620 2244 loco
638 2207 861 2254 illustrans,
893 2207 1141 2258 neglexerat,
1166 2218 1370 2255 excerpere
1390 2206 1520 2244 visum.

76 2262 165 2299 fuit.
193 2261 328 2300 Wnss.

192 2318 296 2357 353.
320 2317 390 2358 13.
417 2314 548 2371 Παρὰ
567 2315 644 2370 τὴν
663 2313 798 2364 δεξιὰν
818 2313 973 2370 λαγόνα
993 2313 1354 2370 παρατεταμένας]
1374 2316 1520 2356 Eadem

78 2385 128 2411 ex
147 2373 356 2411 Posidonio
374 2373 488 2412 habet
507 2373 647 2412 Strabo
670 2374 732 2411 [V.
756 2387 791 2423 p.
815 2375 919 2415 301.
939 2374 983 2412 A.
1018 2374 1159 2412 Wssss.

191 2430 297 2469 353.
322 2431 390 2469 16.
411 2427 482 2476 Ἅς
501 2429 642 2471 ἔκεῖνοι
662 2430 832 2482 λαγκίας
852 2431 1040 2481 καλοῦσι]
1070 2430 1232 2467 Videtur
1250 2428 1371 2478 prima
1393 2430 1517 2478 specie

77 2482 240 2537 ἇγκειάς
257 2485 498 2534 vocabulum,
513 2487 612 2535 quod
635 2489 677 2524 in
697 2486 922 2534 quibusdam
932 2485 1064 2534 Codd.,
1087 2486 1279 2523 Gallicum
1301 2484 1392 2532 quid
1408 2497 1517 2533 prae·

76 2542 190 2579 ferre.
228 2540 351 2578 Erant
371 2544 473 2580 enim
493 2540 669 2595 ἄῃωνες
697 2537 869 2593 δοράτια
899 2540 946 2581 οὐ
977 2542 1068 2581 λίαν
1099 2539 1274 2592 σμικρὰ,
1309 2538 1394 2579 ἀλλ’
1422 2538 1519 2579 οὐδὲ

76 2593 248 2650 μεγάλα,
269 2594 355 2635 ἀλλ
376 2594 474 2637 ὅσον
494 2596 795 2648 ἇκοιΝτιζεσθαι,
815 2595 928 2637 εἷ’που
949 2595 1101 2650 δεήσοι,
1123 2596 1517 2647 apudEtymologum.

81 2653 159 2690 Sed
176 2652 402 2691 Francicum
421 2654 461 2690 id
484 2660 522 2691 et
541 2657 609 2692 teli
627 2668 749 2707 genus
768 2664 806 2690 et
825 2669 849 2692 ι
853 2654 1073 2701 ocabulum,
1101 2660 1198 2690 teste
1217 2651 1382 2703 Agathia
1400 2651 1442 2688 L.
1465 2652 1515 2692 II.

79 2723 115 2759 p.
136 2710 210 2749 40.
230 2710 288 2746 ed.
310 2709 447 2757 Paris„
472 2712 625 2761 longius
646 2711 763 2748 distat
781 2710 826 2747 ab
849 2707 1011 2762 ἀγκείας
1036 2720 1153 2756 voce3
1191 2720 1303 2757 quam
1322 2721 1393 2758 ego
1416 2710 1516 2745 scri-

80 2766 252 2803 bentium
273 2773 427 2816 peccato
444 2768 683 2817 progenitam
703 2767 879 2803 arbitror.
903 2766 1063 2804 Lancea
1084 2765 1236 2815 quidem
1246 2763 1430 2812 Hispanis
1447 2766 1517 2801 tri-

81 2823 212 2860 buitur
230 2836 253 2861 a
272 2822 465 2871 Varrone,
501 2825 610 2862 cuius
644 2825 836 2861 sententia
862 2820 1008 2861 Celtico
1035 2822 1224 2862 vocabulo
1253 2819 1355 2857 haud
1382 2827 1514 2858 nocet:
