1828 3253
478 159 542 198 IN
580 156 692 198 LIB.
724 157 753 195 1.
783 157 912 196 CAP.
945 157 1021 198 44.
1051 158 1127 199 45.
1439 159 1496 199 75

65 274 190 314 videri
216 275 419 321 vitiosum,
456 273 596 322 vixque
622 273 681 309 illi
710 273 881 309 succurri
911 283 1044 321 posse,
1082 271 1160 308 nisi
1193 274 1225 309 si
1266 279 1332 309 aut
1371 272 1498 309 deleas

65 344 180 369 voces
200 328 278 370 ἀπὸ
297 325 519 383 μυριάδός,
547 329 683 377 quibus
704 329 863 365 sublatis
883 334 921 365 et
941 329 1062 364 oratio
1086 334 1124 363 et
1143 341 1331 366 annorum
1349 329 1499 366 numeri

66 390 318 434 convenient3
347 392 435 432 aut,
462 387 550 433 quia
569 386 775 423 violentius
795 383 888 431 hoc,
918 380 996 423 ἀπὸ
1030 384 1163 435 Μηνᾶ
1194 398 1217 421 α
1250 399 1345 435 rege
1376 385 1497 422 Mena

67 457 210 494 usque,
246 444 312 492 qui
339 445 480 491 primus
510 441 703 479 hominum
736 454 870 491 regum
910 447 948 476 ct
980 443 1086 476 cuius
1117 453 1140 476 a
1168 453 1287 488 regno
1319 443 1412 478 anni
1439 443 1499 478 illi

69 501 294 546 decurrunt,
334 498 489 536 scribas.
525 498 659 535 VVEss.
714 496 895 534 Lai-cheri
919 494 1162 548 (chronolog.
1199 496 1342 536 Herod.
1364 512 1399 548 p.
1421 498 1497 538 49.

72 554 163 609 50.)
182 555 227 592 de
248 555 307 592 his
329 561 368 592 et
384 555 628 602 sequentibus
649 556 886 591 coniecturas
902 559 1028 590 tacere
1047 559 1223 602 praestat.

181 611 251 652 53.
278 605 419 652 85.va
442 608 527 656 νέος
545 606 750 656 Διόνυσος
765 605 1057 661 χρηματίζων]
1085 608 1323 646 Ptolemaeus
1344 607 1499 646 Auletes

70 674 150 715 est,
179 679 289 716 quem
314 665 549 717 Porphyrius
580 668 618 703 in
646 666 824 715 Excerpt.
860 664 1051 716 scaligeri
1076 664 1303 702 Eusebianis
1328 678 1363 714 p.
1393 667 1498 706 226.

68 724 199 762 eodem
226 725 319 762 novi
345 722 501 761 Bacchi
524 724 635 760 titulo
655 728 790 770 ornat,
826 724 980 772 egregie
1007 723 1189 770 explicito
1215 722 1261 759 ab
1281 721 1340 760 lll.
1360 721 1499 758 Ezech.

69 779 270 830 Spanhem.
299 778 462 818 Dissert.
487 779 570 818 VH.
601 779 647 816 de
677 778 757 816 Usu
789 784 828 815 et
857 777 1003 816 Praest.
1032 778 1144 816 Num.
1176 790 1211 826 p.
1239 778 1347 818 436.
1374 778 1502 815 Patris

66 837 266 874 stultitiam
293 838 480 875 aemulata
512 842 570 873 est
602 834 822 885 Cleopatra,
857 832 912 880 εἷς
942 835 1107 886 πλῆθος
1140 832 1325 881 ἐξιοῦσα,
1351 831 1502 884 στολὴν

67 889 339 946 ἱερὰνἼσιόος
358 888 561 943 ἐλάμβανε
581 890 648 930 καὶ
667 891 792 931 NEA
813 890 875 930 IE
897 890 936 929 E
953 886 1218 943 ἐχρημάτισε,
1247 893 1286 928 in
1305 890 1503 942 publicum

68 961 188 987 sacra
220 949 342 988 Isidis
367 956 473 987 veste
503 955 650 987 ornata
666 947 884 1001 prodibat,
912 946 1027 986 Nova
1055 947 1135 986 Isis
1154 948 1381 999 appellata,
1410 947 1504 986 Plu-

68 1005 188 1043 tarch.
212 1004 258 1043 T.
278 1005 306 1042 Ι.
327 1019 361 1055 p.
382 1006 487 1046 941.
517 1005 651 1042 Wssss.

183 1062 254 1101 53.
275 1064 346 1102 88.
383 1060 600 1107 Αἰθίοπας
619 1056 853 1113 τέσσαρας]
880 1058 1099 1097 Herodotus
1119 1058 1347 1109 Aethiopum
1368 1059 1409 1098 in
1429 1058 1506 1097 Ae-

69 1124 187 1169 gypto
206 1130 316 1169 reges
332 1119 462 1155 multis
483 1118 654 1168 partibus
673 1119 801 1166 plures
821 1116 933 1154 habet
951 1116 999 1154 Π.
1023 1118 1123 1157 100.
1151 1116 1285 1154 Wssss.

184 1175 254 1214 53.
275 1175 348 1214 92.
384 1172 518 1213 Πέντε
549 1171 652 1227 πρὸς
678 1178 765 1219 τοῖς
796 1169 942 1213 ἑκατὸν
969 1172 1037 1212 καὶ
1059 1168 1305 1224 τριάκοντα]
1333 1171 1420 1210 Nisi
1447 1171 1506 1210 di-

70 1232 209 1268 stincte
238 1243 360 1270 annos
390 1240 547 1278 cxxxv,
574 1230 710 1279 quibus
737 1229 876 1267 Persae
907 1228 1108 1280 Aegyptiis
1126 1231 1381 1279 imperarunt,
1405 1235 1442 1266 et
1462 1242 1507 1266 ea

69 1292 277 1336 temporum
304 1288 529 1335 intervalla,
564 1287 699 1336 quibus
735 1299 866 1324 eorum
896 1288 1095 1335 imperium
1136 1286 1395 1322 detrectarunt
1430 1286 1506 1322 Ac-

70 1345 216 1394 gyptii,
242 1344 502 1393 intellexeris,
530 1345 572 1380 in
590 1342 650 1380 his
670 1355 777 1382 error
798 1345 883 1380 erit.
940 1340 1145 1392 Cambyses
1163 1342 1380 1393 Aegyptum
1406 1342 1506 1379 bello

70 1412 273 1450 aggressus
295 1405 354 1436 est
371 1401 485 1437 tertio
511 1399 664 1449 Olymp.
685 1409 800 1434 Lxffl.
826 1412 951 1446 anno,
977 1405 1020 1435 ut
1039 1405 1097 1435 est
1120 1412 1151 1436 c.
1172 1401 1256 1441 68³3
1277 1405 1314 1437 et
1333 1399 1508 1448 sequenti

69 1458 113 1496 in
132 1456 316 1493 ditionem
336 1468 443 1493 suam
459 1456 619 1507 redegit.
661 1454 833 1494 Eandem
853 1454 1072 1492 Alexander
1092 1457 1213 1493 altero
1233 1454 1386 1504 Olymp.
1408 1464 1511 1495 exn.

73 1525 176 1550 anno
210 1514 430 1562 occupavit,
472 1513 542 1550 inf.
569 1511 693 1549 XVII.
713 1512 787 1551 49.
816 1518 977 1561 suntque
1004 1511 1100 1548 adeo
1126 1513 1228 1549 inter
1253 1510 1450 1562 Cambysis
1472 1515 1510 1547 et

70 1567 282 1606 Alexandri
312 1569 573 1618 expeditiones
605 1567 851 1618 Olympiades
891 1578 1024 1605 XLV111
1072 1581 1158 1606 cum
1198 1568 1345 1607 duobus
1383 1568 1508 1605 annis.

75 1626 222 1672 Quare,
255 1627 290 1662 si
315 1626 358 1661 in
386 1637 569 1662 summam
597 1624 719 1663 additi
750 1626 829 1662 sint
855 1626 948 1663 anni
981 1625 1239 1669 defectionum
1256 1624 1512 1676 Aegyptiaca-

72 1692 182 1729 rum,
213 1687 327 1718 erunt
346 1690 481 1718 cxciv.
514 1681 649 1721 Wssss.

188 1738 260 1777 53.
284 1736 358 1777 95.
399 1735 488 1790 Τὴν
519 1737 574 1784 εἷς
601 1733 699 1784 τοὺς
728 1734 944 1792 ἐγχωρίους
975 1733 1103 1784 θεοὺς
1122 1734 1340 1790 ἀσέβειαν]
1373 1737 1512 1775 Persae

73 1794 179 1831 nulla
200 1795 292 1831 olim
314 1795 538 1842 simulacra,
564 1795 671 1832 nulla
688 1796 848 1845 templa,
873 1796 998 1832 nullas
1020 1807 1107 1832 aras
1128 1794 1376 1842 dedicabant,
1398 1796 1510 1841 alios,

73 1850 208 1899 quibus
227 1849 268 1887 id
287 1851 491 1898 sollemne,
519 1853 703 1888 stultitiae
733 1865 809 1888 non
838 1853 959 1888 solum
978 1852 1230 1898 accusabant,
1258 1858 1412 1888 auctore
1431 1850 1512 1886 He-

71 1906 207 1943 rodoto
233 1905 263 1943 Ι.
288 1907 388 1946 130.
425 1907 491 1946 sed
519 1914 556 1945 et
591 1920 722 1945 eorum
750 1910 935 1959 imagines
965 1920 1166 1957 sacrasque
1194 1907 1306 1944 aedes
1334 1906 1513 1944 incendio

74 1962 274 2009 delebant,
304 1962 405 2011 quod
436 1965 513 2000 illis
532 1965 630 2001 vitio
651 1966 770 2001 vertit
789 1963 974 2001 Isocrates
995 1963 1187 2015 Panegyr.
1210 1977 1244 2013 p.
1270 1965 1371 2004 106.
1398 1963 1514 1999 Prae-

73 2024 132 2056 ter
154 2025 298 2057 ceteras
314 2032 406 2057 vero
427 2022 690 2070 superstitioni
716 2020 925 2071 Aegyptiae
953 2021 1218 2057 acerbissimos
1239 2019 1423 2059 Herodot.
1443 2018 1512 2058 llI.

74 2075 150 2115 29.
176 2074 324 2114 Aelian.
343 2075 407 2113 VI.
427 2075 472 2114 V.
494 2075 546 2113 H.
569 2079 608 2117 8.
639 2083 678 2115 et
704 2076 845 2115 Noster
874 2090 906 2115 c.
927 2077 1003 2119 46.
1032 2084 1069 2114 et
1094 2076 1202 2115 XVI.
1223 2077 1294 2117 52.
1313 2077 1433 2114 fuisse
1453 2082 1515 2112 te-

75 2137 237 2169 stantur.
272 2131 406 2170 Wssss.
1106 2173 1107 2176 Ἴ

191 2187 262 2226 53.
284 2189 357 2228 99.
388 2184 566 2241 ’Ἀνδρας
593 2187 668 2240 μὲν
696 2183 1009 2241 ἑβδομήκοντα]
1046 2189 1189 2227 Iterum
1217 2191 1259 2226 in
1291 2190 1368 2226 alia
1389 2190 1516 2226 omnia

77 2242 110 2279 it
127 2241 311 2282 Herodot.
331 2244 379 2286 11.
403 2245 505 2285 100.
527 2251 565 2281 et
590 2247 692 2286 142.
730 2244 840 2283 Conf.
859 2247 962 2284 infra
981 2259 1013 2283 c.
1036 2248 1109 2287 69.
1135 2245 1268 2283 Wssss.

193 2300 263 2339 54·
288 2302 358 2342 11.
396 2298 584 2353 Μηνᾶν]
632 2300 886 2340 Consentiunt
913 2304 1081 2352 plerique
1109 2315 1240 2340 omnes
1271 2308 1443 2339 veterum
1473 2302 1516 2338 in

78 2356 198 2404 primo
231 2355 302 2393 hoc
333 2368 381 2394 ex
410 2355 627 2395 hominibus
655 2372 770 2409 rege,
798 2371 1025 2407 quamquam
1049 2372 1182 2409 parum
1200 2361 1242 2396 in
1261 2361 1414 2395 nomine
1435 2360 1516 2394 eius

79 2412 299 2450 concordes.
353 2411 572 2451 Herodotus
600 2415 735 2466 Msym
765 2417 878 2462 olim,
907 2428 1011 2453 nunc
1042 2428 1091 2452 ex
1118 2416 1192 2452 lac.
1213 2414 1403 2452 Gronovii
1427 2426 1518 2451 cura

80 2467 202 2506 sza
230 2475 268 2505 et
295 2468 435 2508 Μεῖνα
464 2469 511 2506 Π.
540 2470 583 2508 4.
616 2477 653 2507 et
685 2472 758 2512 99.
788 2473 862 2507 etsi
892 2473 1026 2522 Ζῑζῖῆνα
1059 2474 1100 2509 in
1128 2485 1172 2508 eo
1202 2483 1350 2520 quoque
1382 2472 1519 2521 legerit

80 2521 268 2561 Eusebius
290 2523 429 2561 Chron-
449 2539 484 2574 p.
512 2526 604 2574 14„
623 2535 760 2574 vocat,
789 2540 811 2565 a
831 2540 904 2576 quo
925 2541 1003 2565 non
1021 2530 1135 2578 longe
1148 2528 1255 2564 abest
1286 2527 1516 2563 Claromont.

83 2580 125 2618 2.
140 2606 152 2624 ,
176 2592 247 2616 nce
267 2579 464 2618 Plutarchi
484 2580 530 2617 T.
551 2581 598 2621 ll.
629 2597 666 2633 p.
691 2584 795 2623 3511.
820 2583 864 2620 A.
893 2583 982 2635 περὶ
1015 2583 1187 2629 ,Πῑῖειίἰος
1207 2585 1281 2621 τοῦ
1303 2581 1516 2633 βασιλέως.

84 2632 229 2672 Ceteris
256 2631 409 2687 ΖΠήνης
440 2637 574 2675 Manes
602 2648 668 2676 aut
701 2640 865 2690 ΖΠῆνις,
897 2642 1010 2677 sicuti
1030 2640 1179 2678 Aelian.
1201 2637 1274 2676 XI.
1295 2637 1343 2676 H.
1367 2639 1412 2676 A.
1437 2651 1517 2685 cap.

82 2691 153 2727 ult.
210 2689 268 2728 De
299 2698 423 2730 aetate
452 2693 616 2731 hominis
644 2709 736 2735 vera
763 2697 885 2732 maior
917 2698 1003 2734 rixa
1022 2702 1100 2742 est3
1129 2696 1192 2732 scd
1215 2707 1309 2743 quac
1328 2694 1415 2731 huie
1436 2696 1519 2730 loco

84 2758 218 2794 parum
247 2750 439 2785 convenit.
496 2748 558 2788 Tu
588 2751 676 2789 vide
708 2751 781 2789 lac.
803 2750 979 2789 Perizon.
1003 2751 1154 2802 Origin.
1172 2751 1337 2801 Aegypt.
1359 2764 1391 2786 c.
1415 2751 1453 2790 5.
1483 2754 1522 2786 et

83 2800 133 2839 Is.
152 2801 334 2841 Newtoni
352 2802 534 2842 Chronol.
556 2819 592 2854 p.
615 2808 721 2848 253.
753 2807 888 2845 Wssss.
