1828 3253
274 100 368 142 394
733 93 1248 136 ANNOTATIONES

389 211 494 251 322.
527 211 597 250 10.
622 204 774 261 Ἑζὴτει
793 207 865 249 τὸν
884 208 1100 249 Δαίδαλον
1119 208 1174 257 εἷς
1192 208 1416 263 τιμωρίαν]
1445 209 1490 248 Si
1511 213 1576 260 qui
1594 225 1711 250 manu

275 275 455 305 exoratus
484 267 580 303 liber
609 266 811 303 obtulisset
839 262 965 319 ἐξῄτει
997 263 1069 305 τὸν
1089 266 1328 314 Δαίδαλον,
1357 269 1448 305 dedi
1477 268 1553 305 sibi
1580 281 1710 306 noxae

274 324 498 362 Daedalum
531 323 823 374 ‹ea-postulavit,
848 336 926 360 non
960 336 1030 373 ego
1062 323 1332 372 repudiassem.
1374 324 1537 360 Pausan.
1562 324 1643 362 VII.
1666 325 1709 363 4.

272 383 356 430 ipso
375 380 445 417 hoc
467 382 508 416 in
530 382 706 430 negotiO,
736 376 798 418 ὅτι
819 378 1075 425 ἐξαιτοῦντος
1093 377 1184 431 (τὸν
1208 377 1443 431 Δαίδαλον)
1471 379 1621 427 Immo,
1651 377 1709 431 μὴ

272 433 441 489 πρόοιτο
465 433 592 474 αὐτὸν
618 430 638 473 ὖ
666 431 879 481 Κώκαλος.
915 435 1027 473 Nunc
1056 434 1152 472 nibil
1169 436 1356 483 demuto,
1384 439 1604 484 praesertim
1625 449 1712 473 cuni

273 495 509 530 simillimum
529 494 579 528 sit
603 490 674 527 boc
693 491 856 529 Pausan.
879 491 908 527 Ι.
928 493 1000 531 32
1032 490 1114 530 ἐπεὶ
1138 491 1182 531 δὲ
1203 489 1460 538 ἀπελθόντος
1479 491 1520 539 ἐξ
1541 487 1712 543 ἀνθρώ-

271 565 360 589 πων
385 544 659 600 ἸτῙρακλέοι·ς,
688 543 812 598 ἐζήτει
846 545 944 593 τοὺς
973 547 1124 593 παῖδας
1151 546 1395 599 Εὗριπθεῦς
1416 556 1486 585 etc.
1533 547 1713 584 Herculis

276 607 378 643 enim
400 608 433 642 is
466 605 606 641 liberos
636 604 709 641 sibi
737 604 823 640 (ledi
855 606 1084 653 postulavit,
1111 612 1153 640 ut
1172 604 1298 642 Minos
1326 604 1548 642 Daedalum.
1579 604 1713 641 Wnss.

274 662 438 700 Rectum
459 662 615 697 omnino
637 667 694 695 est
716 656 865 712 ἐξῄτει,
895 661 994 708 quod
1023 673 1132 709 saepe
1156 662 1201 697 ab
1231 662 1305 697 isto
1335 663 1573 710 possessione
1603 673 1713 698 ever-

277 733 360 757 sum
379 724 458 764 est3
489 719 543 753 sic
564 720 602 752 in
614 716 737 752 vatic.
757 716 887 753 codice
900 716 1022 756 L.XI.
1040 718 1110 756 56.
1130 713 1296 768 ἐζήτουν
1318 714 1444 756 αὐτὸν
1466 715 1569 769 πρὸς
1588 731 1714 767 τιμω-

277 776 384 828 ρίαν.
415 774 481 811 ubi
502 774 569 809 alii
591 784 720 808 omnes
742 767 920 824 ἐξῄτουν.
968 773 1076 809 Adde
1105 772 1272 819 ἐξαιτεῖν
1304 775 1344 810 in
1364 773 1435 810 hoc
1466 787 1605 824 genere
1625 773 1714 810 vul-

275 832 514 884 gatissimum
539 841 634 873 esse,
655 829 777 865 veluti
796 827 839 867 L.
862 828 932 865 XI.
957 831 1026 869 57.
1046 842 1081 878 p.
1097 830 1203 868 447.
1230 829 1401 865 etXVll.
1429 832 1497 869 15.
1529 829 1613 865 Iure
1636 830 1713 865 ita-

274 902 346 938 que
369 890 430 923 vir
450 884 604 922 clariss.
626 883 931 921 Iac.Gr0novius
951 888 1061 922 istam
1081 885 1307 922 emendandi
1329 889 1429 922 viam
1449 888 1645 934 ingressus
1666 885 1715 921 ad

274 946 427 983 Arrian.
444 939 601 989 Ἀναρζ
624 939 651 976 l.
674 952 708 989 p.
730 942 818 987 22,
847 954 957 992 quam
977 950 1014 977 et
1032 942 1233 978 tenendam
1255 943 1420 978 arbitror
1443 943 1481 977 in
1502 941 1664 978 Pausan.
1688 940 1716 977 I.

277 1003 349 1041 32.
370 993 496 1051 ἐξῄτει
519 994 616 1042 τοὺς
638 996 803 1043 παῖδας,
834 1011 911 1034 non
932 993 1069 1048 ἐζήτει.
1099 998 1283 1047 Polyaeni
1305 1010 1371 1046 par
1393 1011 1525 1034 caussa
1547 997 1587 1033 L.
1611 996 1714 1033 VIII.

277 1059 348 1097 55.
383 1069 418 1104 p.
450 1055 552 1094 810.
585 1053 685 1101 quod
716 1055 818 1089 enim
840 1067 943 1091 nunc
962 1057 1149 1100 occurrit,
1185 1052 1223 1092 οἳ
1249 1052 1324 1104 μὲν
1352 1052 1472 1106 κατίῃ
1485 1066 1594 1105 vyov·
1624 1049 1644 1092 ὃ
1672 1051 1717 1091 δὲ

274 1111 463 1165 Σάτνρος
501 1105 649 1161 ἐζήτει,
706 1110 910 1148 manifesto
941 1111 1189 1149 scribentium
1226 1123 1354 1148 errore
1392 1123 1439 1147 ex
1471 1106 1597 1163 ἐξῄτει
1628 1123 1717 1159 pro-

272 1172 445 1222 genitum
467 1174 536 1203 est.
574 1165 681 1202 imm
715 1168 755 1202 in
782 1166 880 1206 Add.

390 1225 496 1265 322.
538 1223 608 1264 13.
655 1220 1007 1273 Παρακατασχιὺν
1043 1222 1169 1263 πλείω
1192 1219 1347 1276 χρόνον
1383 1220 1425 1260 ἓν
1455 1223 1513 1277 τῷ
1543 1222 1715 1277 θερμῷ]

273 1282 438 1321 Ovidius
462 1280 545 1317 Ibin
566 1279 659 1316 diris
681 1278 850 1329 defigens
882 1293 918 1317 v.
940 1280 1046 1319 291.

448 1337 518 1377 Vel
546 1343 615 1374 tua
646 1341 840 1381 maturet,
876 1337 981 1374 sicut
1006 1336 1159 1373 Minoia
1178 1335 1297 1382 fata,

496 1392 577 1432 Per
606 1398 730 1442 caput
758 1392 918 1438 infusae
937 1392 1133 1439 fervidus
1163 1392 1301 1429 humor
1331 1403 1474 1440 aquae.

273 1464 296 1488 a
316 1463 390 1499 quo
420 1463 500 1486 non
529 1449 718 1487 dissident
746 1457 896 1487 veteres
928 1447 1066 1487 Critici
1093 1451 1134 1485 in
1166 1448 1327 1486 Pindari
1348 1448 1394 1483 Ο.
1424 1447 1489 1486 1V.
1518 1446 1593 1486 95.
1634 1446 1718 1483 Ne-

271 1521 396 1544 meon.
428 1506 566 1545 WEss.

386 1565 491 1604 322.
511 1564 586 1602 21.
615 1558 737 1600 Κατὰ
758 1557 830 1599 τὸν
852 1557 1106 1614 ἀνεῳγμέιόν
1128 1556 1579 1610 ἐποίησανἈφροόίτης
1598 1554 1718 1609 νεών]

275 1618 379 1656 Satis
408 1621 499 1656 olim
526 1619 808 1668 frequentatum
837 1619 978 1663 fuisse,
1011 1624 1054 1653 ut
1084 1619 1235 1666 templis
1268 1622 1505 1653 mortuorum
1533 1617 1717 1663 reliquiae

273 1677 527 1721 abderentur,
559 1674 709 1711 erudita
739 1674 998 1725 disputatione
1030 1674 1295 1710 constabilivit
1324 1671 1500 1709 Clemens
1530 1671 1719 1709 Alexand.

274 1732 465 1781 Protrept.
494 1744 529 1781 p.
554 1731 627 1770 39.
657 1734 737 1780 ipsa
758 1731 868 1779 proin
890 1731 1030 1779 templa
1051 1726 1231 1782 τάφους,
1261 1730 1374 1765 sicuti
1396 1735 1434 1763 et
1453 1726 1718 1778 Athenagoras

273 1788 433 1840 Apolog.
457 1788 590 1833 c.25.,
612 1787 829 1835 adpellans:
853 1799 962 1835 quem
984 1786 1136 1834 quidem
1158 1787 1312 1822 titulum
1331 1785 1473 1834 pagani
1493 1792 1624 1831 postea
1637 1787 1718 1821 iure

274 1847 438 1894 quodam
469 1847 510 1882 in
540 1842 780 1880 Christianos
812 1850 1072 1888 retorserunt,
1111 1841 1316 1879 eorundem
1349 1841 1526 1877 basilicas
1558 1837 1718 1893 τάφους

273 1903 481 1954 sepulcra,
507 1901 554 1937 ob
577 1898 791 1949 Martyrum
810 1912 896 1936 ossa
917 1901 956 1935 in
981 1912 1044 1935 eas
1064 1900 1184 1944 illata,
1211 1900 1441 1942 vocitantes,
1466 1899 1578 1933 sicuti
1602 1897 1719 1934 lulia-

273 1973 369 2005 nus,
403 1958 586 1995 Libauius
612 1963 727 2005 atque
747 1956 970 2007 EunapiuS,
1003 1955 1048 1993 de
1071 1955 1208 2006 quibus
1239 1952 1289 1990 H.
1312 1953 1437 1990 Vales.
1462 1953 1504 1989 in
1526 1953 1716 1990 Ammiau.

273 2015 409 2054 XXII.
436 2016 504 2054 ll.
535 2012 670 2050 Wssss.
1712 2054 1716 2057 ‘

387 2072 493 2113 322.
527 2071 603 2109 27.
650 2062 851 2118 Θήρωνος
879 2062 1202 2112 δυναστεῦοντος
1230 2066 1314 2104 τῶν
1339 2061 1716 2117 Ἀκραγαντίνων]

274 2127 441 2176 Scripsit
471 2128 529 2165 illi
556 2124 748 2162 Pindarus
768 2123 878 2160 Oden
900 2123 945 2160 V.
976 2123 1211 2175 Olympion.2
1230 2125 1432 2173 agiturque
1460 2123 1650 2169 copiosius
1672 2121 1718 2159 de

272 2184 405 2222 eodem
428 2184 518 2221 infr.
538 2181 580 2219 L.
602 2180 673 2218 XI.
698 2181 769 2219 53.
804 2180 939 2218 wass.

387 2241 492 2280 322.
523 2239 595 2277 33.
628 2235 708 2274 ζῊν
735 2234 816 2275 ἀπὸ
841 2238 914 2275 τοῦ
935 2236 1073 2287 βασιλ.
1104 2231 1239 2273 αὐτῶν
1262 2233 1442 2273 ΖΠιίἰοαν
1464 2229 1716 2284 ὠνόμασαν]

275 2295 511 2334 Tacentibus
525 2293 642 2331 codd.
664 2292 813 2344 Poggio
833 2294 955 2330 facem
977 2292 1228 2340 praeferente,
1254 2293 1306 2327 ita
1326 2291 1485 2328 refinxi:
1517 2304 1586 2326 nec
1605 2292 1718 2327 aliter

274 2360 408 2390 auctor
436 2353 563 2402 paullo
594 2356 704 2395 ante,
733 2348 798 2387 καὶ
837 2352 988 2401 κατῆρε
1018 2350 1092 2399 τῆς
1112 2346 1431 2399 Ἀκραγαντίνης
1462 2346 1517 2393 εἷς
1546 2343 1622 2398 τὴν
1647 2343 1714 2385 ἀπ’

274 2408 426 2449 ἐκείνου
460 2406 641 2447 ΖΙἸίνωαν
682 2403 948 2456 καλουμένην·
999 2412 1036 2442 et
1067 2404 1109 2441 L.
1136 2402 1243 2441 XVI.
1274 2404 1316 2443 9.
1366 2401 1611 2443 κατέπλευσε
1643 2404 1719 2453 τῆς

271 2462 605 2517 Ἀκραγαντίνης
637 2461 692 2507 εἷς
730 2459 806 2513 τὴν
847 2458 1155 2513 ὀνομαζομένην
1193 2458 1387 2501 ΖΡΙίνωαν.
1437 2458 1546 2496 Adde
1579 2472 1610 2495 c.
1639 2458 1715 2498 23.

274 2521 387 2561 huius
411 2521 511 2557 libri.
541 2518 675 2555 Wssss.

387 2577 492 2618 323.
523 2576 596 2615 36.
623 2572 702 2612 ἺΙν
724 2569 803 2612 ἀπὸ
834 2574 910 2625 τῆς
935 2593 983 2601 -
1007 2567 1231 2621 ὠνόμασαν
1246 2567 1461 2624 ''Eyyvov]
1496 2570 1640 2608 Urbem
1660 2571 1716 2608 ita

274 2635 464 2683 appellare
490 2633 609 2677 solet,
641 2636 685 2667 ut
705 2629 749 2669 L.
770 2629 878 2667 XVI.
903 2630 988 2675 73„
1011 2624 1200 2680 Ἐγγύϊον
1219 2627 1470 2674 Plutarchus,
1498 2626 1716 2675 Stephanus

275 2697 388 2738 atque
409 2691 489 2726 alii.
516 2687 734 2724 illustratur
752 2698 774 2723 a
793 2685 862 2722 Ph.
882 2683 1062 2722 Cluverio
1085 2683 1130 2720 lI.
1149 2683 1191 2722 S.
1217 2683 1263 2723 A.
1290 2696 1325 2733 p.
1349 2685 1466 2730 366,
1490 2685 1555 2732 qui
1575 2681 1715 2719 Fazel-

276 2747 354 2783 lum
385 2746 473 2783 dum
501 2746 684 2789 miratur,
727 2741 818 2779 haec
849 2754 897 2778 ex
918 2740 1080 2778 Diodori
1100 2740 1141 2776 1..
1161 2741 1207 2779 V.
1238 2743 1420 2778 citantem
1449 2746 1488 2776 et
1514 2738 1715 2788 Ocleyram
