1828 3253
452 190 517 229 lN
550 190 662 230 LIB.
691 188 815 229 XIV.
845 189 971 228 CAP.
1005 195 1080 234 68.
1107 214 1153 220 --
1181 195 1252 232 72.
1488 196 1577 234 773

243 304 349 345 697.
381 303 452 345 56.
492 301 618 343 Illam)
637 301 713 355 τὴν
734 298 958 344 κατάλυσιν
978 305 1051 343 τοῦ
1075 301 1349 356 προαστείου]
1380 304 1436 342 De
1463 305 1576 343 Cere-

127 362 182 397 ris
205 361 506 409 etProserpiuae
526 361 627 396 fanis
647 362 823 409 expilatis
845 361 974 410 agitur
995 374 1026 396 c.
1049 362 1122 400 63.
1115 389 1139 407 .,
1168 362 1233 397 ubi
1254 360 1348 398 nihil
1371 362 1416 397 de
1440 364 1577 399 subul-

127 417 191 453 bio
213 428 371 453 evers0:
396 429 601 464 occupasse
617 429 708 453 vero
728 416 766 452 id
780 415 1117 466 Carthaginienses
1135 416 1467 455 traditui.S‹·1-il›e
1483 432 1574 469 ervo

123 469 227 522 μετὰ
247 468 324 522 τὴν
347 467 503 522 κατάλι
508 481 582 518 ww
606 474 678 510 τοῦ
703 472 962 523 προαστειᾝου
989 472 1089 521 quod
1110 475 1363 509 verissimum.
1385 474 1516 510 Wms.

241 528 346 568 697.
377 527 452 567 63.
483 526 568 567 Καὶ
589 524 666 581 7129
686 525 902 579 Ἀθηναῖοι
922 524 1122 581 πρότερον
1143 536 1215 565 etc.
1227 526 1242 578 ]
1271 527 1380 565 Conf.
1403 530 1443 566 L.
1464 529 1573 566 Xlll.

127 595 160 619 c.
185 584 256 623 10.
286 582 423 619 Wnss.

239 640 344 679 697.
373 639 447 679 79.
476 637 658 690 Πρῶτον
687 636 762 688 μὲν
791 634 938 690 ἤρχετο
960 642 1035 691 τῆς
1055 634 1180 678 νόσου
1202 638 1304 690 ete]
1341 639 1402 676 Ex
1427 643 1573 677 eiusce-

124 694 227 731 modi
249 696 325 731 loci
344 696 514 745 ingenio,
546 695 759 741 cuiusmodi
780 698 915 732 castris
938 696 985 733 ad
1009 696 1223 745 Syracusas
1236 694 1573 745 Cartlmginicnses

125 757 432 798 occupaverant,
457 751 676 787 morborum
696 750 735 787 id
756 763 876 800 genus
896 754 1115 800 plerumque
1137 753 1264 798 nasci,
1292 752 1404 788 docet
1424 752 1571 801 llippo-

124 813 247 842 crates
268 805 314 842 de
334 806 423 844 Aer.
444 805 514 855 Aq.
537 813 574 842 et
593 807 681 843 Loe.
702 820 738 856 p.
757 809 863 847 283.
894 808 1032 844 Wmss.

237 863 343 902 697.
375 863 446 902 82.
476 861 561 900 Καὶ
585 865 668 900 τῶν
691 864 844 901 σκελῶν
864 860 1120 915 βαρύτητες]
1163 863 1406 913 Crurumque
1423 877 1572 912 grave-

123 917 233 955 dines
252 920 317 955 vir
336 917 495 963 doctuS‚
521 931 677 968 gravem
706 919 869 955 fortasse
893 920 1061 956 dolorem
1082 921 1325 969 intelligens,
1355 927 1396 955 ut
1423 933 1570 966 grave-

123 975 250 1011 dinem
281 974 485 1011 vulnerati
502 975 700 1025 pulmonis
726 975 826 1011 dixit
848 973 889 1012 C.
911 976 1140 1012 Aurelianus
1161 973 1339 1012 Chronic.
1365 974 1406 1011 L.
1428 975 1472 1011 ll.
1500 976 1568 1015 14.

121 1029 208 1079 Ego
228 1043 322 1068 vero
338 1043 491 1067 crurum
510 1033 720 1080 gravitates
741 1038 806 1067 aut
832 1038 1003 1068 tumores
1022 1032 1171 1067 mallem
1184 1059 1195 1077 ,
1228 1038 1379 1067 secutus
1398 1031 1568 1067 eruditos

121 1087 376 1136 interpretes,
413 1086 480 1134 qui
509 1083 693 1136 σπληνὸς
721 1086 854 1135 βαρέα
884 1090 926 1124 in
956 1086 1177 1136 llippocrat.
1207 1087 1252 1123 de
1281 1087 1380 1123 Vict.
1410 1085 1496 1124 Rat.
1527 1089 1570 1123 in

122 1142 244 1179 morl).
263 1141 374 1178 Acut.
394 1154 430 1191 p
453 1143 557 1181 396.
591 1142 636 1178 (le
654 1144 768 1179 lienis
787 1150 933 1179 tumore
954 1146 1158 1191 accipiunt.
1188 1142 1237 1179 W
1242 1154 1322 1180 Ess

237 1199 342 1238 697.
373 1200 444 1238 88.
486 1196 616 1236 >31:15²
591 1200 646 1248 5⁴²¹]
671 1195 942 1250 -βοηἹειαν
976 1213 1186 1249 αῐίρακῑον
1218 1195 1343 1248 εἰναι]
1393 1196 1460 1235 Sic
1490 1210 1567 1246 seq.

121 1265 205 1302 cap.
231 1249 389 1292 ἑαυτῶν
412 1250 597 1302 σποῑὸἦι·
618 1256 724 1303 εἰχον
743 1251 967 1307 ἄπρακτον.
999 1254 1227 1291 Onosander
1246 1254 1414 1303 Strateg.
1437 1268 1469 1292 c.
1500 1255 1569 1293 17.

121 1305 333 1363 ἄπρακτον
355 1307 490 1355 ἕξουσι
508 1306 583 1359 τὴν
605 1309 752 1348 ῗὸιάν
734 1310 957 1362 {immolam
990 1311 1020 1347 1
1027 1310 1078 1348 id.
1095 1311 1182 1346 infr.
1195 1310 1236 1346 L.
1246 1310 1331 1347 XV.
1347 1312 1420 1349 ‘’7.
1436 1310 1485 1346 11
1490 1320 1568 1346 uss

235 1366 415 1405 697.1.
461 1363 550 1415 Την
573 1365 661 1415 περὶ
694 1365 827 1431 Καοχ.
862 1363 1083 1417 σιμᾳοοὰν
1112 1363 1209 1416 ijmn
1193 1363 1313 1429 ἧσεν]
1362 1366 1420 1402 Ne
1451 1372 1568 1402 muta.

121 1419 336 1469 Scriptoris
353 1421 571 1458 idiotismus
592 1428 660 1457 est.
699 1416 767 1459 11
786 1436 873 1473 περι
905 1437 950 1460 10
974 1419 1150 1471 α’ωοῑοον
1172 1418 1326 1475 εὕρεσις
1342 1421 1384 1458 L.
1405 1420 1472 1458 lll.
1496 1422 1568 1461 63.

120 1488 192 1525 pro
209 1479 283 1516 τοῦ
305 1472 498 1529 ἀρότρου.
529 1483 641 1525 atque
664 1477 717 1526 ita
720 1478 966 1525 frequenter.
996 1478 1075 1513 117ι
1081 1488 1137 1515 ss.

236 1533 340 1573 697.
373 1534 416 1572 6.
451 1529 546 1570 'Eni
576 1547 622 1571 το
650 1535 724 1583 τῆς
746 1529 916 1583 Κυάνῃ-ς
949 1531 1080 1585 imant]
1117 1533 1252 1569 luisse
1272 1533 1425 1570 videtur
1448 1532 1487 1569 id
1507 1533 1570 1569 fa-

122 1600 214 1625 num
232 1588 280 1626 ad
299 1589 445 1625 fontem
475 1590 762 1641 cognominem,
793 1589 838 1624 de
860 1602 933 1637 quo
954 1588 993 1625 L.
1017 1588 1061 1626 V.
1086 1590 1127 1631 4.
1153 1589 1288 1625 1171388.

237 1645 342 1685 698.
377 1646 447 1684 16.
489 1643 614 1682 Οὗτοι
634 1643 709 1693 μὲν
731 1641 906 1689 ἅπαντες
927 1639 1235 1695 κατξκόπῃσαν]
1273 1644 1361 1680 Non
1383 1644 1568 1680 dissimile

120 1702 445 1737 mercenariorum
474 1701 664 1746 militum,
694 1713 715 1736 a
737 1699 927 1749 Dionysio
958 1703 1327 1747 circumventorun-i,
1355 1702 1570 1749 exemplum

124 1755 238 1793 offert
258 1757 443 1806 Polyaen.
462 1754 630 1806 Strateg.
653 1756 698 1794 L.
722 1756 765 1791 V.
787 1758 828 1795 2.
856 1758 893 1795 l.
922 1756 1056 1801 WEss.

237 1814 344 1853 698.
371 1814 449 1851 21.
496 1809 584 1862 Τὴν
613 1810 869 1863 καλοῃιιένην
899 1809 1138 1863 Πολίχιάν]
1182 1812 1270 1848 Vid.
1306 1812 1374 1855 Ph.
1415 1811 1567 1849 Cluver.

125 1866 206 1906 Sic.
226 1867 317 1906 Ant.
336 1867 379 1904 1..
400 1867 429 1905 1.
457 1881 493 1916 p.
520 1869 622 1908 180.
650 1869 717 1905 ubi
737 1868 850 1905 etiam
871 1868 917 1905 de
940 1867 1148 1915 Deest-one,
1174 1874 1213 1912 et
1245 1880 1340 1917 quae
1361 1882 1431 1905 nos
1456 1868 1504 1905 ad
1525 1868 1567 1912 L.

121 1923 234 1964 Xlll.
258 1926 297 1964 7.
323 1925 393 1965 13.
421 1924 557 1961 WEss.

237 1982 342 2021 698.
365 1981 438 2020 31.
469 1974 836 2030 Καταταχούμενοι
852 1976 885 2017 δ’
907 1974 986 2017 ὑπὸ
1008 1980 1082 2029 τῆς
1103 1975 1302 2031 ὀξύτητος
1318 1981 1392 2019 τοῦ
1413 1979 1572 2030 καιροῦ]

123 2035 428 2088 ΙΩιταταχῆσαι
439 2042 477 2072 et
494 2037 819 2086 καταῑαχεΐσθαι
837 2048 884 2072 ex
893 2034 1106 2084 Polybiuna
1124 2038 1339 2073 imitatione
1356 2049 1465 2085 saepe
1478 2035 1573 2072 Dio-

126 2091 266 2140 dorus,
297 2093 362 2130 ubi
383 2093 582 2129 celeritate
605 2093 706 2128 alius
724 2094 992 2128 antevertitur.
1016 2089 1081 2129 Δι’
1106 2083 1162 2130 ὧν
1185 2088 1478 2142 καταταχὴιμῑας
1500 2089 1572 2130 τὸν

122 2144 468 2199 Ἐπαμινώνδαν,
496 2161 659 2199 quorum
687 2147 953 2193 Cretensium,
987 2146 1032 2182 de
1060 2147 1138 2184 illis
1169 2143 1272 2185 enim
1301 2161 1425 2184 sermo
1449 2149 1576 2184 suerat

126 2205 353 2252 institutus,
375 2217 494 2242 cursu
515 2206 735 2241 antevertit
754 2203 1065 2254 Epaminondam
1087 2203 1180 2254 Agis
1199 2203 1242 2242 L.
1266 2203 1354 2242 XV.
1381 2206 1453 2243 82.
1484 2204 1575 2242 Κα-

126 2256 426 2311 ταταχοῦμενοι
448 2259 481 2299 (Y
515 2256 595 2299 ὑπο
627 2262 700 2309 τῆς
724 2258 982 2310 πολιχειρίας
1008 2280 1054 2285 --
1058 2256 1484 2324 συνηναγκάσ3ησαν
1504 2268 1576 2295 ete.

127 2315 172 2352 L.
191 2316 316 2354 XVII.
336 2317 412 2357 41.
442 2315 549 2352 EtL.
571 2315 644 2353 XV
650 2315 716 2352 [ΙΙ.
732 2316 803 2355 73.
831 2310 1187 2365 καταταχούμενος
1205 2311 1284 2354 υπὸ
1308 2317 1390 2354 τῶν
1411 2317 1576 2367 zamrim.

127 2371 283 2422 Polybii
303 2373 410 2418 loca,
439 2372 580 2409 additis
600 2386 619 2408 e
641 2371 784 2408 Nostro
809 2373 920 2417 aliis,
951 2371 1056 2407 dabit
1087 2371 1262 2408 Budaeus
1285 2370 1483 2409 Conment.
1509 2371 1576 2407 Gr.

128 2427 241 2478 Ling.
266 2442 301 2477 p.
327 2430 462 2469 1080.
489 2428 626 2465 Paullo
647 2435 734 2463 ante
755 2423 1083 2474 ἐπαλαλάζονῑός
1112 2426 1413 2465 Rhodomanuus
1436 2430 1476 2464 in
1496 2427 1576 2463 No—

130 2491 256 2522 tarum
280 2483 494 2531 Addendis‚
522 2487 604 2521 sine
623 2484 734 2534 gravi
755 2495 902 2521 caussa.
938 2482 1074 2524 XVI-:ss

247 2540 352 2581 698.
384 2541 456 2581 36.
485 2537 688 2578 Ἓνέσειον
707 2535 841 2590 μόγις]
870 2538 1190 2586 Adverbiumhoc
1210 2541 1296 2576 loco
1316 2541 1486 2577 ociosum
1508 2543 1578 2581 est,

133 2609 206 2633 nee
237 2595 412 2633 divinare
443 2608 619 2644 possum,
648 2594 838 2644 quodnam
867 2595 972 2631 aliud
1001 2596 1086 2632 loeo
1116 2598 1344 2632 extruserit:
1378 2596 1455 2630 nisi
1479 2594 1578 2630 forte

136 2649 233 2697 τοὺς
251 2648 452 2702 ἐμβόλους
474 2659 539 2688 aut
557 2649 631 2697 τὰς
646 2648 825 2701 ἐμβολὰς
838 2663 1012 2700 reponas.
1032 2650 1166 2690 Rflon.
1194 2651 1448 2701 Etymologus
1463 2645 1580 2699 μόγις

140 2708 240 2744 idem
262 2720 345 2745 esse
366 2709 421 2745 ait
450 2720 494 2744 ac
520 2705 625 2758 μετὰ
646 2703 798 2753 πόνου,
828 2705 962 2744 Thom.
987 2705 1088 2758 Mag.
1111 2704 1215 2757 μετὰ
1246 2706 1352 2756 ρ’ίας.
1384 2707 1581 2752 utriusque

142 2764 349 2812 explicatio
369 2763 459 2801 huic
490 2765 574 2800 loco
594 2764 687 2799 satis
716 2768 805 2810 apta
822 2763 944 2809 foret,
977 2764 1010 2809 si
1033 2776 1125 2800 usus
1155 2763 1497 2799 Grammaticorum
1519 2760 1582 2796 de-

143 2826 250 2857 creto
268 2820 517 2870 responderet
533 2825 729 2870 perpetim,
747 2818 793 2856 de
808 2830 882 2868 quo
902 2819 1057 2857 dubito:
1088 2832 1159 2857 nec
1177 2820 1316 2856 melius
1337 2824 1464 2854 tamen
1476 2815 1587 2864 quid-
