<?xml version="1.0" encoding="UTF-8"?>
<!DOCTYPE html PUBLIC "-//W3C//DTD XHTML 1.0 Transitional//EN"
    "http://www.w3.org/TR/xhtml1/DTD/xhtml1-transitional.dtd">
<html xmlns="http://www.w3.org/1999/xhtml" xml:lang="en" lang="en">
 <head>
  <title>
</title>
<meta http-equiv="Content-Type" content="text/html;charset=utf-8" />
  <meta name='ocr-system' content='tesseract 3.04.00' />
  <meta name='ocr-capabilities' content='ocr_page ocr_carea ocr_par ocr_line ocrx_word'/>
</head>
<body>
  <div class='ocr_page' id='page_1' title='image "./bibliothecahisto04dioduoft_0046.png"; bbox 0 0 1828 3253; ppageno 0'>
   <div class='ocr_carea' id='block_1_1' title="bbox 308 155 1285 207">
    <p class='ocr_par' dir='ltr' id='par_1_1' title="bbox 308 155 1285 207">
     <span class='ocr_line' id='line_1_1' title="bbox 308 155 1285 207; baseline 0.002 -13"><span class='ocrx_word' id='word_1_1' title='bbox 308 165 369 207; x_wconf 83' lang='lat'><strong>34</strong></span> <span class='ocrx_word' id='word_1_2' title='bbox 769 155 1285 198; x_wconf 76' lang='lat' dir='ltr'>ANNOTATIONES</span> 
     </span>
    </p>
   </div>
   <div class='ocr_carea' id='block_1_2' title="bbox 311 266 1754 667">
    <p class='ocr_par' dir='ltr' id='par_1_2' title="bbox 311 266 1753 553">
     <span class='ocr_line' id='line_1_2' title="bbox 312 266 1749 341; baseline -0.003 -26"><span class='ocrx_word' id='word_1_3' title='bbox 312 278 400 318; x_wconf 85' lang='lat' dir='ltr'><strong>vide</strong></span> <span class='ocrx_word' id='word_1_4' title='bbox 419 267 859 324; x_wconf 78' lang='grc' dir='ltr'><strong>ο.17.υπολαμβᾶνειν</strong></span> <span class='ocrx_word' id='word_1_5' title='bbox 881 268 959 326; x_wconf 77' lang='grc' dir='ltr'><em>γὰρ</em></span> <span class='ocrx_word' id='word_1_6' title='bbox 979 269 1051 312; x_wconf 81' lang='grc' dir='ltr'><strong>τὸν</strong></span> <span class='ocrx_word' id='word_1_7' title='bbox 1062 268 1268 341; x_wconf 71' lang='lat' dir='ltr'><strong>&#39;&#39;Ocreptv</strong></span> <span class='ocrx_word' id='word_1_8' title='bbox 1253 268 1316 312; x_wconf 84' lang='grc' dir='ltr'><strong>ότι</strong></span> <span class='ocrx_word' id='word_1_9' title='bbox 1332 266 1498 318; x_wconf 71' lang='grc' dir='ltr'><em>παύσας</em></span> <span class='ocrx_word' id='word_1_10' title='bbox 1516 272 1589 322; x_wconf 80' lang='grc' dir='ltr'><strong>τῆς</strong></span> <span class='ocrx_word' id='word_1_11' title='bbox 1607 266 1749 339; x_wconf 63' lang='lat' dir='ltr'><strong>&amp;ymo-</strong></span> 
     </span>
     <span class='ocr_line' id='line_1_3' title="bbox 311 323 1751 396; baseline -0.006 -22"><span class='ocrx_word' id='word_1_12' title='bbox 311 347 436 387; x_wconf 85' lang='grc' dir='ltr'><em>τητος</em></span> <span class='ocrx_word' id='word_1_13' title='bbox 458 329 554 376; x_wconf 74' lang='grc' dir='ltr'><em>τοὺς</em></span> <span class='ocrx_word' id='word_1_14' title='bbox 582 325 831 396; x_wconf 73' lang='grc' dir='ltr'><em>ἀνθρώπους</em></span> <span class='ocrx_word' id='word_1_15' title='bbox 856 327 926 368; x_wconf 85' lang='grc' dir='ltr'><strong>καὶ</strong></span> <span class='ocrx_word' id='word_1_16' title='bbox 946 323 1146 380; x_wconf 59' lang='grc' dir='ltr'><strong>διαίτηςι</strong></span> <span class='ocrx_word' id='word_1_17' title='bbox 1123 325 1278 381; x_wconf 75' lang='grc' dir='ltr'><em>ημέρου</em></span> <span class='ocrx_word' id='word_1_18' title='bbox 1306 329 1554 379; x_wconf 74' lang='grc' dir='ltr'><em>μεταλαβεῖν</em></span> <span class='ocrx_word' id='word_1_19' title='bbox 1574 323 1751 394; x_wconf 76' lang='grc' dir='ltr'><em>ποιήσας</em></span> 
     </span>
     <span class='ocr_line' id='line_1_4' title="bbox 312 379 1750 452; baseline -0.006 -22"><span class='ocrx_word' id='word_1_20' title='bbox 312 391 441 442; x_wconf 80' lang='grc' dir='ltr'><em>τιμῶν</em></span> <span class='ocrx_word' id='word_1_21' title='bbox 457 381 680 427; x_wconf 70' lang='grc' dir='ltr'><em>ἀθανάτων</em></span> <span class='ocrx_word' id='word_1_22' title='bbox 690 381 869 432; x_wconf 74' lang='grc' dir='ltr'><em>τεύξεται</em></span> <span class='ocrx_word' id='word_1_23' title='bbox 884 381 1008 424; x_wconf 77' lang='grc' dir='ltr'><em>διὰτὸ</em></span> <span class='ocrx_word' id='word_1_24' title='bbox 1020 383 1196 452; x_wconf 71' lang='grc' dir='ltr'><em>μέγεθος</em></span> <span class='ocrx_word' id='word_1_25' title='bbox 1213 386 1289 435; x_wconf 78' lang='grc' dir='ltr'><strong>τῆς</strong></span> <span class='ocrx_word' id='word_1_26' title='bbox 1307 381 1420 437; x_wconf 64' lang='grc' dir='ltr'><em>εὐερ)</em></span> <span class='ocrx_word' id='word_1_27' title='bbox 1423 382 1546 430; x_wconf 37' lang='grc' dir='ltr'><em>εσιᾝας</em></span> <span class='ocrx_word' id='word_1_28' title='bbox 1553 379 1677 451; x_wconf 81' lang='grc' dir='ltr'><em>ὅπερ</em></span> <span class='ocrx_word' id='word_1_29' title='bbox 1698 380 1750 434; x_wconf 85' lang='grc' dir='ltr'><strong>ὁὴ</strong></span> 
     </span>
     <span class='ocr_line' id='line_1_5' title="bbox 315 435 1753 508; baseline -0.006 -22"><span class='ocrx_word' id='word_1_30' title='bbox 315 445 383 487; x_wconf 85' lang='grc' dir='ltr'><strong>καὶ</strong></span> <span class='ocrx_word' id='word_1_31' title='bbox 399 441 614 497; x_wconf 75' lang='grc' dir='ltr'><em>γενέσθαι</em></span> <span class='ocrx_word' id='word_1_32' title='bbox 646 438 695 481; x_wconf 81' lang='grc' dir='ltr'><strong>οὗ</strong></span> <span class='ocrx_word' id='word_1_33' title='bbox 713 437 794 493; x_wconf 83' lang='grc' dir='ltr'><em>μόν</em></span> <span class='ocrx_word' id='word_1_34' title='bbox 797 456 843 481; x_wconf 88' lang='grc' dir='ltr'><em>ον</em></span> <span class='ocrx_word' id='word_1_35' title='bbox 861 438 938 494; x_wconf 54' lang='grc' dir='ltr'><em>ᾖάρ</em></span> <span class='ocrx_word' id='word_1_36' title='bbox 958 439 1055 488; x_wconf 75' lang='grc' dir='ltr'><em>τοὺς</em></span> <span class='ocrx_word' id='word_1_37' title='bbox 1073 455 1151 479; x_wconf 82' lang='grc' dir='ltr'><em>κατ</em></span> <span class='ocrx_word' id='word_1_38' title='bbox 1183 439 1357 487; x_wconf 73' lang='grc' dir='ltr'><strong><em>ἐκείνους</em></strong></span> <span class='ocrx_word' id='word_1_39' title='bbox 1375 437 1472 486; x_wconf 76' lang='grc' dir='ltr'><em>τοὺς</em></span> <span class='ocrx_word' id='word_1_40' title='bbox 1485 435 1688 508; x_wconf 83' lang='grc' dir='ltr'><em>χρόνους</em></span> <span class='ocrx_word' id='word_1_41' title='bbox 1681 453 1753 478; x_wconf 89' lang='grc' dir='ltr'><em>τυ-</em></span> 
     </span>
     <span class='ocr_line' id='line_1_6' title="bbox 314 493 1753 569; baseline -0.007 -27"><span class='ocrx_word' id='word_1_42' title='bbox 314 498 465 569; x_wconf 85' lang='grc' dir='ltr'><em>χόντας</em></span> <span class='ocrx_word' id='word_1_43' title='bbox 484 501 557 551; x_wconf 73' lang='grc' dir='ltr'><strong>τῆς</strong></span> <span class='ocrx_word' id='word_1_44' title='bbox 568 497 724 549; x_wconf 76' lang='grc' dir='ltr'><em>δωρεᾶς</em></span> <span class='ocrx_word' id='word_1_45' title='bbox 742 493 895 550; x_wconf 81' lang='grc' dir='ltr'><em>ταύτης</em></span> <span class='ocrx_word' id='word_1_46' title='bbox 907 494 1010 536; x_wconf 82' lang='grc' dir='ltr'><em>αλλὰ</em></span> <span class='ocrx_word' id='word_1_47' title='bbox 1031 491 1266 543; x_wconf 83' lang='grc' dir='ltr'><em>καὶπάντας</em></span> <span class='ocrx_word' id='word_1_48' title='bbox 1285 510 1381 543; x_wconf 87' lang='grc' dir='ltr'><em>τους</em></span> <span class='ocrx_word' id='word_1_49' title='bbox 1398 493 1522 562; x_wconf 77' lang='grc' dir='ltr'><em>μετὰ</em></span> <span class='ocrx_word' id='word_1_50' title='bbox 1514 497 1648 535; x_wconf 80' lang='grc' dir='ltr'><em>ταῦτα</em></span> <span class='ocrx_word' id='word_1_51' title='bbox 1669 493 1753 533; x_wconf 74' lang='grc' dir='ltr'><em>ἔπι-</em></span> 
     </span>
    </p>

    <p class='ocr_par' dir='ltr' id='par_1_3' title="bbox 315 547 1754 667">
     <span class='ocr_line' id='line_1_7' title="bbox 315 547 1754 623; baseline -0.006 -25"><span class='ocrx_word' id='word_1_52' title='bbox 315 554 562 623; x_wconf 77' lang='grc' dir='ltr'><em>γενομένους</em></span> <span class='ocrx_word' id='word_1_53' title='bbox 586 553 654 593; x_wconf 75' lang='grc' dir='ltr'><em>δια</em></span> <span class='ocrx_word' id='word_1_54' title='bbox 681 551 758 620; x_wconf 83' lang='grc' dir='ltr'><strong>τὴν</strong></span> <span class='ocrx_word' id='word_1_55' title='bbox 786 552 828 593; x_wconf 76' lang='grc' dir='ltr'><em>ἐν</em></span> <span class='ocrx_word' id='word_1_56' title='bbox 857 558 949 600; x_wconf 77' lang='grc' dir='ltr'><em>ταῖς</em></span> <span class='ocrx_word' id='word_1_57' title='bbox 981 549 1234 620; x_wconf 70' lang='grc' dir='ltr'><em>εὑρεθείσαις</em></span> <span class='ocrx_word' id='word_1_58' title='bbox 1259 557 1436 606; x_wconf 79' lang='grc' dir='ltr'><em>τροφαῖς</em></span> <span class='ocrx_word' id='word_1_59' title='bbox 1467 547 1621 622; x_wconf 79' lang='grc' dir='ltr'><em>χάριτα</em></span> <span class='ocrx_word' id='word_1_60' title='bbox 1655 548 1754 597; x_wconf 83' lang='grc' dir='ltr'><em>τοὺς</em></span> 
     </span>
     <span class='ocr_line' id='line_1_8' title="bbox 317 605 1559 667; baseline -0.007 -13"><span class='ocrx_word' id='word_1_61' title='bbox 317 608 654 667; x_wconf 73' lang='grc' dir='ltr'><em>εἷςηγησαμένους</em></span> <span class='ocrx_word' id='word_1_62' title='bbox 684 605 740 656; x_wconf 85' lang='grc' dir='ltr'><strong>ὡς</strong></span> <span class='ocrx_word' id='word_1_63' title='bbox 770 605 1119 664; x_wconf 76' lang='grc' dir='ltr'><em>ἐπιφανεστάτους</em></span> <span class='ocrx_word' id='word_1_64' title='bbox 1149 606 1276 655; x_wconf 71' lang='grc' dir='ltr'><em>θεους</em></span> <span class='ocrx_word' id='word_1_65' title='bbox 1293 606 1503 660; x_wconf 76' lang='grc' dir='ltr'><em>τετιμηκέν</em></span> <span class='ocrx_word' id='word_1_66' title='bbox 1507 622 1559 647; x_wconf 84' lang='grc' dir='ltr'><strong>αι.</strong></span> 
     </span>
    </p>
   </div>
   <div class='ocr_carea' id='block_1_3' title="bbox 317 674 1757 834">
    <p class='ocr_par' dir='ltr' id='par_1_4' title="bbox 317 674 1757 833">
     <span class='ocr_line' id='line_1_9' title="bbox 429 674 1756 729; baseline -0.006 -9"><span class='ocrx_word' id='word_1_67' title='bbox 429 680 503 721; x_wconf 89' lang='grc'><strong>24.</strong></span> <span class='ocrx_word' id='word_1_68' title='bbox 529 679 600 718; x_wconf 89' lang='grc'><strong>73.</strong></span> <span class='ocrx_word' id='word_1_69' title='bbox 627 676 711 717; x_wconf 85' lang='grc' dir='ltr'><em>Και</em></span> <span class='ocrx_word' id='word_1_70' title='bbox 742 674 898 727; x_wconf 80' lang='grc' dir='ltr'><em>πολλὰ]</em></span> <span class='ocrx_word' id='word_1_71' title='bbox 929 676 1004 715; x_wconf 89' lang='lat' dir='ltr'><strong>Hic</strong></span> <span class='ocrx_word' id='word_1_72' title='bbox 1030 691 1078 714; x_wconf 84' lang='lat' dir='ltr'><strong>ex</strong></span> <span class='ocrx_word' id='word_1_73' title='bbox 1097 676 1264 715; x_wconf 87' lang='lat' dir='ltr'><strong>Eusebio</strong></span> <span class='ocrx_word' id='word_1_74' title='bbox 1283 691 1330 715; x_wconf 67' lang='grc' dir='ltr'><strong>πε</strong></span> <span class='ocrx_word' id='word_1_75' title='bbox 1315 675 1372 729; x_wconf 83' lang='grc' dir='ltr'><em>ρὶ</em></span> <span class='ocrx_word' id='word_1_76' title='bbox 1402 689 1552 715; x_wconf 89' lang='grc' dir='ltr'><em>τουτου</em></span> <span class='ocrx_word' id='word_1_77' title='bbox 1580 675 1756 712; x_wconf 83' lang='lat' dir='ltr'><strong>inseren-</strong></span> 
     </span>
     <span class='ocr_line' id='line_1_10' title="bbox 319 726 1757 789; baseline -0.006 -13"><span class='ocrx_word' id='word_1_78' title='bbox 319 739 408 776; x_wconf 83' lang='lat' dir='ltr'><strong>dum</strong></span> <span class='ocrx_word' id='word_1_79' title='bbox 427 743 534 787; x_wconf 79' lang='lat' dir='ltr'><strong>putat</strong></span> <span class='ocrx_word' id='word_1_80' title='bbox 552 733 601 771; x_wconf 89' lang='lat' dir='ltr'><strong>H.</strong></span> <span class='ocrx_word' id='word_1_81' title='bbox 621 732 752 784; x_wconf 80' lang='lat' dir='ltr'>Steph.</span> <span class='ocrx_word' id='word_1_82' title='bbox 773 740 810 771; x_wconf 83' lang='lat' dir='ltr'><strong>et</strong></span> <span class='ocrx_word' id='word_1_83' title='bbox 828 734 942 783; x_wconf 81' lang='lat' dir='ltr'><strong>paulo</strong></span> <span class='ocrx_word' id='word_1_84' title='bbox 960 734 1123 772; x_wconf 86' lang='lat' dir='ltr'><strong>inferius</strong></span> <span class='ocrx_word' id='word_1_85' title='bbox 1145 741 1231 784; x_wconf 87' lang='lat' dir='ltr'><strong>post</strong></span> <span class='ocrx_word' id='word_1_86' title='bbox 1249 735 1307 789; x_wconf 76' lang='grc' dir='ltr'><em>τῷ</em></span> <span class='ocrx_word' id='word_1_87' title='bbox 1325 727 1488 787; x_wconf 82' lang='grc' dir='ltr'><em>χρόνω,</em></span> <span class='ocrx_word' id='word_1_88' title='bbox 1523 726 1616 770; x_wconf 83' lang='grc' dir='ltr'><em>τότε</em></span> <span class='ocrx_word' id='word_1_89' title='bbox 1635 736 1757 768; x_wconf 80' lang='lat' dir='ltr'><strong>mutat</strong></span> 
     </span>
     <span class='ocr_line' id='line_1_11' title="bbox 317 789 650 834; baseline -0.022 -1"><span class='ocrx_word' id='word_1_90' title='bbox 317 798 360 833; x_wconf 89' lang='lat' dir='ltr'><strong>in</strong></span> <span class='ocrx_word' id='word_1_91' title='bbox 380 791 489 834; x_wconf 78' lang='grc' dir='ltr'><strong>ποτέ.</strong></span> <span class='ocrx_word' id='word_1_92' title='bbox 516 789 650 828; x_wconf 76' lang='lat' dir='ltr'><strong>Ruon</strong></span> 
     </span>
    </p>
   </div>
   <div class='ocr_carea' id='block_1_4' title="bbox 317 849 1757 1012">
    <p class='ocr_par' dir='ltr' id='par_1_5' title="bbox 317 849 1757 1012">
     <span class='ocr_line' id='line_1_12' title="bbox 432 849 1757 912; baseline -0.007 -11"><span class='ocrx_word' id='word_1_93' title='bbox 432 860 506 901; x_wconf 86' lang='grc'><strong>24.</strong></span> <span class='ocrx_word' id='word_1_94' title='bbox 536 860 606 899; x_wconf 86' lang='grc'><strong>76.</strong></span> <span class='ocrx_word' id='word_1_95' title='bbox 648 857 720 896; x_wconf 83' lang='grc' dir='ltr'><strong>Τῶ</strong></span> <span class='ocrx_word' id='word_1_96' title='bbox 747 853 908 912; x_wconf 83' lang='grc' dir='ltr'><em>χρόνω]</em></span> <span class='ocrx_word' id='word_1_97' title='bbox 945 856 1167 909; x_wconf 86' lang='lat' dir='ltr'><strong>Legendum</strong></span> <span class='ocrx_word' id='word_1_98' title='bbox 1197 864 1290 908; x_wconf 85' lang='lat' dir='ltr'><strong>puto</strong></span> <span class='ocrx_word' id='word_1_99' title='bbox 1321 849 1660 911; x_wconf 81' lang='grc' dir='ltr'><em>παρειληφότων,</em></span> <span class='ocrx_word' id='word_1_100' title='bbox 1696 854 1757 893; x_wconf 80' lang='grc' dir='ltr'><em>τῶ</em></span> 
     </span>
     <span class='ocr_line' id='line_1_13' title="bbox 317 899 1756 1012; baseline -0.006 -55"><span class='ocrx_word' id='word_1_101' title='bbox 317 932 477 1012; x_wconf 45' lang='grc' dir='ltr'><em>ἔριζιξιιιῐ</em></span> <span class='ocrx_word' id='word_1_102' title='bbox 478 912 575 955; x_wconf 74' lang='grc' dir='ltr'><em>ποτὲ</em></span> <span class='ocrx_word' id='word_1_103' title='bbox 596 899 746 966; x_wconf 75' lang='grc' dir='ltr'><em>συνέβη</em></span> <span class='ocrx_word' id='word_1_104' title='bbox 760 941 772 962; x_wconf 82' lang='lat'>,</span> <span class='ocrx_word' id='word_1_105' title='bbox 797 914 837 952; x_wconf 89' lang='lat' dir='ltr'><strong>id</strong></span> <span class='ocrx_word' id='word_1_106' title='bbox 865 920 944 962; x_wconf 84' lang='lat' dir='ltr'><strong>est,</strong></span> <span class='ocrx_word' id='word_1_107' title='bbox 971 913 1200 965; x_wconf 83' lang='lat' dir='ltr'><strong>procedente</strong></span> <span class='ocrx_word' id='word_1_108' title='bbox 1219 921 1387 964; x_wconf 83' lang='lat' dir='ltr'><strong>tempore</strong></span> <span class='ocrx_word' id='word_1_109' title='bbox 1406 913 1572 963; x_wconf 84' lang='lat' dir='ltr'><strong>contigit</strong></span> <span class='ocrx_word' id='word_1_110' title='bbox 1590 909 1756 948; x_wconf 83' lang='lat' dir='ltr'><strong>tandem.</strong></span> 
     </span>
    </p>
   </div>
   <div class='ocr_carea' id='block_1_5' title="bbox 323 1032 1760 1370">
    <p class='ocr_par' dir='ltr' id='par_1_6' title="bbox 323 1032 1760 1370">
     <span class='ocr_line' id='line_1_14' title="bbox 435 1032 1758 1089; baseline -0.006 -10.988"><span class='ocrx_word' id='word_1_111' title='bbox 435 1039 510 1079; x_wconf 95' lang='grc'><strong>21.</strong></span> <span class='ocrx_word' id='word_1_112' title='bbox 535 1040 607 1079; x_wconf 89' lang='lat'><strong>81.</strong></span> <span class='ocrx_word' id='word_1_113' title='bbox 640 1036 713 1083; x_wconf 78' lang='grc' dir='ltr'><strong>Εἷς</strong></span> <span class='ocrx_word' id='word_1_114' title='bbox 729 1032 774 1084; x_wconf 69' lang='grc' dir='ltr'><strong>’ἐξ</strong></span> <span class='ocrx_word' id='word_1_115' title='bbox 792 1036 860 1076; x_wconf 83' lang='grc' dir='ltr'><strong>καὶ</strong></span> <span class='ocrx_word' id='word_1_116' title='bbox 879 1033 1004 1076; x_wconf 74' lang='grc' dir='ltr'><em>εἴκοσι</em></span> <span class='ocrx_word' id='word_1_117' title='bbox 1023 1034 1145 1089; x_wconf 75' lang='grc' dir='ltr'><em>μέρη]</em></span> <span class='ocrx_word' id='word_1_118' title='bbox 1179 1035 1408 1073; x_wconf 83' lang='lat' dir='ltr'>Plutarchus</span> <span class='ocrx_word' id='word_1_119' title='bbox 1433 1037 1475 1072; x_wconf 86' lang='lat' dir='ltr'><strong>iu</strong></span> <span class='ocrx_word' id='word_1_120' title='bbox 1497 1033 1604 1072; x_wconf 84' lang='lat' dir='ltr'>XIV.</span> <span class='ocrx_word' id='word_1_121' title='bbox 1629 1040 1758 1084; x_wconf 80' lang='lat' dir='ltr'><strong>partes</strong></span> 
     </span>
     <span class='ocr_line' id='line_1_15' title="bbox 325 1088 1759 1146; baseline -0.005 -12"><span class='ocrx_word' id='word_1_122' title='bbox 325 1096 491 1134; x_wconf 83' lang='lat' dir='ltr'><strong>Osiridis</strong></span> <span class='ocrx_word' id='word_1_123' title='bbox 511 1107 647 1142; x_wconf 90' lang='lat' dir='ltr'><strong>corpus</strong></span> <span class='ocrx_word' id='word_1_124' title='bbox 667 1093 908 1140; x_wconf 83' lang='lat' dir='ltr'>dissecuisse,</span> <span class='ocrx_word' id='word_1_125' title='bbox 936 1092 1018 1131; x_wconf 38' lang='lat' dir='ltr'>ossaf.)</span> <span class='ocrx_word' id='word_1_126' title='bbox 1023 1098 1078 1131; x_wconf 74' lang='grc' dir='ltr'><strong>εἴι</strong></span> <span class='ocrx_word' id='word_1_127' title='bbox 1103 1091 1158 1138; x_wconf 74' lang='grc' dir='ltr'><strong>εἷς</strong></span> <span class='ocrx_word' id='word_1_128' title='bbox 1177 1090 1547 1146; x_wconf 62' lang='grc' dir='ltr'><em>τεσσαρεσκαίδεκα</em></span> <span class='ocrx_word' id='word_1_129' title='bbox 1565 1088 1670 1143; x_wconf 75' lang='grc' dir='ltr'><em>μέρη</em></span> <span class='ocrx_word' id='word_1_130' title='bbox 1691 1088 1759 1128; x_wconf 83' lang='grc' dir='ltr'><strong>καὶ</strong></span> 
     </span>
     <span class='ocr_line' id='line_1_16' title="bbox 323 1146 1759 1204; baseline -0.006 -12"><span class='ocrx_word' id='word_1_131' title='bbox 323 1150 530 1204; x_wconf 75' lang='grc' dir='ltr'><em>ὁιαρίψαι,</em></span> <span class='ocrx_word' id='word_1_132' title='bbox 561 1148 607 1186; x_wconf 88' lang='lat' dir='ltr'><strong>&#39;l.</strong></span> <span class='ocrx_word' id='word_1_133' title='bbox 624 1149 673 1186; x_wconf 90' lang='grc' dir='ltr'><strong>ΙΙ.</strong></span> <span class='ocrx_word' id='word_1_134' title='bbox 694 1163 729 1199; x_wconf 90' lang='lat' dir='ltr'><strong>p.</strong></span> <span class='ocrx_word' id='word_1_135' title='bbox 751 1149 856 1190; x_wconf 88' lang='lat'>358.</span> <span class='ocrx_word' id='word_1_136' title='bbox 876 1148 922 1188; x_wconf 88' lang='lat' dir='ltr'><strong>A.</strong></span> <span class='ocrx_word' id='word_1_137' title='bbox 940 1156 978 1186; x_wconf 91' lang='lat' dir='ltr'><strong>et</strong></span> <span class='ocrx_word' id='word_1_138' title='bbox 999 1150 1103 1190; x_wconf 90' lang='lat'>368.</span> <span class='ocrx_word' id='word_1_139' title='bbox 1126 1148 1171 1186; x_wconf 92' lang='lat' dir='ltr'><strong>A.</strong></span> <span class='ocrx_word' id='word_1_140' title='bbox 1198 1151 1240 1186; x_wconf 88' lang='lat' dir='ltr'><strong>in</strong></span> <span class='ocrx_word' id='word_1_141' title='bbox 1268 1148 1443 1198; x_wconf 86' lang='lat' dir='ltr'><strong>pluribus</strong></span> <span class='ocrx_word' id='word_1_142' title='bbox 1472 1160 1495 1185; x_wconf 84' lang='lat' dir='ltr'><strong>a</strong></span> <span class='ocrx_word' id='word_1_143' title='bbox 1524 1154 1657 1184; x_wconf 86' lang='lat' dir='ltr'><strong>nostro</strong></span> <span class='ocrx_word' id='word_1_144' title='bbox 1680 1146 1759 1183; x_wconf 88' lang='lat' dir='ltr'><strong>dis-</strong></span> 
     </span>
     <span class='ocr_line' id='line_1_17' title="bbox 325 1201 1757 1257; baseline -0.005 -11"><span class='ocrx_word' id='word_1_145' title='bbox 325 1210 508 1253; x_wconf 77' lang='lat' dir='ltr'><strong>sentiens,</strong></span> <span class='ocrx_word' id='word_1_146' title='bbox 536 1207 611 1242; x_wconf 83' lang='lat' dir='ltr'><strong>etsi</strong></span> <span class='ocrx_word' id='word_1_147' title='bbox 629 1205 729 1242; x_wconf 80' lang='lat' dir='ltr'><strong>haud</strong></span> <span class='ocrx_word' id='word_1_148' title='bbox 748 1207 846 1243; x_wconf 82' lang='lat' dir='ltr'><strong>male</strong></span> <span class='ocrx_word' id='word_1_149' title='bbox 865 1218 934 1256; x_wconf 90' lang='lat' dir='ltr'><strong>pro</strong></span> <span class='ocrx_word' id='word_1_150' title='bbox 952 1208 1080 1257; x_wconf 85' lang='lat' dir='ltr'><strong>gentis</strong></span> <span class='ocrx_word' id='word_1_151' title='bbox 1102 1207 1384 1255; x_wconf 82' lang='lat' dir='ltr'><strong>superstitione,</strong></span> <span class='ocrx_word' id='word_1_152' title='bbox 1409 1204 1539 1241; x_wconf 84' lang='lat' dir='ltr'>tradit.</span> <span class='ocrx_word' id='word_1_153' title='bbox 1557 1203 1589 1240; x_wconf 87' lang='lat' dir='ltr'>V</span> <span class='ocrx_word' id='word_1_154' title='bbox 1593 1202 1646 1242; x_wconf 80' lang='lat' dir='ltr'>id.</span> <span class='ocrx_word' id='word_1_155' title='bbox 1665 1201 1757 1241; x_wconf 85' lang='lat' dir='ltr'>Ath.</span> 
     </span>
     <span class='ocr_line' id='line_1_18' title="bbox 325 1257 1760 1313; baseline -0.006 -10"><span class='ocrx_word' id='word_1_156' title='bbox 325 1263 490 1303; x_wconf 80' lang='lat' dir='ltr'><strong>Kircher</strong></span> <span class='ocrx_word' id='word_1_157' title='bbox 513 1260 562 1301; x_wconf 92' lang='lat' dir='ltr'>T.</span> <span class='ocrx_word' id='word_1_158' title='bbox 585 1260 614 1298; x_wconf 94' lang='lat' dir='ltr'><strong>I.</strong></span> <span class='ocrx_word' id='word_1_159' title='bbox 654 1261 787 1312; x_wconf 86' lang='lat' dir='ltr'><strong>Oedip</strong></span> <span class='ocrx_word' id='word_1_160' title='bbox 809 1275 846 1313; x_wconf 92' lang='grc' dir='ltr'><strong>Ρ.</strong></span> <span class='ocrx_word' id='word_1_161' title='bbox 870 1263 977 1303; x_wconf 92' lang='grc'><strong>224.</strong></span> <span class='ocrx_word' id='word_1_162' title='bbox 1007 1269 1046 1300; x_wconf 86' lang='lat' dir='ltr'><strong>et</strong></span> <span class='ocrx_word' id='word_1_163' title='bbox 1075 1260 1129 1299; x_wconf 90' lang='grc' dir='ltr'><strong>Ιο.</strong></span> <span class='ocrx_word' id='word_1_164' title='bbox 1159 1260 1308 1299; x_wconf 82' lang='lat' dir='ltr'><strong>Fellum</strong></span> <span class='ocrx_word' id='word_1_165' title='bbox 1345 1263 1387 1299; x_wconf 89' lang='lat' dir='ltr'><strong>in</strong></span> <span class='ocrx_word' id='word_1_166' title='bbox 1418 1258 1623 1309; x_wconf 86' lang='lat' dir='ltr'>Theophil.</span> <span class='ocrx_word' id='word_1_167' title='bbox 1651 1258 1682 1297; x_wconf 85' lang='lat'><strong>1.</strong></span> <span class='ocrx_word' id='word_1_168' title='bbox 1709 1257 1760 1296; x_wconf 83' lang='lat' dir='ltr'><strong>ad</strong></span> 
     </span>
     <span class='ocr_line' id='line_1_19' title="bbox 326 1317 782 1370; baseline -0.011 -11"><span class='ocrx_word' id='word_1_169' title='bbox 326 1321 506 1370; x_wconf 82' lang='lat' dir='ltr'>Autolyc.</span> <span class='ocrx_word' id='word_1_170' title='bbox 537 1317 609 1359; x_wconf 87' lang='grc'><strong>14.</strong></span> <span class='ocrx_word' id='word_1_171' title='bbox 647 1317 782 1355; x_wconf 74' lang='lat' dir='ltr'>Wssss.</span> 
     </span>
    </p>
   </div>
   <div class='ocr_carea' id='block_1_6' title="bbox 330 1381 1762 1493">
    <p class='ocr_par' dir='ltr' id='par_1_7' title="bbox 330 1381 1762 1493">
     <span class='ocr_line' id='line_1_20' title="bbox 438 1381 1761 1439; baseline -0.005 -12"><span class='ocrx_word' id='word_1_172' title='bbox 438 1387 513 1427; x_wconf 91' lang='lat'><strong>24.</strong></span> <span class='ocrx_word' id='word_1_173' title='bbox 535 1386 605 1427; x_wconf 92' lang='grc'><strong>85.</strong></span> <span class='ocrx_word' id='word_1_174' title='bbox 641 1385 875 1425; x_wconf 70' lang='grc' dir='ltr'><em>Μετελθεῖν</em></span> <span class='ocrx_word' id='word_1_175' title='bbox 904 1381 979 1425; x_wconf 83' lang='grc' dir='ltr'><strong>τὸν</strong></span> <span class='ocrx_word' id='word_1_176' title='bbox 999 1381 1149 1439; x_wconf 77' lang='grc' dir='ltr'><em>φόνον]</em></span> <span class='ocrx_word' id='word_1_177' title='bbox 1184 1382 1243 1422; x_wconf 86' lang='lat' dir='ltr'><strong>De</strong></span> <span class='ocrx_word' id='word_1_178' title='bbox 1264 1387 1423 1434; x_wconf 86' lang='lat' dir='ltr'><strong>ancipiti</strong></span> <span class='ocrx_word' id='word_1_179' title='bbox 1444 1383 1517 1422; x_wconf 85' lang='lat' dir='ltr'><strong>hoc</strong></span> <span class='ocrx_word' id='word_1_180' title='bbox 1536 1384 1662 1431; x_wconf 86' lang='lat' dir='ltr'><strong>bello,</strong></span> <span class='ocrx_word' id='word_1_181' title='bbox 1698 1384 1761 1421; x_wconf 86' lang='lat' dir='ltr'><strong>cui</strong></span> 
     </span>
     <span class='ocr_line' id='line_1_21' title="bbox 330 1439 1762 1493; baseline -0.004 -11"><span class='ocrx_word' id='word_1_182' title='bbox 330 1445 454 1482; x_wconf 84' lang='lat' dir='ltr'><strong>Osiris</strong></span> <span class='ocrx_word' id='word_1_183' title='bbox 476 1446 517 1481; x_wconf 90' lang='lat' dir='ltr'><strong>in</strong></span> <span class='ocrx_word' id='word_1_184' title='bbox 538 1449 659 1479; x_wconf 87' lang='lat' dir='ltr'><strong>terras</strong></span> <span class='ocrx_word' id='word_1_185' title='bbox 676 1441 800 1479; x_wconf 86' lang='lat' dir='ltr'><strong>redux</strong></span> <span class='ocrx_word' id='word_1_186' title='bbox 817 1444 1002 1480; x_wconf 83' lang='lat' dir='ltr'><strong>interesse</strong></span> <span class='ocrx_word' id='word_1_187' title='bbox 1022 1443 1167 1490; x_wconf 80' lang='lat' dir='ltr'><strong>voluit,</strong></span> <span class='ocrx_word' id='word_1_188' title='bbox 1210 1444 1252 1480; x_wconf 90' lang='lat' dir='ltr'><strong>in</strong></span> <span class='ocrx_word' id='word_1_189' title='bbox 1273 1440 1500 1493; x_wconf 81' lang='lat' dir='ltr'><strong>Typhonem</strong></span> <span class='ocrx_word' id='word_1_190' title='bbox 1518 1454 1563 1479; x_wconf 83' lang='lat' dir='ltr'><strong>ac</strong></span> <span class='ocrx_word' id='word_1_191' title='bbox 1586 1439 1762 1487; x_wconf 83' lang='lat' dir='ltr'><strong>Titanas,</strong></span> 
     </span>
    </p>
   </div>
   <div class='ocr_carea' id='block_1_7' title="bbox 326 1495 1761 1606">
    <p class='ocr_par' dir='ltr' id='par_1_8' title="bbox 326 1495 1761 1606">
     <span class='ocr_line' id='line_1_22' title="bbox 326 1495 1761 1549; baseline -0.003 -11"><span class='ocrx_word' id='word_1_192' title='bbox 326 1514 419 1540; x_wconf 85' lang='lat' dir='ltr'><strong>nam</strong></span> <span class='ocrx_word' id='word_1_193' title='bbox 447 1499 487 1538; x_wconf 91' lang='lat' dir='ltr'><strong>hi</strong></span> <span class='ocrx_word' id='word_1_194' title='bbox 515 1498 640 1536; x_wconf 82' lang='lat' dir='ltr'><strong>caedis</strong></span> <span class='ocrx_word' id='word_1_195' title='bbox 674 1500 910 1546; x_wconf 84' lang='lat' dir='ltr'><strong>consiliarii,</strong></span> <span class='ocrx_word' id='word_1_196' title='bbox 946 1505 1124 1548; x_wconf 79' lang='lat' dir='ltr'><strong>suscepto</strong></span> <span class='ocrx_word' id='word_1_197' title='bbox 1161 1499 1272 1549; x_wconf 86' lang='lat' dir='ltr'><strong>plura</strong></span> <span class='ocrx_word' id='word_1_198' title='bbox 1299 1498 1329 1536; x_wconf 92' lang='grc' dir='ltr'><strong>Ι.</strong></span> <span class='ocrx_word' id='word_1_199' title='bbox 1362 1501 1433 1540; x_wconf 89' lang='grc'><strong>88.</strong></span> <span class='ocrx_word' id='word_1_200' title='bbox 1454 1497 1520 1535; x_wconf 83' lang='lat' dir='ltr'><strong>IV.</strong></span> <span class='ocrx_word' id='word_1_201' title='bbox 1539 1499 1581 1539; x_wconf 89' lang='lat'><strong>6.</strong></span> <span class='ocrx_word' id='word_1_202' title='bbox 1603 1504 1641 1534; x_wconf 82' lang='lat' dir='ltr'><strong>et</strong></span> <span class='ocrx_word' id='word_1_203' title='bbox 1659 1495 1761 1534; x_wconf 81' lang='lat' dir='ltr'>Plut.</span> 
     </span>
     <span class='ocr_line' id='line_1_23' title="bbox 329 1553 854 1606; baseline -0.008 -11"><span class='ocrx_word' id='word_1_204' title='bbox 329 1556 378 1595; x_wconf 88' lang='lat' dir='ltr'><strong>T.</strong></span> <span class='ocrx_word' id='word_1_205' title='bbox 399 1556 446 1594; x_wconf 89' lang='lat'><strong>11.</strong></span> <span class='ocrx_word' id='word_1_206' title='bbox 466 1569 501 1606; x_wconf 87' lang='lat' dir='ltr'><strong>p.</strong></span> <span class='ocrx_word' id='word_1_207' title='bbox 525 1556 629 1596; x_wconf 89' lang='grc'><strong>358.</strong></span> <span class='ocrx_word' id='word_1_208' title='bbox 648 1553 691 1594; x_wconf 88' lang='lat' dir='ltr'><strong>C.</strong></span> <span class='ocrx_word' id='word_1_209' title='bbox 719 1554 854 1593; x_wconf 68' lang='lat' dir='ltr'>Wsss.</span> 
     </span>
    </p>
   </div>
   <div class='ocr_carea' id='block_1_8' title="bbox 326 1616 1828 2503">
    <p class='ocr_par' dir='ltr' id='par_1_9' title="bbox 326 1616 1763 2011">
     <span class='ocr_line' id='line_1_24' title="bbox 440 1616 1762 1673; baseline -0.006 -9"><span class='ocrx_word' id='word_1_210' title='bbox 440 1624 514 1664; x_wconf 81' lang='lat'><strong>21.</strong></span> <span class='ocrx_word' id='word_1_211' title='bbox 539 1622 611 1664; x_wconf 85' lang='lat'><strong>89.</strong></span> <span class='ocrx_word' id='word_1_212' title='bbox 640 1619 830 1662; x_wconf 80' lang='grc' dir='ltr'><em>Ἀνταίου</em></span> <span class='ocrx_word' id='word_1_213' title='bbox 858 1616 1013 1673; x_wconf 84' lang='grc' dir='ltr'><em>κώμης]</em></span> <span class='ocrx_word' id='word_1_214' title='bbox 1058 1620 1143 1660; x_wconf 84' lang='lat' dir='ltr'><strong>Hoc</strong></span> <span class='ocrx_word' id='word_1_215' title='bbox 1174 1623 1428 1662; x_wconf 81' lang='lat' dir='ltr'><strong>verissimum.</strong></span> <span class='ocrx_word' id='word_1_216' title='bbox 1479 1620 1648 1659; x_wconf 80' lang='lat' dir='ltr'><strong>Duravit</strong></span> <span class='ocrx_word' id='word_1_217' title='bbox 1672 1621 1762 1659; x_wconf 84' lang='lat' dir='ltr'><strong>vico</strong></span> 
     </span>
     <span class='ocr_line' id='line_1_25' title="bbox 327 1676 1763 1730; baseline -0.001 -10"><span class='ocrx_word' id='word_1_218' title='bbox 327 1693 467 1720; x_wconf 81' lang='lat' dir='ltr'><strong>nomen</strong></span> <span class='ocrx_word' id='word_1_219' title='bbox 485 1683 527 1717; x_wconf 90' lang='lat' dir='ltr'><strong>in</strong></span> <span class='ocrx_word' id='word_1_220' title='bbox 545 1691 629 1716; x_wconf 87' lang='lat' dir='ltr'><strong>sera</strong></span> <span class='ocrx_word' id='word_1_221' title='bbox 646 1685 838 1728; x_wconf 80' lang='lat' dir='ltr'><strong>tempora,</strong></span> <span class='ocrx_word' id='word_1_222' title='bbox 874 1685 918 1715; x_wconf 87' lang='lat' dir='ltr'><strong>ut</strong></span> <span class='ocrx_word' id='word_1_223' title='bbox 938 1690 986 1715; x_wconf 80' lang='lat' dir='ltr'><strong>ex</strong></span> <span class='ocrx_word' id='word_1_224' title='bbox 1006 1677 1136 1717; x_wconf 82' lang='lat' dir='ltr'><strong>Itiner.</strong></span> <span class='ocrx_word' id='word_1_225' title='bbox 1157 1679 1298 1718; x_wconf 87' lang='lat' dir='ltr'>Anton.</span> <span class='ocrx_word' id='word_1_226' title='bbox 1323 1692 1360 1730; x_wconf 86' lang='lat' dir='ltr'><strong>p.</strong></span> <span class='ocrx_word' id='word_1_227' title='bbox 1385 1680 1488 1720; x_wconf 83' lang='lat'>166.</span> <span class='ocrx_word' id='word_1_228' title='bbox 1511 1685 1549 1715; x_wconf 82' lang='lat' dir='ltr'><strong>et</strong></span> <span class='ocrx_word' id='word_1_229' title='bbox 1568 1676 1763 1715; x_wconf 64' lang='lat' dir='ltr'><strong>Hieroclis</strong></span> 
     </span>
     <span class='ocr_line' id='line_1_26' title="bbox 326 1730 1762 1803; baseline 0 -31"><span class='ocrx_word' id='word_1_230' title='bbox 326 1736 570 1803; x_wconf 82' lang='lat' dir='ltr'><strong>Syneedemo</strong></span> <span class='ocrx_word' id='word_1_231' title='bbox 599 1748 634 1785; x_wconf 89' lang='grc' dir='ltr'><strong>Ρ.</strong></span> <span class='ocrx_word' id='word_1_232' title='bbox 669 1736 774 1776; x_wconf 88' lang='grc'><strong>371</strong></span> <span class='ocrx_word' id='word_1_233' title='bbox 805 1735 967 1773; x_wconf 84' lang='lat' dir='ltr'><strong>videbis.</strong></span> <span class='ocrx_word' id='word_1_234' title='bbox 1003 1733 1212 1774; x_wconf 78' lang='lat' dir='ltr'><strong>Plutarcho</strong></span> <span class='ocrx_word' id='word_1_235' title='bbox 1242 1730 1762 1785; x_wconf 50' lang='lat' dir='ltr'>T.11.p.-976.1B.321v-</span> 
     </span>
     <span class='ocr_line' id='line_1_27' title="bbox 327 1788 1763 1858; baseline -0.005 -25"><span class='ocrx_word' id='word_1_236' title='bbox 327 1792 447 1833; x_wconf 83' lang='grc' dir='ltr'><em>ταίου</em></span> <span class='ocrx_word' id='word_1_237' title='bbox 479 1788 616 1839; x_wconf 67' lang='grc' dir='ltr'><em>πὸὶις,</em></span> <span class='ocrx_word' id='word_1_238' title='bbox 653 1793 768 1829; x_wconf 81' lang='lat' dir='ltr'><strong>sicuti</strong></span> <span class='ocrx_word' id='word_1_239' title='bbox 795 1797 834 1828; x_wconf 85' lang='lat' dir='ltr'><strong>et</strong></span> <span class='ocrx_word' id='word_1_240' title='bbox 863 1789 1072 1858; x_wconf 53' lang='lat' dir='ltr'><strong>Stephano.</strong></span> <span class='ocrx_word' id='word_1_241' title='bbox 1127 1792 1229 1831; x_wconf 85' lang='lat' dir='ltr'><strong>Male</strong></span> <span class='ocrx_word' id='word_1_242' title='bbox 1247 1806 1341 1830; x_wconf 87' lang='lat' dir='ltr'><strong>vero</strong></span> <span class='ocrx_word' id='word_1_243' title='bbox 1359 1790 1545 1828; x_wconf 75' lang='lat' dir='ltr'>Rhodum.</span> <span class='ocrx_word' id='word_1_244' title='bbox 1574 1792 1614 1827; x_wconf 82' lang='lat' dir='ltr'><strong>in</strong></span> <span class='ocrx_word' id='word_1_245' title='bbox 1633 1795 1763 1842; x_wconf 77' lang='lat' dir='ltr'><strong>parte</strong></span> 
     </span>
     <span class='ocr_line' id='line_1_28' title="bbox 329 1846 1762 1902; baseline -0.003 -15"><span class='ocrx_word' id='word_1_246' title='bbox 329 1851 500 1902; x_wconf 79' lang='lat' dir='ltr'><strong>quadam</strong></span> <span class='ocrx_word' id='word_1_247' title='bbox 529 1847 717 1886; x_wconf 81' lang='lat' dir='ltr'><strong>Arabiae.</strong></span> <span class='ocrx_word' id='word_1_248' title='bbox 774 1846 861 1885; x_wconf 86' lang='lat' dir='ltr'><strong>Sita</strong></span> <span class='ocrx_word' id='word_1_249' title='bbox 888 1850 991 1886; x_wconf 85' lang='lat' dir='ltr'><strong>enim</strong></span> <span class='ocrx_word' id='word_1_250' title='bbox 1016 1849 1058 1885; x_wconf 87' lang='lat' dir='ltr'><strong>in</strong></span> <span class='ocrx_word' id='word_1_251' title='bbox 1087 1861 1131 1886; x_wconf 87' lang='lat' dir='ltr'><strong>ea</strong></span> <span class='ocrx_word' id='word_1_252' title='bbox 1159 1849 1235 1886; x_wconf 88' lang='lat' dir='ltr'><strong>fuit</strong></span> <span class='ocrx_word' id='word_1_253' title='bbox 1255 1847 1463 1885; x_wconf 86' lang='lat' dir='ltr'><strong>Thebaidis</strong></span> <span class='ocrx_word' id='word_1_254' title='bbox 1494 1852 1624 1898; x_wconf 84' lang='lat' dir='ltr'><strong>parte,</strong></span> <span class='ocrx_word' id='word_1_255' title='bbox 1666 1857 1762 1894; x_wconf 82' lang='lat' dir='ltr'><strong>quae</strong></span> 
     </span>
     <span class='ocr_line' id='line_1_29' title="bbox 326 1901 1760 1955; baseline -0.003 -12"><span class='ocrx_word' id='word_1_256' title='bbox 326 1913 435 1943; x_wconf 72' lang='lat' dir='ltr'><strong>trans</strong></span> <span class='ocrx_word' id='word_1_257' title='bbox 453 1904 611 1942; x_wconf 89' lang='lat' dir='ltr'><strong>Nilum</strong></span> <span class='ocrx_word' id='word_1_258' title='bbox 600 1916 642 1941; x_wconf 80' lang='grc' dir='ltr'><strong>ιιι</strong></span> <span class='ocrx_word' id='word_1_259' title='bbox 662 1903 844 1942; x_wconf 82' lang='lat' dir='ltr'><strong>Arabiam</strong></span> <span class='ocrx_word' id='word_1_260' title='bbox 860 1910 899 1941; x_wconf 87' lang='lat' dir='ltr'><strong>et</strong></span> <span class='ocrx_word' id='word_1_261' title='bbox 917 1906 1103 1941; x_wconf 84' lang='lat' dir='ltr'><strong>orientem</strong></span> <span class='ocrx_word' id='word_1_262' title='bbox 1121 1906 1262 1955; x_wconf 78' lang='lat' dir='ltr'><strong>vergit,</strong></span> <span class='ocrx_word' id='word_1_263' title='bbox 1290 1903 1506 1953; x_wconf 83' lang='lat' dir='ltr'><strong>Arabiaque</strong></span> <span class='ocrx_word' id='word_1_264' title='bbox 1528 1903 1668 1940; x_wconf 83' lang='lat' dir='ltr'><strong>dicitur</strong></span> <span class='ocrx_word' id='word_1_265' title='bbox 1689 1901 1760 1942; x_wconf 87' lang='lat'>111.</span> 
     </span>
     <span class='ocr_line' id='line_1_30' title="bbox 331 1959 1602 2011; baseline -0.003 -12"><span class='ocrx_word' id='word_1_266' title='bbox 331 1964 404 2003; x_wconf 85' lang='lat'><strong>12.</strong></span> <span class='ocrx_word' id='word_1_267' title='bbox 422 1968 460 1999; x_wconf 81' lang='lat' dir='ltr'><strong>et</strong></span> <span class='ocrx_word' id='word_1_268' title='bbox 478 1960 637 1998; x_wconf 87' lang='lat' dir='ltr'>Ptolem.</span> <span class='ocrx_word' id='word_1_269' title='bbox 658 1959 721 1997; x_wconf 90' lang='lat' dir='ltr'><strong>IV.</strong></span> <span class='ocrx_word' id='word_1_270' title='bbox 741 1959 880 2011; x_wconf 82' lang='lat' dir='ltr'><strong>Geogr.</strong></span> <span class='ocrx_word' id='word_1_271' title='bbox 906 1960 944 1999; x_wconf 86' lang='lat'><strong>5.</strong></span> <span class='ocrx_word' id='word_1_272' title='bbox 966 1967 1005 1997; x_wconf 87' lang='lat' dir='ltr'><strong>et</strong></span> <span class='ocrx_word' id='word_1_273' title='bbox 1022 1959 1257 1998; x_wconf 85' lang='lat' dir='ltr'>Heliod.1ss.</span> <span class='ocrx_word' id='word_1_274' title='bbox 1276 1973 1312 2010; x_wconf 91' lang='grc' dir='ltr'><strong>Ρ</strong></span> <span class='ocrx_word' id='word_1_275' title='bbox 1331 1961 1439 2000; x_wconf 89' lang='grc'><strong>402.</strong></span> <span class='ocrx_word' id='word_1_276' title='bbox 1466 1959 1602 1997; x_wconf 82' lang='lat' dir='ltr'>WEss.</span> 
     </span>
    </p>

    <p class='ocr_par' dir='ltr' id='par_1_10' title="bbox 327 2012 1762 2180">
     <span class='ocr_line' id='line_1_31' title="bbox 441 2012 1760 2068; baseline -0.003 -10.991"><span class='ocrx_word' id='word_1_277' title='bbox 441 2018 516 2057; x_wconf 82' lang='lat'><strong>24.</strong></span> <span class='ocrx_word' id='word_1_278' title='bbox 539 2017 611 2056; x_wconf 89' lang='grc'><strong>94.</strong></span> <span class='ocrx_word' id='word_1_279' title='bbox 643 2012 766 2068; x_wconf 83' lang='grc' dir='ltr'><em>Πλὴν</em></span> <span class='ocrx_word' id='word_1_280' title='bbox 784 2018 868 2056; x_wconf 82' lang='grc' dir='ltr'><strong>τῶν</strong></span> <span class='ocrx_word' id='word_1_281' title='bbox 887 2014 1076 2068; x_wconf 73' lang='grc' dir='ltr'><em>αἰδοίων]</em></span> <span class='ocrx_word' id='word_1_282' title='bbox 1112 2016 1178 2054; x_wconf 81' lang='lat' dir='ltr'><strong>Sic</strong></span> <span class='ocrx_word' id='word_1_283' title='bbox 1197 2017 1301 2054; x_wconf 88' lang='lat' dir='ltr'><strong>infra</strong></span> <span class='ocrx_word' id='word_1_284' title='bbox 1321 2016 1384 2054; x_wconf 87' lang='lat' dir='ltr'><strong>IV.</strong></span> <span class='ocrx_word' id='word_1_285' title='bbox 1404 2018 1445 2057; x_wconf 94' lang='lat'><strong>6.</strong></span> <span class='ocrx_word' id='word_1_286' title='bbox 1467 2022 1505 2053; x_wconf 90' lang='lat' dir='ltr'><strong>et</strong></span> <span class='ocrx_word' id='word_1_287' title='bbox 1521 2014 1624 2053; x_wconf 88' lang='lat' dir='ltr'>Plut.</span> <span class='ocrx_word' id='word_1_288' title='bbox 1643 2013 1691 2053; x_wconf 87' lang='grc' dir='ltr'><strong>Τ.</strong></span> <span class='ocrx_word' id='word_1_289' title='bbox 1711 2014 1760 2053; x_wconf 87' lang='grc' dir='ltr'><strong>ΙΙ.</strong></span> 
     </span>
     <span class='ocr_line' id='line_1_32' title="bbox 327 2070 1762 2124; baseline 0.001 -15"><span class='ocrx_word' id='word_1_290' title='bbox 327 2085 365 2123; x_wconf 81' lang='grc' dir='ltr'><strong>Ρ.</strong></span> <span class='ocrx_word' id='word_1_291' title='bbox 391 2073 494 2114; x_wconf 88' lang='lat'>358.</span> <span class='ocrx_word' id='word_1_292' title='bbox 508 2072 552 2110; x_wconf 89' lang='lat' dir='ltr'><strong>A.</strong></span> <span class='ocrx_word' id='word_1_293' title='bbox 565 2071 690 2110; x_wconf 82' lang='lat' dir='ltr'><strong>Aliam</strong></span> <span class='ocrx_word' id='word_1_294' title='bbox 713 2083 805 2110; x_wconf 83' lang='lat' dir='ltr'><strong>vero</strong></span> <span class='ocrx_word' id='word_1_295' title='bbox 827 2078 888 2109; x_wconf 83' lang='lat' dir='ltr'><strong>tot</strong></span> <span class='ocrx_word' id='word_1_296' title='bbox 909 2071 1075 2110; x_wconf 89' lang='lat' dir='ltr'><strong>Osiridis</strong></span> <span class='ocrx_word' id='word_1_297' title='bbox 1096 2074 1356 2124; x_wconf 86' lang='lat' dir='ltr'><strong>sepulcrorum</strong></span> <span class='ocrx_word' id='word_1_298' title='bbox 1375 2085 1550 2111; x_wconf 85' lang='lat' dir='ltr'><strong>caussam</strong></span> <span class='ocrx_word' id='word_1_299' title='bbox 1568 2071 1634 2110; x_wconf 80' lang='lat' dir='ltr'><strong>dat</strong></span> <span class='ocrx_word' id='word_1_300' title='bbox 1651 2070 1762 2110; x_wconf 83' lang='lat' dir='ltr'><strong>Stra-</strong></span> 
     </span>
     <span class='ocr_line' id='line_1_33' title="bbox 328 2127 891 2180; baseline -0.007 -12"><span class='ocrx_word' id='word_1_301' title='bbox 328 2130 379 2168; x_wconf 72' lang='lat' dir='ltr'><strong>bo</strong></span> <span class='ocrx_word' id='word_1_302' title='bbox 397 2128 524 2167; x_wconf 87' lang='lat' dir='ltr'>XVII.</span> <span class='ocrx_word' id='word_1_303' title='bbox 541 2143 577 2180; x_wconf 88' lang='lat' dir='ltr'><strong>p.</strong></span> <span class='ocrx_word' id='word_1_304' title='bbox 598 2128 732 2169; x_wconf 89' lang='grc'><strong>1176.</strong></span> <span class='ocrx_word' id='word_1_305' title='bbox 758 2127 891 2165; x_wconf 73' lang='lat' dir='ltr'>Wssss.</span> 
     </span>
    </p>

    <p class='ocr_par' dir='ltr' id='par_1_11' title="bbox 330 2179 1828 2502">
     <span class='ocr_line' id='line_1_34' title="bbox 442 2179 1761 2252; baseline 0 -27"><span class='ocrx_word' id='word_1_306' title='bbox 442 2186 516 2225; x_wconf 85' lang='lat'><strong>25.</strong></span> <span class='ocrx_word' id='word_1_307' title='bbox 535 2186 607 2226; x_wconf 83' lang='lat'><strong>98.</strong></span> <span class='ocrx_word' id='word_1_308' title='bbox 642 2179 785 2223; x_wconf 78' lang='grc' dir='ltr'><em>Τῦπον</em></span> <span class='ocrx_word' id='word_1_309' title='bbox 811 2181 1121 2252; x_wconf 66' lang='grc' dir='ltr'><em>ἀνθρωποειδῆ]</em></span> <span class='ocrx_word' id='word_1_310' title='bbox 1162 2180 1228 2223; x_wconf 78' lang='grc' dir='ltr'><strong>Τὰ</strong></span> <span class='ocrx_word' id='word_1_311' title='bbox 1256 2182 1302 2224; x_wconf 77' lang='grc' dir='ltr'><strong>δε</strong></span> <span class='ocrx_word' id='word_1_312' title='bbox 1329 2186 1405 2225; x_wconf 78' lang='grc' dir='ltr'><em>τοῦ</em></span> <span class='ocrx_word' id='word_1_313' title='bbox 1416 2180 1629 2252; x_wconf 82' lang='grc' dir='ltr'><em>σώματος</em></span> <span class='ocrx_word' id='word_1_314' title='bbox 1654 2182 1761 2239; x_wconf 70' lang='grc' dir='ltr'><em>μέρη</em></span> 
     </span>
     <span class='ocr_line' id='line_1_35' title="bbox 330 2236 1762 2307; baseline -0.001 -27"><span class='ocrx_word' id='word_1_315' title='bbox 330 2236 641 2293; x_wconf 82' lang='grc' dir='ltr'><em>περιπλάσασαν</em></span> <span class='ocrx_word' id='word_1_316' title='bbox 664 2239 720 2286; x_wconf 73' lang='grc' dir='ltr'><strong>εἷς</strong></span> <span class='ocrx_word' id='word_1_317' title='bbox 739 2236 966 2307; x_wconf 73' lang='grc' dir='ltr'><em>ανθρώπου</em></span> <span class='ocrx_word' id='word_1_318' title='bbox 988 2255 1036 2279; x_wconf 88' lang='grc' dir='ltr'><em>τυ</em></span> <span class='ocrx_word' id='word_1_319' title='bbox 1040 2256 1116 2280; x_wconf 88' lang='grc' dir='ltr'><em>πον</em></span> <span class='ocrx_word' id='word_1_320' title='bbox 1138 2240 1201 2278; x_wconf 86' lang='lat' dir='ltr'><strong>IV.</strong></span> <span class='ocrx_word' id='word_1_321' title='bbox 1223 2243 1265 2282; x_wconf 88' lang='lat'><strong>6.</strong></span> <span class='ocrx_word' id='word_1_322' title='bbox 1293 2241 1359 2278; x_wconf 90' lang='lat' dir='ltr'><strong>ubi</strong></span> <span class='ocrx_word' id='word_1_323' title='bbox 1379 2255 1506 2288; x_wconf 86' lang='grc' dir='ltr'><em>τυπος</em></span> <span class='ocrx_word' id='word_1_324' title='bbox 1525 2248 1583 2278; x_wconf 83' lang='lat' dir='ltr'><strong>est</strong></span> <span class='ocrx_word' id='word_1_325' title='bbox 1604 2244 1762 2279; x_wconf 85' lang='lat' dir='ltr'><strong>simula·</strong></span> 
     </span>
     <span class='ocr_line' id='line_1_36' title="bbox 330 2292 1759 2363; baseline 0.001 -29"><span class='ocrx_word' id='word_1_326' title='bbox 330 2309 459 2343; x_wconf 83' lang='lat' dir='ltr'><strong>orum,</strong></span> <span class='ocrx_word' id='word_1_327' title='bbox 487 2299 545 2334; x_wconf 90' lang='lat' dir='ltr'><strong>uti</strong></span> <span class='ocrx_word' id='word_1_328' title='bbox 563 2295 722 2346; x_wconf 81' lang='lat' dir='ltr'><strong>Iosepho</strong></span> <span class='ocrx_word' id='word_1_329' title='bbox 750 2292 969 2348; x_wconf 73' lang='grc' dir='ltr'><em>ἀγάλματα</em></span> <span class='ocrx_word' id='word_1_330' title='bbox 989 2296 1057 2336; x_wconf 83' lang='grc' dir='ltr'><strong>καὶ</strong></span> <span class='ocrx_word' id='word_1_331' title='bbox 1077 2310 1197 2336; x_wconf 84' lang='grc' dir='ltr'><em>τυποι</em></span> <span class='ocrx_word' id='word_1_332' title='bbox 1202 2296 1533 2363; x_wconf 76' lang='grc' dir='ltr'><em>μεμορφωμένοι</em></span> <span class='ocrx_word' id='word_1_333' title='bbox 1551 2297 1639 2335; x_wconf 91' lang='lat' dir='ltr'><strong>XV.</strong></span> <span class='ocrx_word' id='word_1_334' title='bbox 1667 2297 1759 2337; x_wconf 83' lang='lat' dir='ltr'>Ant.</span> 
     </span>
     <span class='ocr_line' id='line_1_37' title="bbox 330 2348 1761 2419; baseline -0.001 -27"><span class='ocrx_word' id='word_1_335' title='bbox 330 2352 415 2390; x_wconf 83' lang='lat' dir='ltr'>lud.</span> <span class='ocrx_word' id='word_1_336' title='bbox 435 2353 478 2392; x_wconf 84' lang='lat'><strong>9.</strong></span> <span class='ocrx_word' id='word_1_337' title='bbox 503 2352 541 2391; x_wconf 93' lang='grc'><strong>5.</strong></span> <span class='ocrx_word' id='word_1_338' title='bbox 583 2351 761 2402; x_wconf 86' lang='lat' dir='ltr'><strong>Euripidi</strong></span> <span class='ocrx_word' id='word_1_339' title='bbox 781 2349 972 2419; x_wconf 78' lang='grc' dir='ltr'><em>χρυσέων</em></span> <span class='ocrx_word' id='word_1_340' title='bbox 989 2348 1147 2400; x_wconf 79' lang='grc' dir='ltr'><em>ξοάνων</em></span> <span class='ocrx_word' id='word_1_341' title='bbox 1165 2348 1294 2400; x_wconf 81' lang='grc' dir='ltr'><em>τύπος</em></span> <span class='ocrx_word' id='word_1_342' title='bbox 1313 2352 1448 2391; x_wconf 84' lang='lat' dir='ltr'>Troas.</span> <span class='ocrx_word' id='word_1_343' title='bbox 1479 2355 1614 2394; x_wconf 86' lang='lat'>1073.</span> <span class='ocrx_word' id='word_1_344' title='bbox 1640 2352 1761 2391; x_wconf 87' lang='lat' dir='ltr'><strong>Dioni</strong></span> 
     </span>
     <span class='ocr_line' id='line_1_38' title="bbox 330 2405 1828 2503; baseline 0.003 -59"><span class='ocrx_word' id='word_1_345' title='bbox 330 2406 527 2503; x_wconf 42' lang='lat' dir='ltr'><strong>ghrirffi’ffi</strong></span> <span class='ocrx_word' id='word_1_346' title='bbox 542 2405 736 2461; x_wconf 83' lang='grc' dir='ltr'><em>Α’ριωνος</em></span> <span class='ocrx_word' id='word_1_347' title='bbox 753 2405 881 2455; x_wconf 83' lang='grc' dir='ltr'><em>τύπος</em></span> <span class='ocrx_word' id='word_1_348' title='bbox 906 2408 1014 2447; x_wconf 86' lang='lat' dir='ltr'>Orat.</span> <span class='ocrx_word' id='word_1_349' title='bbox 1033 2408 1245 2448; x_wconf 82' lang='lat' dir='ltr'>XXXVII.</span> <span class='ocrx_word' id='word_1_350' title='bbox 1267 2422 1302 2460; x_wconf 97' lang='grc' dir='ltr'><strong>Ρ.</strong></span> <span class='ocrx_word' id='word_1_351' title='bbox 1324 2409 1431 2450; x_wconf 86' lang='grc'><strong>455</strong></span> <span class='ocrx_word' id='word_1_352' title='bbox 1450 2416 1490 2448; x_wconf 82' lang='lat' dir='ltr'><strong>et</strong></span> <span class='ocrx_word' id='word_1_353' title='bbox 1509 2409 1551 2447; x_wconf 87' lang='lat' dir='ltr'><strong>S.</strong></span> <span class='ocrx_word' id='word_1_354' title='bbox 1567 2408 1691 2448; x_wconf 78' lang='lat' dir='ltr'><strong>Lucae</strong></span> <span class='ocrx_word' id='word_1_355' title='bbox 1713 2409 1761 2448; x_wconf 90' lang='lat' dir='ltr'><strong>A.</strong></span> <span class='ocrx_word' id='word_1_356' title='bbox 1827 2411 1828 2415; x_wconf 75' lang='grc'>’</span> 
     </span>
    </p>

    <p class='ocr_par' dir='ltr' id='par_1_12' title="bbox 510 2463 754 2503">
     <span class='ocr_line' id='line_1_39' title="bbox 510 2463 754 2503; baseline -0.017 0"><span class='ocrx_word' id='word_1_357' title='bbox 510 2464 585 2503; x_wconf 89' lang='grc'><strong>43.</strong></span> <span class='ocrx_word' id='word_1_358' title='bbox 621 2463 754 2501; x_wconf 76' lang='lat' dir='ltr'>WEss.</span> 
     </span>
    </p>
   </div>
   <div class='ocr_carea' id='block_1_9' title="bbox 329 2515 1762 2687">
    <p class='ocr_par' dir='ltr' id='par_1_13' title="bbox 329 2515 1762 2687">
     <span class='ocr_line' id='line_1_40' title="bbox 329 2515 1762 2615; baseline 0.001 -56"><span class='ocrx_word' id='word_1_359' title='bbox 329 2573 361 2612; x_wconf 62' lang='grc' dir='ltr'><strong>Ι</strong></span> <span class='ocrx_word' id='word_1_360' title='bbox 415 2519 580 2615; x_wconf 77' lang='lat' dir='ltr'><strong>325W5.</strong></span> <span class='ocrx_word' id='word_1_361' title='bbox 616 2518 887 2574; x_wconf 67' lang='grc' dir='ltr'><em>Καθιερῶσαι</em></span> <span class='ocrx_word' id='word_1_362' title='bbox 911 2515 956 2560; x_wconf 80' lang='grc' dir='ltr'><strong>δε</strong></span> <span class='ocrx_word' id='word_1_363' title='bbox 981 2519 1050 2560; x_wconf 73' lang='grc' dir='ltr'><strong>καὶ</strong></span> <span class='ocrx_word' id='word_1_364' title='bbox 1072 2517 1178 2575; x_wconf 81' lang='grc' dir='ltr'><em>τῶν]</em></span> <span class='ocrx_word' id='word_1_365' title='bbox 1219 2520 1305 2559; x_wconf 81' lang='lat' dir='ltr'><strong>Hoc</strong></span> <span class='ocrx_word' id='word_1_366' title='bbox 1325 2524 1516 2572; x_wconf 79' lang='lat' dir='ltr'><strong>copiosius</strong></span> <span class='ocrx_word' id='word_1_367' title='bbox 1540 2523 1762 2570; x_wconf 78' lang='lat' dir='ltr'><strong>exsequitur</strong></span> 
     </span>
     <span class='ocr_line' id='line_1_41' title="bbox 383 2577 1760 2687; baseline -0.001 -16"><span class='ocrx_word' id='word_1_368' title='bbox 383 2577 408 2616; x_wconf 78' lang='grc'>8</span> <span class='ocrx_word' id='word_1_369' title='bbox 442 2631 517 2671; x_wconf 84' lang='grc'><strong>25-</strong></span> <span class='ocrx_word' id='word_1_370' title='bbox 540 2585 620 2671; x_wconf 61' lang='grc'><strong>11808.</strong></span> <span class='ocrx_word' id='word_1_371' title='bbox 649 2629 722 2677; x_wconf 86' lang='grc' dir='ltr'><strong>Εις</strong></span> <span class='ocrx_word' id='word_1_372' title='bbox 742 2627 974 2683; x_wconf 72' lang='grc' dir='ltr'><em>προσόδους</em></span> <span class='ocrx_word' id='word_1_373' title='bbox 994 2631 1161 2687; x_wconf 76' lang='grc' dir='ltr'><em>δοῦναι]</em></span> <span class='ocrx_word' id='word_1_374' title='bbox 1191 2633 1330 2671; x_wconf 79' lang='lat' dir='ltr'><strong>Ociosa</strong></span> <span class='ocrx_word' id='word_1_375' title='bbox 1358 2633 1451 2671; x_wconf 81' lang='lat' dir='ltr'><strong>haec</strong></span> <span class='ocrx_word' id='word_1_376' title='bbox 1479 2640 1569 2671; x_wconf 87' lang='lat' dir='ltr'><strong>sunt</strong></span> <span class='ocrx_word' id='word_1_377' title='bbox 1597 2639 1637 2671; x_wconf 86' lang='lat' dir='ltr'><strong>et</strong></span> <span class='ocrx_word' id='word_1_378' title='bbox 1656 2647 1677 2670; x_wconf 87' lang='lat' dir='ltr'><strong>e</strong></span> <span class='ocrx_word' id='word_1_379' title='bbox 1699 2645 1760 2670; x_wconf 86' lang='lat' dir='ltr'><strong>se-</strong></span> 
     </span>
    </p>
   </div>
   <div class='ocr_carea' id='block_1_10' title="bbox 330 2686 1758 2798">
    <p class='ocr_par' dir='ltr' id='par_1_14' title="bbox 330 2686 1758 2798">
     <span class='ocr_line' id='line_1_42' title="bbox 330 2686 1758 2742; baseline 0.003 -19"><span class='ocrx_word' id='word_1_380' title='bbox 330 2687 535 2734; x_wconf 84' lang='lat' dir='ltr'><strong>quentibus</strong></span> <span class='ocrx_word' id='word_1_381' title='bbox 557 2689 840 2738; x_wconf 86' lang='lat' dir='ltr'><strong>intelliguntur.</strong></span> <span class='ocrx_word' id='word_1_382' title='bbox 864 2686 998 2724; x_wconf 77' lang='lat' dir='ltr'>Rnon.</span> <span class='ocrx_word' id='word_1_383' title='bbox 1041 2688 1100 2729; x_wconf 85' lang='grc' dir='ltr'><strong>Τὸ</strong></span> <span class='ocrx_word' id='word_1_384' title='bbox 1122 2689 1259 2742; x_wconf 86' lang='grc' dir='ltr'><em>τρίτον</em></span> <span class='ocrx_word' id='word_1_385' title='bbox 1277 2688 1454 2742; x_wconf 69' lang='grc' dir='ltr'><em>με’-ροςτ</em></span> <span class='ocrx_word' id='word_1_386' title='bbox 1468 2705 1510 2742; x_wconf 81' lang='grc' dir='ltr'><strong>χ.</strong></span> <span class='ocrx_word' id='word_1_387' title='bbox 1531 2704 1570 2729; x_wconf 88' lang='grc' dir='ltr'><strong>α.</strong></span> <span class='ocrx_word' id='word_1_388' title='bbox 1594 2687 1758 2741; x_wconf 79' lang='grc' dir='ltr'><em>δοῦναι]</em></span> 
     </span>
     <span class='ocr_line' id='line_1_43' title="bbox 331 2740 1758 2798; baseline 0.004 -21.004"><span class='ocrx_word' id='word_1_389' title='bbox 331 2740 457 2779; x_wconf 85' lang='lat' dir='ltr'><strong>Sicuti</strong></span> <span class='ocrx_word' id='word_1_390' title='bbox 473 2743 677 2780; x_wconf 84' lang='lat' dir='ltr'><strong>multitudo</strong></span> <span class='ocrx_word' id='word_1_391' title='bbox 699 2741 919 2792; x_wconf 81' lang='lat' dir='ltr'><strong>Aegyptia</strong></span> <span class='ocrx_word' id='word_1_392' title='bbox 907 2755 949 2780; x_wconf 88' lang='lat' dir='ltr'>m</span> <span class='ocrx_word' id='word_1_393' title='bbox 968 2750 1045 2781; x_wconf 87' lang='lat' dir='ltr'><strong>tres</strong></span> <span class='ocrx_word' id='word_1_394' title='bbox 1067 2752 1193 2795; x_wconf 85' lang='lat' dir='ltr'><strong>partes</strong></span> <span class='ocrx_word' id='word_1_395' title='bbox 1227 2748 1282 2783; x_wconf 86' lang='lat' dir='ltr'><strong>ita</strong></span> <span class='ocrx_word' id='word_1_396' title='bbox 1311 2754 1350 2783; x_wconf 85' lang='lat' dir='ltr'><strong>et</strong></span> <span class='ocrx_word' id='word_1_397' title='bbox 1375 2749 1482 2798; x_wconf 84' lang='lat' dir='ltr'><strong>regio</strong></span> <span class='ocrx_word' id='word_1_398' title='bbox 1511 2752 1593 2783; x_wconf 86' lang='lat' dir='ltr'><strong>erat</strong></span> <span class='ocrx_word' id='word_1_399' title='bbox 1615 2746 1758 2782; x_wconf 84' lang='lat' dir='ltr'><strong>descri-</strong></span> 
     </span>
    </p>
   </div>
   <div class='ocr_carea' id='block_1_11' title="bbox 331 2799 1756 2853">
    <p class='ocr_par' dir='ltr' id='par_1_15' title="bbox 331 2799 1756 2853">
     <span class='ocr_line' id='line_1_44' title="bbox 331 2799 1756 2853; baseline 0.002 -19"><span class='ocrx_word' id='word_1_400' title='bbox 331 2804 418 2846; x_wconf 77' lang='lat' dir='ltr'><strong>pta3</strong></span> <span class='ocrx_word' id='word_1_401' title='bbox 453 2811 611 2848; x_wconf 83' lang='lat' dir='ltr'><strong>quarum</strong></span> <span class='ocrx_word' id='word_1_402' title='bbox 628 2801 742 2837; x_wconf 81' lang='lat' dir='ltr'><strong>tertia</strong></span> <span class='ocrx_word' id='word_1_403' title='bbox 761 2799 1036 2848; x_wconf 78' lang='lat' dir='ltr'><strong>sacerdotibus,</strong></span> <span class='ocrx_word' id='word_1_404' title='bbox 1060 2808 1105 2838; x_wconf 86' lang='lat' dir='ltr'><strong>ut</strong></span> <span class='ocrx_word' id='word_1_405' title='bbox 1125 2804 1207 2839; x_wconf 76' lang='lat' dir='ltr'><strong>eius</strong></span> <span class='ocrx_word' id='word_1_406' title='bbox 1224 2810 1414 2853; x_wconf 83' lang='lat' dir='ltr'><strong>proventu</strong></span> <span class='ocrx_word' id='word_1_407' title='bbox 1437 2816 1477 2840; x_wconf 84' lang='lat' dir='ltr'><strong>se</strong></span> <span class='ocrx_word' id='word_1_408' title='bbox 1500 2803 1756 2849; x_wconf 81' lang='lat' dir='ltr'><strong>familiamque</strong></span> 
     </span>
    </p>
   </div>
  </div>
 </body>
</html>
