1828 3253
294 163 385 207 144
729 158 1267 199 .ANNOTAT10NES

409 277 512 316 102.
540 274 616 314 46.
649 271 734 313 Καὶ
755 269 1117 323 διαβεβαιοῦνται]
1153 272 1402 322 Hyperbaton
1424 279 1500 319 est,
1533 274 1566 310 si
1586 269 1725 325 λέγον-

291 346 358 378 τες
378 332 425 369 ad
444 328 626 380 τοῦνομα
648 331 803 366 referas.
830 330 984 376 Alioqui
1003 330 1091 365 talis
1115 331 1377 376 interpretatio
1398 331 1569 366 exsistit:
1599 337 1638 366 et
1655 343 1725 367 uo-

293 402 379 425 men
398 389 545 424 mortui
562 387 750 437 paludem
772 388 1034 422 traiecturum
1065 392 1308 422 asseverant.
1349 385 1399 421 At
1419 397 1512 432 quae
1533 385 1626 421 haec
1655 399 1725 422 no-

292 447 409 481 minis
439 440 639 479 traiectio?
685 443 779 478 Levi
807 449 931 477 autem
952 442 1247 489 transpositione
1279 443 1464 478 naturalis
1494 441 1586 477 ordo
1614 443 1727 477 resti-

293 507 486 545 tueretur,
519 500 552 534 si
570 498 687 535 verba
716 501 769 534 sic
793 499 1019 533 collocares:
1053 495 1120 533 καὶ
1141 495 1323 548 ὶέὶοιτες
1350 494 1423 535 τοῖ
1430 512 1534 547 tofta
1559 499 1632 535 τοῦ
1658 511 1726 535 τε-

293 557 359 595 τε)
366 568 594 606 ευτηκοτος)
622 551 683 593 ότι
704 551 777 604 τὴν
799 552 893 602 λιμι
899 568 944 604 ην
965 551 1130 601 dmp'om
1134 567 1188 590 ειν
1206 551 1355 602 mmm,
1383 552 1728 602 ὁιαρέβαιοινται.

292 612 345 649 At
364 611 546 649 iudicium
569 623 683 658 penes
703 611 882 646 lectorem
904 615 996 645 esto.
1033 607 1167 644 RHOD.
1210 607 1305 644 Cum
1334 583 1387 646 9,.ιῆ
1378 623 1515 659 γοιτες
1544 604 1617 646 ‘coi
1624 623 1729 658 topia

294 670 369 707 τοῦ
392 662 724 717 τετεὶευτηκότος
744 673 829 714 apte
859 666 1007 702 confert
1037 663 1231 700 Stlothius
1253 664 1354 701 Livii
1382 663 1410 701 Ι.
1440 665 1512 703 32.
1554 664 1729 713 Legatus

295 724 363 761 ubi
390 725 444 761 ad
468 723 578 771 fines
613 735 745 759 eorum
781 724 891 758 venit
928 722 1027 758 uncle
1066 733 1131 757 res
1160 727 1417 771 repellemur,
1444 720 1577 758 Audi
1603 720 1729 771 Iup-

287 782 404 832 pite
417 794 459 826 r,
496 780 642 828 inqnit‚
683 792 708 814 (ι
721 792 743 815 u
755 780 832 815 dit
844 791 862 814 e
891 777 980 823 fia
996 790 1013 813 e
1027 789 1067 824 8,
1105 779 1367 826 cuiuscunque
1387 778 1519 825 gentis
1541 783 1632 813 sunt
1659 789 1730 812 no-

293 838 440 882 minat,
477 849 501 871 (ι
515 849 537 871 u
551 836 637 872 (lia
652 842 669 870 t
683 834 751 880 fa
764 846 793 870 s.
838 834 1055 882 Ibidemque
1068 860 1080 879 ‚
1119 832 1274 869 Bellum
1306 835 1364 869 ita
1393 834 1554 879 indicit,
1595 832 1731 869 Audi

296 893 544 943 Iuppiter
576 898 626 927 et
666 898 714 927 tu
758 890 884 928 Iuno
925 911 972 916 --
1007 902 1094 938 ego
1142 901 1229 926 vos
1268 895 1438 925 testor
1479 889 1728 940 populum

295 950 463 994 illum,
495 949 714 997 quicunque
738 954 799 983 est
823 949 1017 992 nominat,
1049 947 1293 982 iniustum
1327 957 1448 981 esse.

410 1015 512 1055 103.
533 1015 607 1053 47.
641 1011 728 1064 Τὴν
748 1013 893 1064 λήιινην
911 1015 985 1052 τοῦ
1005 1015 1134 1063 νομοῦ
1157 1014 1228 1050 τοῦ
1251 1005 1610 1062 τῑτελευτηκότος]
1645 1009 1731 1047 Hoc

294 1074 330 1110 si
349 1072 505 1121 probes,
528 1072 585 1106 uti
604 1069 839 1117 probandum
862 1083 932 1119 ego
957 1082 1115 1114 censeo,
1141 1069 1247 1104 nulla
1268 1069 1493 1104 traiectione
1523 1079 1616 1115 opus
1645 1069 1731 1103 erit.

294 1129 476 1178 Aegyptii
494 1128 535 1162 in
563 1125 707 1162 Nomos
727 1131 837 1162 erant
867 1126 1069 1174 descripti,
1102 1137 1262 1173 quorum
1284 1125 1457 1174 singulae
1487 1129 1596 1158 crant
1624 1124 1730 1171 palu-

295 1185 384 1231 des,
419 1196 442 1219 a
469 1184 631 1218 mortuis
661 1182 949 1218 tramittendae:
991 1193 1106 1229 quare
1136 1181 1272 1216 funere
1305 1180 1473 1225 indicto,
1520 1178 1731 1215 addebatur

295 1253 370 1289 quo
394 1241 434 1276 in
454 1239 577 1276 Nomo
599 1239 706 1287 palus
727 1245 838 1274 esset.
864 1238 899 1274 N
903 1252 962 1274 am
976 1244 1056 1275 tota
1075 1236 1155 1272 Aerr
1131 1242 1248 1287 gjpto
1267 1249 1381 1272 unam
1403 1235 1588 1271 duntaxat
1608 1235 1728 1271 fuisse

295 1296 492 1346 paludem,
521 1294 568 1331 ad
587 1307 697 1343 quam
715 1295 794 1330 fato
811 1295 936 1330 functi
956 1294 1268 1343 deportarentur,
1297 1305 1431 1329 velum
1452 1304 1534 1327 esse
1562 1303 1641 1327 non
1661 1303 1729 1339 po-

295 1359 392 1400 test,
415 1358 453 1387 et
472 1364 533 1387 res
553 1363 621 1399 pro
643 1364 681 1386 se
703 1352 786 1403 ipsa
803 1351 984 1398 loquitur.
1014 1349 1147 1387 VVEss.

410 1420 512 1459 103.
539 1418 616 1458 48.
644 1416 783 1456 ΙῚλείω
803 1419 885 1456 τῶν
906 1412 1239 1469 τετταράκοντα]
1269 1413 1408 1452 Rarior
1431 1415 1517 1451 aliis
1548 1412 1611 1451 hic
1638 1427 1729 1450 usus

293 1478 402 1515 vocis
432 1474 579 1520 πλείω,
621 1473 762 1510 Nostro
793 1475 1036 1520 tritissimus,
1078 1474 1143 1520 qui
1176 1473 1315 1519 passim
1342 1471 1514 1508 adverbii
1543 1476 1730 1518 potestate

293 1534 490 1571 instruxit.
539 1530 636 1566 Vide
664 1530 776 1566 modo
812 1529 916 1566 le.
956 1532 1029 1569 20.
1060 1528 1183 1566 XVII.
1229 1528 1329 1567 115.
1357 1526 1454 1566 XX.
1499 1528 1571 1567 63.
1613 1533 1651 1562 et
1682 1525 1731 1562 H.

294 1588 480 1637 Stephan.
504 1587 552 1623 ad
579 1585 688 1622 Xffl.
716 1587 789 1625 94.
840 1584 897 1622 De
917 1586 1086 1622 iudicum
1112 1587 1152 1621 in
1175 1584 1384 1633 hemicyclo
1417 1596 1598 1619 consessu
1628 1594 1730 1630 supr.

295 1659 329 1681 c.
348 1645 422 1684 48.
451 1643 584 1680 1VESS.
641 1641 699 1678 De
721 1640 844 1680 πλείω
865 1649 902 1677 et
921 1642 1109 1678 similibus
1131 1643 1185 1677 sic
1208 1641 1320 1676 dictis
1341 1640 1479 1675 licebat
1497 1641 1617 1675 multo
1638 1640 1723 1686 plua

293 1713 339 1738 ra
370 1701 542 1747 exempla
567 1700 722 1747 apponi:
757 1711 843 1734 nam
871 1699 1051 1746 frequens
1070 1698 1237 1734 librariis
1260 1696 1322 1733 hic
1346 1697 1607 1742 soloecismus,
1635 1695 1730 1743 ipsis

297 1757 547 1807 scriptoribus
572 1767 651 1790 non
676 1754 931 1819 imputandus.

407 1824 507 1863 103
540 1823 610 1861 52.
634 1818 854 1874 'Esse'omyze
876 1819 920 1859 ὁὲ
938 1816 1016 1860 Tm?
1007 1836 1068 1874 τῃ
1087 1835 1249 1873 nomo-51
1235 1817 1289 1869 ς]
1322 1818 1482 1856 Rectum
1501 1821 1534 1855 si
1552 1818 1623 1855 hoc
1642 1820 1727 1855 loco

294 1877 503 1933 πρωοείς,
534 1884 684 1926 oportet
703 1878 802 1914 idem
823 1880 873 1914 sit
891 1891 934 1914 ac
963 1875 1178 1929 πορθμει
1160 1903 1198 1923 5,
1227 1876 1355 1923 quod
1347 1889 1385 1911 m
1404 1874 1470 1911 Co.
1492 1881 1530 1911 et
1550 1874 1618 1913 M.-
1595 1902 1619 1921 .‚
1646 1887 1727 1923 cap.

295 1940 398 1974 enim
418 1937 492 1975 96.
525 1935 759 1971 Clam-entem
791 1934 1065 1984 Aegyptiorum
1094 1931 1288 1984 πορθμέα
1319 1931 1496 1977 Graecis,
1523 1933 1605 1968 sive
1627 1944 1730 1981 por-

296 1995 394 2030 titor
398 2005 455 2029 em
488 2004 569 2027 esse
598 1993 671 2027 ait:
712 1993 777 2038 qui
806 1991 939 2026 titulus
973 2003 1058 2026 cum
1083 1990 1292 2026 inferorum
1310 1989 1370 2024 illi
1401 1994 1562 2032 nautae,
1598 1989 1656 2023 uti
1686 1989 1729 2023 in

295 2048 455 2086 Lucian.
488 2046 535 2083 D.
578 2046 676 2083 Mor.
715 2046 778 2083 IV.
813 2049 872 2091 l.‚
909 2059 1028 2094 paene
1059 2048 1109 2081 sit
1140 2053 1363 2093 perpetuuS,
1390 2056 1468 2080 non
1494 2043 1729 2092 refragabor7

297 2108 330 2141 si
350 2107 412 2140 cui
430 2105 554 2152 potior
571 2103 764 2140 videatur:
799 2104 1021 2151 praesertim
1040 2101 1140 2149 quod
1160 2104 1269 2138 navis
1289 2113 1378 2136 suae
1407 2101 1640 2150 gubernator
1668 2111 1730 2134 es·-

296 2168 354 2196 set
375 2159 526 2196 Charon
569 2165 606 2195 et
632 2165 830 2207 propterea
859 2164 1031 2205 proreta,
1071 2157 1116 2193 de
1146 2169 1219 2205 quo
1254 2156 1306 2193 10.
1350 2154 1532 2193 Scheffer.
1561 2154 1624 2192 IV.
1645 2154 1727 2191 Mil.

295 2215 395 2255 Nav.
431 2229 463 2254 c.
489 2217 542 2262 6.,
575 2220 613 2251 et
632 2216 723 2254 infr.
747 2214 854 2250 le.
872 2214 961 2261 43„
990 2215 1252 2250 excellentior.
1282 2212 1415 2249 Wssss.

409 2284 512 2322 103-
539 2281 610 2321 53.
637 2279 793 2335 Ὀρφέα
813 2278 858 2320 τὸ
881 2278 1055 2330 παλαιὸν
1077 2279 1132 2326 εἷς
1152 2279 1243 2332 etc.]
1270 2279 1435 2316 Defendi
1453 2285 1581 2327 posset
1597 2285 1729 2317 aucto-

294 2352 336 2377 re
355 2338 581 2385 Plutarcho,
615 2339 715 2386 quod
737 2351 785 2374 ex
808 2337 922 2374 Coisl.
944 2345 981 2374 et
997 2336 1158 2374 Clarom.
1176 2336 1325 2373 schedis
1345 2343 1493 2372 erutum
1516 2335 1624 2382 dedi,
1653 2333 1727 2374 τὸν

297 2391 485 2434 παλαιόν·
514 2397 568 2431 sic
600 2398 702 2431 enim
733 2396 799 2431 ille
827 2397 868 2430 in
897 2393 979 2430 Vll.
1018 2393 1106 2442 Sap.
1137 2392 1298 2430 Com-iv.
1330 2391 1375 2428 T.
1404 2391 1450 2427 II.
1489 2404 1525 2440 p.
1549 2392 1650 2431 159.
1681 2391 1724 2431 C.

295 2449 431 2500 ὥσπερ
450 2448 604 2502 Ὀρφέα
635 2448 706 2489 τὸν
729 2448 904 2488 παλαιὸν
926 2447 1149 2501 ἱστοροῦσι·
1181 2451 1257 2486 nisi
1275 2447 1444 2486 Diodoro
1472 2444 1519 2485 τὸ
1550 2445 1726 2486 παλαιὸν

295 2509 395 2545 idem
414 2507 536 2552 foret,
564 2514 675 2555 atque
695 2508 806 2553 olim,
836 2506 935 2553 apud
961 2507 1129 2542 seculum
1158 2508 1286 2553 prius,
1314 2510 1357 2540 ut
1391 2515 1471 2551 cap.
1493 2503 1566 2542 95.
1599 2510 1637 2540 et
1662 2503 1726 2541 lV.

300 2566 370 2605 1⁶>
397 2562 442 2598 V·
475 2564 550 2616 47.
573 2570 643 2599 etc.
673 2563 721 2599 W
726 2574 807 2599 Ess.

411 2631 513 2670 103
546 2630 617 2669 57.
646 2626 815 2682 Μικρὸν
846 2626 1018 2683 ὓστερον
1048 2623 1368 2682 ἀναγράψομεν]
1409 2626 1516 2665 Infra
1550 2641 1630 2679 cap.
1650 2617 1723 2668 96

290 2688 514 2784 VVESS103
536 2708 641 2782 60¹.
627 2736 676 2781 O
696 2736 822 2792 νόμος
844 2739 929 2788 ἕξοι
928 2740 1041 2782 ·σι’ῖαν
1057 2740 1250 2791 ammons]
1280 2722 1419 2780 Omnia
1437 2740 1572 2805 eadent
1598 2742 1639 2779 iu
1655 2753 1724 2779 re·

295 2815 388 2852 gum
406 2799 604 2839 funeribus
622 2810 704 2849 cap.
727 2800 798 2840 72.
824 2798 873 2838 W
876 2809 955 2837 1255.
1659 2817 1663 2837 ι
