1828 3253
440 144 505 184 IN
545 143 656 183 LlB.
686 143 715 182 1.
754 143 879 182 CAP.
918 145 991 188 31.
1020 146 1092 187 32.
1438 148 1495 190 53

52 274 149 314 gens
175 261 372 313 Aegyptus
398 261 676 298 incrementum
707 259 826 306 cepit,
853 258 1078 308 urbiumque
1107 266 1145 298 et
1171 272 1376 313 pagorum,
1405 275 1490 302 cum

52 317 324 367 Philadelphus
354 323 554 367 regnaret,
582 327 764 352 numerus
782 324 874 353 xxx
894 317 1018 354 millia
1037 319 1214 357 excessit.
1257 317 1342 355 Hoc
1360 315 1488 356 Theo-

53 377 172 412 critus
193 375 399 412 clarissime
416 372 611 422 significat
634 370 732 422 ldyl.
755 370 879 409 XVII.
902 374 973 413 82.
996 371 1055 409 De
1074 370 1216 411 Catone
1238 377 1280 412 in
1301 373 1488 424 Stephani

51 426 299 477 Διόσπολις,
325 442 436 479 quem
455 428 545 465 haec
565 428 866 465 Ptolemaeorum
888 435 1058 477 tempora
1085 432 1298 477 respexisse
1326 432 1488 469 arbitra-

51 494 116 524 tur
135 485 394 532 Marshamus,
424 485 583 522 dubites.
629 483 727 520 Ante
747 486 849 522 enim
868 485 1063 523 inductam
1082 498 1105 523 a
1124 486 1252 523 Persis
1270 489 1489 526 vastitatem

52 546 182 581 tricies
213 542 336 578 millia
360 543 534 580 vicorum
555 547 593 578 et
619 542 803 591 triginta,
829 539 1024 580 hominum
1046 554 1139 579 vero
1162 545 1374 594 septuagies
1399 558 1488 582 een-

51 606 141 636 tena
155 599 300 644 millia,
323 609 419 646 quae
438 609 528 634 mox
545 596 738 634 Diodorus
757 598 909 647 regioni
928 605 1016 635 ante
1039 597 1270 648 Lagidarum
1288 603 1488 646 imperium

47 655 204 702 tribuit,
243 652 417 702 Thebas,
450 656 476 691 i.
501 667 532 691 e.
564 653 802 704 Aegyptum,
832 660 876 691 ut
903 653 998 691 bene
1025 652 1074 691 Is.
1103 653 1262 692 Vossius
1283 657 1325 692 in
1347 654 1486 693 Melam

48 710 79 748 Ι.
115 711 156 751 9.
200 711 272 752 80.
317 723 536 748 numerasse
572 723 617 748 ac
652 709 869 759 possedisse
907 710 1047 762 prodit.
1085 709 1219 748 Wsss.
1273 711 1319 749 V.
1356 710 1484 762 Heyn.

49 766 188 818 Opusc.
217 766 336 804 Acad.
364 765 393 804 1.
420 767 528 807 225.

159 824 232 863 36
256 823 328 862 33.
363 819 450 862 Οὐκ
469 817 538 861 ἒ)’
515 836 662 869 αττους
680 817 736 862 ειν
740 838 779 861 αι
791 838 874 862 των
893 820 1161 876 τριακοσίωτ]
1185 821 1270 860 Hoc
1288 826 1321 861 si
1341 823 1487 862 dederit

45 877 262 926 Diodorus,
299 886 450 929 oportet
474 878 670 917 hominum
701 893 881 916 numerus
910 892 976 929 per
1015 880 1115 918 bella
1149 893 1282 931 regum
1319 880 1485 932 Aegypti

46 949 107 974 eu
111 938 178 973 ilia
206 938 409 974 immanem
439 938 481 974 in
509 936 664 974 modum
693 936 918 974 decreverit.
974 935 1024 974 At
1054 942 1186 973 eontra
1192 909 1316 975 ὃνσεῐιίίῑ
1337 937 1484 987 Ioseph.

45 990 93 1029 ll.
112 991 155 1028 B.
179 991 208 1030 Ι.
234 994 302 1032 16.
326 993 367 1032 4.
395 1005 430 1042 p
456 992 558 1032 190.
588 994 630 1030 in
663 991 941 1043 Aegyptiorum
979 995 1215 1045 catalogum,
1251 992 1485 1041 Vespasiano

43 1049 238 1099 principe,
265 1044 519 1099 πεντήκοντα
540 1046 644 1098 πρὸς
673 1055 763 1096 ταῖς
791 1045 1052 1095 ἑπτακοσίαις
1077 1025 1284 1101 ίιιι-οιάδας
1314 1045 1483 1102 ἀνθρώ-

44 1120 156 1153 πων,
186 1104 280 1155 δίχα
310 1107 394 1144 τῶν
425 1100 729 1157 {4Ze23‘1210051av
758 1101 1080 1154 κατοικοίπτων,
1120 1107 1335 1156 septuagies
1374 1108 1485 1155 quin—

44 1164 151 1210 quies
181 1168 342 1198 centena
372 1160 566 1198 hominum
594 1163 737 1208 millia,
765 1175 844 1199 non
873 1162 1015 1200 additis
1047 1164 1087 1199 in
1111 1175 1294 1198 sumniam
1313 1160 1481 1199 Alexan-

43 1218 187 1265 drinis,
214 1219 279 1266 qui
297 1216 432 1255 Nostri
453 1224 575 1254 aetate
595 1219 723 1266 plures
744 1220 925 1257 trecentis
949 1219 1119 1255 millibus
1138 1224 1268 1264 erant,
1296 1220 1409 1256 sicuti
1429 1222 1484 1258 ait

42 1273 168 1311 XVH.
205 1274 276 1315 52.
305 1274 488 1311 referens.
546 1273 624 1310 Sed
659 1273 751 1310 haec
784 1287 915 1312 eorum
953 1274 1144 1311 discordia
1186 1281 1412 1322 evanescet,
1450 1277 1483 1311 si

40 1329 287 1382 τριακοσίων
319 1342 477 1377 vocem,
514 1330 561 1367 ab
588 1329 637 1366 H.
670 1329 868 1378 Stephano
911 1332 953 1367 in
992 1331 1168 1367 omnibus
1203 1331 1481 1379 exemplaribus

41 1384 142 1424 haud
163 1392 374 1435 repertam,
402 1398 513 1435 quarn
533 1388 754 1438 longissime
778 1386 867 1424 hinc
886 1388 1072 1424 elimines.
1129 1386 1263 1424 Wnss.

155 1443 228 1482 37.
249 1443 323 1482 41.
354 1439 424 1482 Ἕκ
454 1438 592 1482 τόπων
599 1418 842 1495 ῦᾶοράτωι]
884 1442 950 1480 Sic
980 1443 1026 1480 (le
1045 1456 1114 1480 sua
1132 1450 1255 1480 aetate
1276 1441 1481 1481 Diodorus

42 1505 80 1537 et
99 1497 298 1536 claudian.
320 1498 366 1535 de
391 1498 495 1546 Nilo,
522 1500 591 1539 10.
621 1498 825 1537 Fluctibus
852 1501 890 1549 ἐξ,
872 1502 1000 1537 “notis
1022 1507 1197 1537 nostrum
1208 1513 1266 1550 pr
1269 1502 1424 1537 ocur-rit
1440 1514 1479 1537 m

44 1556 172 1593 orbem
203 1555 302 1593 sem
305 1562 369 1592 eto
398 1557 444 1594 de
465 1555 588 1603 fonte
612 1557 779 1604 cadens,
809 1558 878 1607 qui
896 1569 1051 1607 semper
1081 1557 1195 1593 inani
1222 1555 1357 1602 Quae)
1360 1557 1481 1594 endas

43 1614 199 1649 ratione
228 1613 353 1658 latet;
389 1625 462 1650 nec
491 1614 662 1662 contigit
692 1614 766 1650 ulli
792 1613 882 1650 Hoc
911 1615 1056 1650 vidisse
1092 1618 1223 1663 caput,
1279 1612 1399 1649 Nobis
1430 1623 1478 1648 ex

41 1667 311 1705 Lusitanorum
332 1669 643 1718 navigationibus
664 1676 702 1705 et
718 1669 829 1706 libris
846 1671 930 1706 loca
959 1682 1002 1706 ea
1033 1671 1231 1718 explorata
1251 1671 1479 1719 cognitaque

42 1727 136 1760 satis
163 1730 264 1759 sunt.
322 1723 409 1760 Vid.
437 1723 597 1760 Hieron.
624 1723 721 1763 Lobi
744 1723 846 1762 Hist.
872 1724 1011 1776 Abyss.
1029 1724 1077 1763 T.
1097 1724 1126 1762 Ι.
1146 1739 1181 1776 p.
1205 1726 1311 1766 133.
1329 1731 1367 1762 et
1385 1723 1474 1763 Ath„

41 1779 219 1817 Kirclieri
245 1778 381 1827 oedip.
406 1778 502 1816 'l.1.
525 1777 689 1846 Syntag.
713 1780 741 1817 l.
763 1782 803 1820 7.
859 1781 994 1818 VVESS.

155 1837 227 1875 37-
246 1836 321 1877 48.
351 1831 509 1874 §mista
527 1831 738 1886 μάλιιστά
728 1851 814 1882 πως
831 1833 986 1890 μύοια]
1017 1836 1208 1874 Strabol.
1231 1850 1265 1886 p.
1292 1837 1363 1876 56.
1393 1838 1477 1884 plus

40 1892 172 1932 decem
199 1893 322 1929 millia
350 1889 562 1929 stadiorum
594 1895 743 1929 emetiri
771 1896 848 1940 ait3
889 1894 956 1930 sed
983 1894 1152 1930 flexuum
1180 1892 1261 1931 Nili
1291 1893 1477 1930 rationem

38 1947 217 1986 habuisse
237 1961 316 1985 non
334 1948 499 1986 ridetur
536 1947 643 1985 Adde
665 1947 708 1986 L
729 1951 810 1986 eius
831 1948 905 1986 XV
908 1949 957 1989 11.
980 1963 1015 2001 p.
1039 1949 1174 1990 1134.
1230 1948 1363 1986 wass.

152 2006 225 2044 37
245 2005 319 2044 49.
396 2001 443 2043 ὗν
473 1999 537 2050 αἶς
564 2009 737 2044 ποιεῖται
765 2010 960 2056 καμπαῖς.
998 2003 1105 2045 κατὰ
1134 2003 1180 2044 ὸὲ
1212 2002 1335 2055 τοὺς]
1372 2004 1477 2048 Quae

38 2063 156 2113 vulgo
178 2063 279 2098 inter
299 2059 391 2097 haec
410 2062 602 2101 inculcata
621 2062 850 2112 legebantur
874 2061 921 2099 de
952 2061 1103 2108 Meroe,
1131 2075 1177 2099 ea
1205 2063 1332 2098 onmia
1361 2058 1475 2097 Codi-

39 2132 125 2156 cum
154 2117 340 2155 subnixus
371 2119 601 2155 auctoritate
631 2120 738 2156 eieci.
797 2116 899 2156 Sunt
926 2120 1030 2156 enim
1058 2119 1104 2155 ab
1138 2116 1208 2154 hoc
1235 2119 1319 2154 loco
1339 2118 1477 2163 aliena,

37 2188 160 2225 neque
189 2176 294 2211 omni
321 2185 370 2211 ex
396 2180 505 2222 parte
533 2187 650 2222 vera,
690 2176 773 2212 sive
802 2187 847 2212 ea
877 2175 923 2211 de
947 2176 1098 2213 insulae
1127 2174 1293 2221 ambitu,
1331 2186 1397 2210 seu
1429 2173 1475 2208 de

37 2231 148 2269 fluvii
177 2232 298 2280 spatio
330 2243 415 2268 cum
441 2231 588 2282 Poggio
609 2237 658 2268 et
669 2233 843 2282 margine
866 2230 938 2270 Ms.
955 2229 1003 2271 R.
1022 2232 1225 2283 acceperis.
1279 2229 1476 2281 Leguntur

39 2300 119 2337 cap.
147 2299 225 2336 seq.
282 2282 416 2324 WVEss.

150 2343 223 2383 37
245 2342 316 2382 52.
354 2339 443 2389 Τὰς
453 2339 799 2411 παρακειμένας]
841 2344 1092 2394 Participium
1120 2343 1192 2381 hoc
1222 2349 1474 2381 removeatur.

35 2398 226 2450 Intelligit
241 2401 343 2436 enim
370 2395 465 2438 κατ’
489 2396 634 2451 ἐξοχὴν
657 2399 829 2445 Africam
852 2407 890 2437 et
919 2399 1060 2438 Asiam.
1119 2401 1221 2444 Quas
1251 2400 1344 2436 duas
1372 2398 1476 2435 orbis

37 2454 257 2493 habitabilis
273 2457 514 2494 continentes
544 2455 684 2505 Nilus,
708 2455 925 2509 Aegyptum
954 2469 1201 2506 percurrens,
1225 2456 1475 2494 disterminat.

39 2510 173 2549 Rnon.
212 2538 217 2541 »

149 2569 222 2608 37.
245 2567 315 2609 55.
349 2563 650 2622 Εἴσχεόμενον]
682 2568 897 2636 Marginale
927 2564 1165 2620 ἐκχεόμενον
1191 2570 1232 2605 in
1252 2572 1472 2605 contextum

40 2626 167 2661 versio
197 2637 281 2662 mea
306 2627 454 2676 recipit.
477 2624 611 2664 Rnon.
668 2621 966 2689 Εισχεόμενον]
999 2625 1085 2677 Ego
1115 2625 1160 2663 de
1187 2623 1258 2662 hac
1285 2625 1473 2670 scriptura

39 2679 139 2718 nihil
166 2679 329 2718 demuto.
361 2679 519 2721 Aristid.
541 2681 588 2720 T.
607 2681 676 2719 111.
706 2696 744 2733 p.
779 2683 885 2724 568
919 2677 1017 2734 ὅπερ
1049 2681 1105 2728 εἷς
1135 2696 1210 2731 την
1248 2675 1470 2719 θάλασσαν

40 2732 294 2787 εἶσχεόμειον
315 2732 477 2788 ἀὸηλως
496 2735 770 2778 ἀναλοῦσθαι.
796 2737 993 2777 Heliodor.
1016 2738 1058 2775 V.
1077 2752 1110 2787 p.
1122 2738 1227 2777 229.
1253 2734 1321 2774 καὶ
1341 2728 1474 2774 καθά-

41 2807 115 2846 περ
134 2789 202 2837 διὰ
223 2791 393 2843 στομίου
415 2793 470 2841 εἷς
488 2790 561 2834 τὸν
579 2795 811 2847 Κρισσαΐον
830 2790 983 2834 κόλπον
1003 2790 1182 2844 εἰσχεόμε
1168 2807 1256 2832 (νον
1275 2797 1347 2828 cte·
1382 2788 1473 2826 Seio
