1828 3253
440 251 499 289 IN
533 249 640 288 Lm.
670 249 714 287 V.
754 249 822 286 CA
841 250 881 286 P.
909 251 976 289 17.
1003 272 1049 277 —-
1073 253 1147 290 20.
1430 254 1523 296 419

74 369 164 406 tius.
198 363 458 404 Frontinusl.
485 358 529 404 '5.
555 364 594 403 5.
623 363 679 401 ad
707 364 875 414 speciem
905 363 1140 400 renuendae
1157 362 1266 402 ιιι-ὧτε
1297 378 1370 402 γ’·αν
1374 378 1416 403 os
1434 380 1516 418 pro

73 423 272 460 moenibus
297 423 535 471 sagittarios
562 420 737 469 reliquit.
766 417 978 455 Cremutius
1001 417 1147 455 Cordus
1168 422 1207 455 in
1228 419 1397 458 Senecae
1417 422 1517 461 Sua-

74 492 149 516 sor.
162 478 245 516 Vll.
268 492 303 527 p.
317 478 390 516 41.
416 475 613 513 Ciceronis
631 482 744 523 caput
756 475 948 511 duronius
968 476 1148 526 inssztpr
1153 488 1172 511 ο
1194 480 1338 513 rostris
1359 482 1514 529 (uz-poni,

75 548 236 584 quorum
255 536 339 570 loco
351 532 484 570 Livius
505 531 659 578 ibidem,
678 534 863 582 iussuque
885 533 968 567 eius
986 533 1091 568 inter
1107 533 1206 569 decas
1226 545 1364 570 manus
1384 537 1422 572 in
1447 549 1512 572 ro-

72 593 170 629 stris
184 592 369 642 positum.
398 588 515 625 Plura
536 586 661 624 Celeb.
684 587 725 624 C.
748 587 794 626 A.
818 585 964 623 Duker.
994 588 1041 623 ad
1053 587 1210 625 Florum
1233 588 1293 624 tv.
1310 592 1350 629 2.
1381 591 1515 629 lvitss.

188 647 294 686 344.
338 646 408 685 19.
457 642 519 684 Αἵ
549 649 728 694 συνεχεῖς
757 642 799 682 ἐκ
828 643 988 681 παίδων
1018 642 1211 694 μελέται]
1257 645 1395 683 Certos
1425 650 1512 698 quis

70 704 241 740 miretur
259 705 381 749 ictus,
411 714 526 751 quum
547 699 647 737 haec
666 701 751 737 sola
771 701 885 750 genti
903 713 1017 736 arma
1045 701 1142 747 sint,
1173 703 1216 738 id
1234 715 1348 738 mmm
1373 703 1421 740 ab
1451 707 1512 741 in-

60 760 208 807 fautia
237 757 436 810 stadium?
481 757 612 794 Cibum
634 769 742 808 puer
771 770 796 793 (ι
826 762 955 792 matre
987 769 1062 792 non
1091 758 1262 808 aceipz't,
1286 761 1365 795 nisi
1384 773 1511 809 quem,

69 818 157 867 ipsa
184 822 332 852 meust)
335 821 448 860 ante
478 816 694 865 percussit.
734 811 801 849 Sic
832 811 981 848 Florus.
1020 810 1254 851 Distinctius
1282 813 1513 865 Lycophron

69 883 106 909 v.
129 872 233 911 637.
255 878 293 907 et
314 871 494 921 Vegetius
516 869 558 906 L.
579 869 606 906 Ι.
628 868 676 908 R.
696 868 749 907 M.
772 883 804 905 c.
831 870 901 908 16.
935 868 981 905 W
986 878 1064 905 ass.

180 928 284 967 344.
315 900 395 968 280
419 923 571 965 lxm&
559 923 636 977 γὰρ
659 921 734 977 τὴν
753 925 848 974 ΛιμΙ
854 920 926 974 ι’·ιν
950 929 1075 962 κεῖται
1095 922 1202 975 μὲν]
1191 926 1262 964 πε)
1254 925 1362 978 αγιά
1385 929 1511 979 νῆσος

69 981 170 1035 etc.]
222 985 327 1028 Quae
356 985 472 1020 maris
502 982 648 1018 Oceani
679 987 814 1018 contra
847 981 943 1030 Lib)
947 994 1007 1017 am
1042 980 1135 1017 haec
1161 983 1289 1019 insula
1317 984 1391 1030 sit,
1431 997 1509 1022 non

69 1039 215 1077 dixero.
258 1039 554 1076 Fortunat-arum
585 1045 688 1074 certe
717 1037 869 1086 quidem
897 1050 973 1074 una
998 1036 1130 1075 haberi
1154 1050 1233 1074 non
1264 1046 1407 1086 potest:
1436 1041 1510 1077 ob-

70 1103 175 1133 stant
192 1097 370 1145 pleraque
399 1097 548 1142 omnia,
575 1107 670 1143 quae
690 1094 736 1130 de
769 1107 813 1130 ea
834 1093 1116 1142 praedicantur.
1158 1093 1297 1131 Melius
1326 1099 1510 1134 conveni-

68 1159 128 1188 ret
148 1152 322 1189 Platonis
345 1152 526 1197 Atlantis,
548 1152 628 1187 nisi
648 1164 692 1187 ea
711 1149 889 1186 fluctibus
911 1148 1043 1186 hausta
1061 1163 1218 1199 prorsus
1240 1150 1509 1199 disparuisset:

67 1209 124 1244 ait
154 1210 234 1258 ipse
254 1207 404 1245 Timaei
434 1222 470 1257 p.
491 1209 565 1246 25.
587 1205 636 1243 D.
664 1204 769 1245 κατὰ
796 1208 870 1256 τῆς
891 1202 1114 1256 θαλάσσης
1135 1205 1242 1244 δῦσα
1272 1204 1508 1260 ἠφανίσθη.

66 1263 138 1301 Vel
168 1267 223 1301 sic
242 1271 370 1301 tamen
397 1265 492 1300 uber
511 1264 659 1300 insulae
682 1270 721 1299 et
748 1263 994 1298 felicissimus
1030 1261 1180 1299 habitus
1203 1264 1363 1300 multum
1394 1264 1513 1302 trahit

67 1333 113 1357 ea
132 1333 182 1356 ex
200 1320 418 1367 Atlantide,
437 1327 480 1357 ut
499 1331 548 1355 ex
569 1317 785 1367 philosophi
805 1316 927 1354 Critia
955 1331 992 1367 p.
1023 1320 1124 1358 112.
1153 1318 1315 1355 videbis.
1353 1319 1509 1371 Ergone

65 1389 144 1413 una
160 1390 290 1414 earum
311 1383 389 1423 est,
413 1389 508 1425 quae
527 1375 725 1412 Americae
745 1375 944 1421 adiacent,
973 1376 1104 1423 ipsave
1127 1373 1329 1412 America'?
1356 1376 1426 1427 'Ita
1450 1380 1510 1414 vi-

67 1445 151 1470 sum
181 1434 275 1470 olim
305 1434 382 1470 fuit
412 1433 632 1470 doctissimo
662 1430 860 1468 Schmidio
887 1429 1050 1468 Dissert.
1083 1431 1128 1467 de
1157 1432 1360 1478 America,
1396 1446 1507 1483 quam

64 1488 234 1526 Pindaro
254 1502 322 1526 suo
345 1489 536 1526 adiunxit.
576 1487 628 1524 At
650 1490 690 1523 in
711 1501 793 1524 eam
821 1485 1179 1538 Carthaginienses,
1211 1495 1413 1537 postquam
1442 1490 1509 1526 ad-

65 1557 178 1582 versa
208 1552 432 1594 tempestate
466 1546 544 1582 acti
577 1545 693 1580 semel
722 1551 1006 1594 cognoverant,
1046 1545 1228 1581 instituta
1256 1546 1509 1596 navigatione

63 1603 289 1648 tramisisse,
309 1604 375 1650 qui
391 1601 545 1638 tandem
566 1599 789 1637 credemus?
817 1612 940 1649 neque
959 1602 1062 1637 enim
1084 1607 1237 1637 vastum
1258 1600 1403 1639 Oceani
1424 1615 1509 1652 spa-

65 1658 161 1694 tium
181 1659 264 1694 sine
283 1657 438 1707 pyxidis
467 1659 642 1694 nauticae
661 1658 831 1704 auxilio,
865 1670 939 1706 quo
958 1657 1128 1693 defectos
1148 1657 1267 1693 fuisse
1295 1660 1423 1694 omnia
1442 1672 1509 1696 ar-

64 1720 219 1763 guunt,
239 1726 419 1762 superare
439 1719 659 1763 potuerunt.
703 1711 860 1751 Fabulis
880 1715 1009 1760 itaque
1040 1713 1185 1749 adfinia
1206 1720 1317 1760 sunt,
1347 1726 1442 1761 quae
1463 1715 1509 1751 de

64 1768 137 1806 hac
159 1770 287 1806 insula
310 1770 545 1819 produntur,
575 1769 614 1806 id
635 1776 763 1805 tamen
782 1768 1016 1814 indicantia,
1047 1769 1248 1805 obscuram
1277 1771 1359 1806 eius
1381 1772 1511 1820 regio--

63 1827 150 1872 nis,
177 1837 287 1873 quam
307 1826 522 1864 Americam
541 1838 744 1872 vocamus,
772 1825 912 1862 famam
934 1837 981 1861 ex
1004 1823 1381 1875 Carthaginiensium
1399 1829 1511 1864 navi-

61 1882 283 1932 gationibus
311 1882 359 1919 ad
391 1890 563 1919 veterum
591 1894 703 1917 aures
733 1881 967 1918 dimanasse:
996 1893 1107 1929 quam
1136 1895 1218 1918 rem
1241 1888 1278 1917 ct
1311 1881 1383 1918 hoc
1415 1881 1511 1920 Dio-

64 1938 149 1975 dori
176 1940 260 1975 loco
295 1946 333 1975 et
364 1939 529 1988 plurium
558 1939 720 1974 aliorum
750 1938 961 1975 stabilitum
994 1939 1068 1975 ivit
1098 1938 1176 1976 lac.
1209 1937 1440 1975 Perizonius
1469 1941 1511 1977 in

62 1992 215 2032 Aeliani
237 1994 303 2031 ΙΙΙ.
323 1995 367 2032 V.
389 1993 439 2032 H.
463 1997 532 2035 18.
570 1994 711 2031 XVESS.

177 2051 282 2090 345·
311 2052 384 2092 38.
423 2047 801 2100 Κατεσκευασμένα
830 2044 1177 2102 κωθωνιστήρια]
1212 2047 1451 2087 Rarum‘hoc
1473 2057 1511 2087 et

62 2107 106 2144 in
127 2109 402 2156 copiosissimis
425 2108 611 2144 sermonis
633 2105 773 2143 Graeci
795 2105 828 2142 T
832 2105 1005 2142 hesauris
1034 2107 1275 2156 neglectum,
1302 2107 1368 2142 sed
1388 2106 1510 2144 bonae

62 2169 192 2200 tamen
213 2170 325 2200 notae
346 2164 576 2201 vocabulum
595 2168 665 2199 est.
707 2163 813 2208 Ταῖς
832 2158 1030 2214 μεγάλαις
1059 2159 1389 2211 κωθιι)νιζύ,ιιενοι
1421 2163 1510 2200 Ari-

64 2220 193 2256 stoteli
219 2218 408 2256 Problem.
431 2219 497 2257 ΙΙΙ.
522 2220 620 2266 ]4.,
649 2220 714 2267 qui
739 2219 1003 2268 capacioribus
1022 2220 1169 2267 poculis
1201 2232 1239 2254 se
1262 2219 1442 2264 invitant,
1471 2227 1509 2256 et

62 2273 339 2325 κωθωνισμὸς
361 2275 548 2313 Problem.
570 2276 616 2314 V.
644 2276 738 2321 38.,
770 2276 915 2325 largior
936 2277 1168 2321 conpotati0.
1200 2274 1330 2323 ltaque
1359 2276 1509 2314 κωθω-

63 2327 271 2383 νιστήοιον
292 2332 418 2369 locum
436 2333 594 2380 indicat,
613 2332 678 2368 ubi
689 2333 804 2382 genio
822 2331 1074 2382 indulrrentet
1085 2337 1229 2379 potant.
1254 2330 1509 2368 HabetAthe-

61 2398 181 2423 naeus
198 2385 268 2423 XI.
298 2389 368 2428 10.
395 2390 531 2437 plura,
560 2401 654 2437 quae
676 2400 809 2424 vocem
834 2388 1026 2424 illustrare
1049 2394 1139 2436 apta
1161 2393 1262 2423 sunt.
1295 2386 1345 2422 W
1350 2398 1432 2423 Ess.

176 2443 282 2482 345-
312 2444 383 2483 57.
412 2444 497 2483 Kal
520 2448 602 2484 τῶν
631 2440 705 2482 ἄλ)
711 2458 767 2482 ων
788 2445 870 2482 τῶν
892 2438 1083 2511 ὡοαίωνε]
1130 2442 1244 2479 Haud
1264 2449 1367 2479 recte
1387 2444 1507 2480 inter-

62 2511 150 2548 pres
172 2499 256 2536 ulia
275 2507 440 2537 venusta
464 2509 504 2538 et
525 2501 709 2539 iucunda.
742 2499 883 2536 Intelli
875 2507 1018 2545 runtur
1038 2514 1076 2538 οι
1096 2494 1239 2550 &aaron
1261 2485 1336 2536 καὶ
1342 2494 1389 2536 οὗ
1390 2513 1505 2548 ιιειοι

62 2568 234 2607 καρποι,
239 2555 313 2591 'de
332 2556 470 2606 quibus
498 2558 609 2595 Plato
628 2555 721 2593 Crit.
754 2569 789 2605 p.
818 2556 919 2596 115
940 2555 985 2592 A.
1017 2562 1056 2592 et
1077 2568 1147 2592 nos
1169 2556 1344 2603 superius
1371 2554 1505 2592 L.111.

64 2612 137 2651 69.
166 2611 215 2647 W
219 2621 299 2647 Ess.

176 2667 282 2706 345.
311 2668 383 2707 62.
421 2664 646 2712 Φοίνικες
628 2681 670 2705 εκ
690 2668 878 2706 παλαιῶν
903 2663 1067 2721 χοόνων
1088 2668 1266 2717 συνεχῶς
1286 2663 1365 2704 π)’
1344 2681 1408 2704 εον
1412 2665 1505 2716 τες]

63 2721 204 2760 Strabo
223 2723 268 2759 de
296 2722 531 2760 Phoenicum
555 2724 869 2774 navigationibus
897 2723 941 2762 L.
965 2724 993 2760 Ι.
1022 2737 1057 2773 p.
1081 2725 1154 2764 83.
1190 2721 1235 2762 οἰ
1260 2721 1327 2760 καὶ
1356 2719 1407 2760 τὰ
1429 2719 1506 2768 ἔξω

60 2781 144 2818 τῶν
160 2774 412 2831 ί1·Ὶρακ)-.ειίυν
432 2780 594 2844 στηλῶν
614 2777 821 2831 ἐπῆλθον,
855 2779 922 2817 καὶ
943 2776 1113 2825 πόλεις
1101 2794 1263 2818 εκτισαν
1284 2775 1409 2843 minc-T,
1439 2777 1507 2815 καὶ

61 2834 152 2887 περὶ
169 2832 219 2873 τὰ
239 2833 349 2886 μέσα
370 2837 443 2886 τῆς
463 2830 631 2886 Λιβύης
658 2835 865 2889 παραλίας
881 2833 1030 2888 μικρὸν
1059 2837 1142 2875 τῶν
1166 2835 1366 2886 Τρωϊκωι
1386 2830 1508 2872 ὑστε-

62 2903 147 2944 ρον·
167 2903 262 2942 quae
281 2903 376 2930 vera
396 2905 494 2940 esse,
524 2894 629 2942 ipsae
650 2904 722 2930 nos
737 2890 879 2930 Sacrae
902 2891 1054 2930 Literae
1074 2892 1224 2929 docent.
1260 2889 1396 2927 WEss.

1137 2946 1231 2987 27*
