<?xml version="1.0" encoding="UTF-8"?>
<!DOCTYPE html PUBLIC "-//W3C//DTD XHTML 1.0 Transitional//EN"
    "http://www.w3.org/TR/xhtml1/DTD/xhtml1-transitional.dtd">
<html xmlns="http://www.w3.org/1999/xhtml" xml:lang="en" lang="en">
 <head>
  <title>
</title>
<meta http-equiv="Content-Type" content="text/html;charset=utf-8" />
  <meta name='ocr-system' content='tesseract 3.04.00' />
  <meta name='ocr-capabilities' content='ocr_page ocr_carea ocr_par ocr_line ocrx_word'/>
</head>
<body>
  <div class='ocr_page' id='page_1' title='image "./bibliothecahisto04dioduoft_0820.png"; bbox 0 0 1828 3253; ppageno 0'>
   <div class='ocr_carea' id='block_1_1' title="bbox 269 153 1246 203">
    <p class='ocr_par' dir='ltr' id='par_1_1' title="bbox 269 153 1246 203">
     <span class='ocr_line' id='line_1_1' title="bbox 269 153 1246 203; baseline -0.009 0"><span class='ocrx_word' id='word_1_1' title='bbox 269 162 362 203; x_wconf 81' lang='lat'>782</span> <span class='ocrx_word' id='word_1_2' title='bbox 733 153 1246 194; x_wconf 80' lang='lat' dir='ltr'>ANNOTATlo—NES</span> 
     </span>
    </p>
   </div>
   <div class='ocr_carea' id='block_1_2' title="bbox 264 267 1746 2732">
    <p class='ocr_par' dir='ltr' id='par_1_2' title="bbox 264 267 1713 367">
     <span class='ocr_line' id='line_1_2' title="bbox 264 267 1713 320; baseline -0.002 -11"><span class='ocrx_word' id='word_1_3' title='bbox 264 268 486 320; x_wconf 85' lang='lat' dir='ltr'>Xenophon</span> <span class='ocrx_word' id='word_1_4' title='bbox 506 269 548 307; x_wconf 91' lang='lat' dir='ltr'>L.</span> <span class='ocrx_word' id='word_1_5' title='bbox 563 268 627 307; x_wconf 89' lang='lat' dir='ltr'>IV.</span> <span class='ocrx_word' id='word_1_6' title='bbox 649 279 684 318; x_wconf 99' lang='grc' dir='ltr'>Ρ.</span> <span class='ocrx_word' id='word_1_7' title='bbox 710 269 831 316; x_wconf 62' lang='grc'><strong>402,</strong></span> <span class='ocrx_word' id='word_1_8' title='bbox 852 268 892 305; x_wconf 93' lang='lat' dir='ltr'>in</span> <span class='ocrx_word' id='word_1_9' title='bbox 913 268 1042 318; x_wconf 87' lang='lat' dir='ltr'><strong>paucis</strong></span> <span class='ocrx_word' id='word_1_10' title='bbox 1064 268 1178 306; x_wconf 88' lang='lat' dir='ltr'>etiam</span> <span class='ocrx_word' id='word_1_11' title='bbox 1201 280 1287 307; x_wconf 90' lang='lat' dir='ltr'>cum</span> <span class='ocrx_word' id='word_1_12' title='bbox 1306 267 1448 307; x_wconf 87' lang='lat' dir='ltr'>Nostro</span> <span class='ocrx_word' id='word_1_13' title='bbox 1472 268 1713 306; x_wconf 83' lang='lat' dir='ltr'>dissentiens.</span> 
     </span>
     <span class='ocr_line' id='line_1_3' title="bbox 269 329 406 367; baseline -0.022 0"><span class='ocrx_word' id='word_1_14' title='bbox 269 329 406 367; x_wconf 79' lang='lat' dir='ltr'>WEss.</span> 
     </span>
    </p>

    <p class='ocr_par' dir='ltr' id='par_1_3' title="bbox 268 374 1746 1211">
     <span class='ocr_line' id='line_1_4' title="bbox 385 374 1716 433; baseline -0.005 -10"><span class='ocrx_word' id='word_1_15' title='bbox 385 383 492 424; x_wconf 84' lang='lat'>707.</span> <span class='ocrx_word' id='word_1_16' title='bbox 522 383 596 422; x_wconf 85' lang='grc'>66.</span> <span class='ocrx_word' id='word_1_17' title='bbox 632 374 763 432; x_wconf 75' lang='grc' dir='ltr'><em>Παρὰ</em></span> <span class='ocrx_word' id='word_1_18' title='bbox 792 375 865 418; x_wconf 80' lang='grc' dir='ltr'>τὸν</span> <span class='ocrx_word' id='word_1_19' title='bbox 887 376 1054 430; x_wconf 69' lang='grc' dir='ltr'><em>Νεμέαν</em></span> <span class='ocrx_word' id='word_1_20' title='bbox 1079 376 1300 433; x_wconf 76' lang='grc' dir='ltr'><em>ποταμὸν]</em></span> <span class='ocrx_word' id='word_1_21' title='bbox 1340 380 1474 419; x_wconf 81' lang='lat' dir='ltr'><em>Amnis</em></span> <span class='ocrx_word' id='word_1_22' title='bbox 1495 387 1556 418; x_wconf 84' lang='lat' dir='ltr'>est</span> <span class='ocrx_word' id='word_1_23' title='bbox 1577 381 1716 418; x_wconf 80' lang='lat' dir='ltr'>Corin-</span> 
     </span>
     <span class='ocr_line' id='line_1_5' title="bbox 270 436 1715 488; baseline -0.003 -10"><span class='ocrx_word' id='word_1_24' title='bbox 270 440 393 479; x_wconf 78' lang='lat' dir='ltr'>thium</span> <span class='ocrx_word' id='word_1_25' title='bbox 423 445 464 476; x_wconf 82' lang='lat' dir='ltr'>et</span> <span class='ocrx_word' id='word_1_26' title='bbox 493 437 722 488; x_wconf 77' lang='lat' dir='ltr'><em>Sicyonium</em></span> <span class='ocrx_word' id='word_1_27' title='bbox 754 436 989 485; x_wconf 72' lang='lat' dir='ltr'>interfluens</span> <span class='ocrx_word' id='word_1_28' title='bbox 1020 450 1183 486; x_wconf 75' lang='lat' dir='ltr'>agrum,</span> <span class='ocrx_word' id='word_1_29' title='bbox 1226 438 1279 473; x_wconf 87' lang='lat' dir='ltr'>ait</span> <span class='ocrx_word' id='word_1_30' title='bbox 1299 437 1430 474; x_wconf 87' lang='lat' dir='ltr'>Livius</span> <span class='ocrx_word' id='word_1_31' title='bbox 1452 439 1494 476; x_wconf 89' lang='lat' dir='ltr'>L.</span> <span class='ocrx_word' id='word_1_32' title='bbox 1518 436 1715 474; x_wconf 87' lang='lat' dir='ltr'>XXXlll.</span> 
     </span>
     <span class='ocr_line' id='line_1_6' title="bbox 275 491 1718 544; baseline -0.005 -7"><span class='ocrx_word' id='word_1_33' title='bbox 275 500 295 538; x_wconf 91' lang='grc'>1</span> <span class='ocrx_word' id='word_1_34' title='bbox 310 499 365 544; x_wconf 81' lang='grc'>5.,</span> <span class='ocrx_word' id='word_1_35' title='bbox 394 507 472 532; x_wconf 89' lang='lat' dir='ltr'>non</span> <span class='ocrx_word' id='word_1_36' title='bbox 493 493 736 530; x_wconf 85' lang='lat' dir='ltr'>discordante</span> <span class='ocrx_word' id='word_1_37' title='bbox 755 491 945 529; x_wconf 83' lang='lat' dir='ltr'>Strabone</span> <span class='ocrx_word' id='word_1_38' title='bbox 966 491 1009 531; x_wconf 94' lang='lat' dir='ltr'>L.</span> <span class='ocrx_word' id='word_1_39' title='bbox 1024 492 1126 529; x_wconf 88' lang='lat' dir='ltr'>V111.</span> <span class='ocrx_word' id='word_1_40' title='bbox 1147 505 1183 541; x_wconf 84' lang='grc' dir='ltr'>Ρ.</span> <span class='ocrx_word' id='word_1_41' title='bbox 1208 493 1310 533; x_wconf 86' lang='grc'><strong>587.</strong></span> <span class='ocrx_word' id='word_1_42' title='bbox 1330 492 1373 530; x_wconf 91' lang='grc' dir='ltr'>Β.</span> <span class='ocrx_word' id='word_1_43' title='bbox 1396 492 1574 530; x_wconf 86' lang='lat' dir='ltr'>Ceterum</span> <span class='ocrx_word' id='word_1_44' title='bbox 1595 495 1718 530; x_wconf 81' lang='lat' dir='ltr'>victo-</span> 
     </span>
     <span class='ocr_line' id='line_1_7' title="bbox 268 549 1718 601; baseline -0.003 -11"><span class='ocrx_word' id='word_1_45' title='bbox 268 556 349 598; x_wconf 80' lang='lat' dir='ltr'>ria,</span> <span class='ocrx_word' id='word_1_46' title='bbox 388 564 462 601; x_wconf 88' lang='lat' dir='ltr'>qua</span> <span class='ocrx_word' id='word_1_47' title='bbox 492 549 674 598; x_wconf 84' lang='lat' dir='ltr'>Spartani</span> <span class='ocrx_word' id='word_1_48' title='bbox 705 555 796 585; x_wconf 90' lang='lat' dir='ltr'>sunt</span> <span class='ocrx_word' id='word_1_49' title='bbox 817 550 953 597; x_wconf 88' lang='lat' dir='ltr'>potiti,</span> <span class='ocrx_word' id='word_1_50' title='bbox 972 549 1136 600; x_wconf 86' lang='lat' dir='ltr'>insignis</span> <span class='ocrx_word' id='word_1_51' title='bbox 1155 550 1253 595; x_wconf 80' lang='lat' dir='ltr'>fuit3</span> <span class='ocrx_word' id='word_1_52' title='bbox 1280 562 1433 586; x_wconf 88' lang='lat' dir='ltr'>suorum</span> <span class='ocrx_word' id='word_1_53' title='bbox 1453 551 1555 586; x_wconf 89' lang='lat' dir='ltr'>enim</span> <span class='ocrx_word' id='word_1_54' title='bbox 1577 561 1718 597; x_wconf 86' lang='lat' dir='ltr'>paucos</span> 
     </span>
     <span class='ocr_line' id='line_1_8' title="bbox 271 604 1715 655; baseline -0.002 -9"><span class='ocrx_word' id='word_1_55' title='bbox 271 612 505 654; x_wconf 80' lang='lat' dir='ltr'>amiserunt,</span> <span class='ocrx_word' id='word_1_56' title='bbox 534 606 698 642; x_wconf 88' lang='lat' dir='ltr'>hostium</span> <span class='ocrx_word' id='word_1_57' title='bbox 717 617 857 655; x_wconf 86' lang='lat' dir='ltr'>magno</span> <span class='ocrx_word' id='word_1_58' title='bbox 883 616 1040 641; x_wconf 90' lang='lat' dir='ltr'>numero</span> <span class='ocrx_word' id='word_1_59' title='bbox 1069 618 1191 642; x_wconf 86' lang='lat' dir='ltr'>caeso.</span> <span class='ocrx_word' id='word_1_60' title='bbox 1221 604 1307 642; x_wconf 87' lang='lat' dir='ltr'>Vid.</span> <span class='ocrx_word' id='word_1_61' title='bbox 1328 605 1507 655; x_wconf 89' lang='lat' dir='ltr'>Xenoph.</span> <span class='ocrx_word' id='word_1_62' title='bbox 1532 605 1574 641; x_wconf 89' lang='lat' dir='ltr'>L.</span> <span class='ocrx_word' id='word_1_63' title='bbox 1598 605 1659 642; x_wconf 82' lang='lat' dir='ltr'>lv.</span> <span class='ocrx_word' id='word_1_64' title='bbox 1679 616 1715 652; x_wconf 87' lang='lat' dir='ltr'>p.</span> 
     </span>
     <span class='ocr_line' id='line_1_9' title="bbox 272 656 1720 713; baseline -0.001 -13"><span class='ocrx_word' id='word_1_65' title='bbox 272 665 382 707; x_wconf 79' lang='grc'><strong>403.</strong></span> <span class='ocrx_word' id='word_1_66' title='bbox 414 663 538 711; x_wconf 86' lang='lat' dir='ltr'>Atque</span> <span class='ocrx_word' id='word_1_67' title='bbox 568 661 661 698; x_wconf 86' lang='lat' dir='ltr'>haec</span> <span class='ocrx_word' id='word_1_68' title='bbox 692 656 716 712; x_wconf 76' lang='grc' dir='ltr'><em>ἦ</em></span> <span class='ocrx_word' id='word_1_69' title='bbox 750 656 907 712; x_wconf 70' lang='grc' dir='ltr'><em>μεγάλη</em></span> <span class='ocrx_word' id='word_1_70' title='bbox 925 656 1037 711; x_wconf 80' lang='grc' dir='ltr'><em>μάχη</em></span> <span class='ocrx_word' id='word_1_71' title='bbox 1061 658 1164 713; x_wconf 78' lang='grc' dir='ltr'><em>πρὸς</em></span> <span class='ocrx_word' id='word_1_72' title='bbox 1184 660 1548 712; x_wconf 76' lang='grc' dir='ltr'><em>Λακεδαιμονίους</em></span> <span class='ocrx_word' id='word_1_73' title='bbox 1569 660 1610 700; x_wconf 74' lang='grc' dir='ltr'>ἐν</span> <span class='ocrx_word' id='word_1_74' title='bbox 1632 661 1720 699; x_wconf 87' lang='lat' dir='ltr'>Ko-</span> 
     </span>
     <span class='ocr_line' id='line_1_10' title="bbox 272 715 1719 775; baseline -0.003 -16"><span class='ocrx_word' id='word_1_75' title='bbox 272 721 430 775; x_wconf 70' lang='grc' dir='ltr'><em>ρίνθῳ,</em></span> <span class='ocrx_word' id='word_1_76' title='bbox 461 721 570 755; x_wconf 88' lang='lat' dir='ltr'>cuius</span> <span class='ocrx_word' id='word_1_77' title='bbox 595 718 719 754; x_wconf 87' lang='lat' dir='ltr'>obiter</span> <span class='ocrx_word' id='word_1_78' title='bbox 739 718 911 753; x_wconf 87' lang='lat' dir='ltr'>meminit</span> <span class='ocrx_word' id='word_1_79' title='bbox 930 715 1207 753; x_wconf 86' lang='lat' dir='ltr'>Demosthenes</span> <span class='ocrx_word' id='word_1_80' title='bbox 1230 717 1297 753; x_wconf 90' lang='lat' dir='ltr'>Or.</span> <span class='ocrx_word' id='word_1_81' title='bbox 1320 719 1360 754; x_wconf 91' lang='lat' dir='ltr'>in</span> <span class='ocrx_word' id='word_1_82' title='bbox 1381 718 1530 767; x_wconf 87' lang='lat' dir='ltr'>Leptin.</span> <span class='ocrx_word' id='word_1_83' title='bbox 1554 729 1589 766; x_wconf 87' lang='grc' dir='ltr'>Ρ.</span> <span class='ocrx_word' id='word_1_84' title='bbox 1610 719 1719 757; x_wconf 83' lang='grc'><strong>288.</strong></span> 
     </span>
     <span class='ocr_line' id='line_1_11' title="bbox 272 771 1723 826; baseline -0.003 -13"><span class='ocrx_word' id='word_1_85' title='bbox 272 788 460 826; x_wconf 87' lang='lat' dir='ltr'>quamque</span> <span class='ocrx_word' id='word_1_86' title='bbox 480 774 674 823; x_wconf 85' lang='lat' dir='ltr'>copiosius</span> <span class='ocrx_word' id='word_1_87' title='bbox 696 772 941 821; x_wconf 88' lang='lat' dir='ltr'>descripsisse</span> <span class='ocrx_word' id='word_1_88' title='bbox 963 771 1211 822; x_wconf 78' lang='lat' dir='ltr'>Hyperidem,</span> <span class='ocrx_word' id='word_1_89' title='bbox 1239 772 1434 821; x_wconf 87' lang='lat' dir='ltr'>Ephorum</span> <span class='ocrx_word' id='word_1_90' title='bbox 1455 781 1494 810; x_wconf 88' lang='lat' dir='ltr'>et</span> <span class='ocrx_word' id='word_1_91' title='bbox 1514 773 1723 810; x_wconf 87' lang='lat' dir='ltr'>Androtio-</span> 
     </span>
     <span class='ocr_line' id='line_1_12' title="bbox 273 828 1721 879; baseline -0.003 -8"><span class='ocrx_word' id='word_1_92' title='bbox 273 846 362 872; x_wconf 89' lang='lat' dir='ltr'>nem</span> <span class='ocrx_word' id='word_1_93' title='bbox 409 829 633 868; x_wconf 88' lang='lat' dir='ltr'>scholiastes</span> <span class='ocrx_word' id='word_1_94' title='bbox 665 828 876 867; x_wconf 85' lang='lat' dir='ltr'>admonuit.</span> <span class='ocrx_word' id='word_1_95' title='bbox 915 828 1093 879; x_wconf 89' lang='lat' dir='ltr'>Pugnata</span> <span class='ocrx_word' id='word_1_96' title='bbox 1121 842 1165 866; x_wconf 89' lang='lat' dir='ltr'>ea</span> <span class='ocrx_word' id='word_1_97' title='bbox 1192 835 1250 865; x_wconf 90' lang='lat' dir='ltr'>est</span> <span class='ocrx_word' id='word_1_98' title='bbox 1279 836 1367 865; x_wconf 87' lang='lat' dir='ltr'>ante</span> <span class='ocrx_word' id='word_1_99' title='bbox 1388 829 1620 866; x_wconf 86' lang='lat' dir='ltr'>Archontem</span> <span class='ocrx_word' id='word_1_100' title='bbox 1642 829 1721 865; x_wconf 88' lang='lat' dir='ltr'>Eu-</span> 
     </span>
     <span class='ocr_line' id='line_1_13' title="bbox 273 881 1724 939; baseline -0.002 -13"><span class='ocrx_word' id='word_1_101' title='bbox 273 889 444 928; x_wconf 89' lang='lat' dir='ltr'>buliden.</span> <span class='ocrx_word' id='word_1_102' title='bbox 480 888 568 937; x_wconf 75' lang='grc' dir='ltr'>Τῆς</span> <span class='ocrx_word' id='word_1_103' title='bbox 599 882 642 923; x_wconf 75' lang='lat'>‹5&#39;</span> <span class='ocrx_word' id='word_1_104' title='bbox 683 883 725 923; x_wconf 75' lang='grc' dir='ltr'>ἐν</span> <span class='ocrx_word' id='word_1_105' title='bbox 753 883 955 938; x_wconf 70' lang='grc' dir='ltr'><em>Κορίνθῳ</em></span> <span class='ocrx_word' id='word_1_106' title='bbox 986 881 1123 936; x_wconf 84' lang='grc' dir='ltr'><em>μάχης</em></span> <span class='ocrx_word' id='word_1_107' title='bbox 1141 884 1208 923; x_wconf 77' lang='grc' dir='ltr'><em>καὶ</em></span> <span class='ocrx_word' id='word_1_108' title='bbox 1238 886 1312 935; x_wconf 78' lang='grc' dir='ltr'>τῆς</span> <span class='ocrx_word' id='word_1_109' title='bbox 1332 883 1374 923; x_wconf 76' lang='grc' dir='ltr'>ἐν</span> <span class='ocrx_word' id='word_1_110' title='bbox 1395 885 1571 939; x_wconf 73' lang='grc' dir='ltr'><em>Λεχαίῳ</em></span> <span class='ocrx_word' id='word_1_111' title='bbox 1597 883 1724 936; x_wconf 71' lang='grc' dir='ltr'><em>μέσος</em></span> 
     </span>
     <span class='ocr_line' id='line_1_14' title="bbox 275 938 1746 999; baseline -0.011 -14"><span class='ocrx_word' id='word_1_112' title='bbox 275 944 414 999; x_wconf 70' lang='grc' dir='ltr'><em>ἷίρχων</em></span> <span class='ocrx_word' id='word_1_113' title='bbox 446 940 705 993; x_wconf 73' lang='grc' dir='ltr'><em>Εὐβουλίδης</em></span> <span class='ocrx_word' id='word_1_114' title='bbox 739 940 928 977; x_wconf 86' lang='lat' dir='ltr'>Aristides</span> <span class='ocrx_word' id='word_1_115' title='bbox 947 943 1002 978; x_wconf 85' lang='lat' dir='ltr'>ait</span> <span class='ocrx_word' id='word_1_116' title='bbox 1023 938 1070 976; x_wconf 89' lang='grc' dir='ltr'>Τ.</span> <span class='ocrx_word' id='word_1_117' title='bbox 1094 940 1159 977; x_wconf 87' lang='lat'>111.</span> <span class='ocrx_word' id='word_1_118' title='bbox 1183 953 1219 989; x_wconf 87' lang='lat' dir='ltr'>p.</span> <span class='ocrx_word' id='word_1_119' title='bbox 1245 942 1353 980; x_wconf 85' lang='grc'>474,</span> <span class='ocrx_word' id='word_1_120' title='bbox 1385 940 1573 978; x_wconf 80' lang='lat' dir='ltr'>Nimirum</span> <span class='ocrx_word' id='word_1_121' title='bbox 1592 941 1746 978; x_wconf 71' lang='lat' dir='ltr'>Euhu-‚</span> 
     </span>
     <span class='ocr_line' id='line_1_15' title="bbox 275 996 1723 1047; baseline -0.005 -8"><span class='ocrx_word' id='word_1_122' title='bbox 275 1003 356 1040; x_wconf 88' lang='lat' dir='ltr'>lide</span> <span class='ocrx_word' id='word_1_123' title='bbox 378 1000 561 1036; x_wconf 90' lang='lat' dir='ltr'>Praetore</span> <span class='ocrx_word' id='word_1_124' title='bbox 581 997 629 1034; x_wconf 91' lang='lat' dir='ltr'>ad</span> <span class='ocrx_word' id='word_1_125' title='bbox 650 996 862 1034; x_wconf 87' lang='lat' dir='ltr'>Lechaeum</span> <span class='ocrx_word' id='word_1_126' title='bbox 883 1003 1069 1034; x_wconf 86' lang='lat' dir='ltr'>certatum</span> <span class='ocrx_word' id='word_1_127' title='bbox 1090 1004 1148 1034; x_wconf 90' lang='lat' dir='ltr'>est</span> <span class='ocrx_word' id='word_1_128' title='bbox 1167 998 1329 1046; x_wconf 87' lang='lat' dir='ltr'>proelio.</span> <span class='ocrx_word' id='word_1_129' title='bbox 1372 996 1477 1033; x_wconf 84' lang='lat' dir='ltr'>Inter</span> <span class='ocrx_word' id='word_1_130' title='bbox 1507 997 1603 1034; x_wconf 91' lang='lat' dir='ltr'>illud</span> <span class='ocrx_word' id='word_1_131' title='bbox 1630 1009 1723 1047; x_wconf 82' lang='lat' dir='ltr'>ergo</span> 
     </span>
     <span class='ocr_line' id='line_1_16' title="bbox 277 1051 1726 1103; baseline -0.004 -7"><span class='ocrx_word' id='word_1_132' title='bbox 277 1063 496 1102; x_wconf 89' lang='lat' dir='ltr'>certamen,</span> <span class='ocrx_word' id='word_1_133' title='bbox 534 1061 571 1091; x_wconf 89' lang='lat' dir='ltr'>et</span> <span class='ocrx_word' id='word_1_134' title='bbox 598 1053 670 1090; x_wconf 86' lang='lat' dir='ltr'>hoc</span> <span class='ocrx_word' id='word_1_135' title='bbox 699 1056 741 1091; x_wconf 92' lang='lat' dir='ltr'>in</span> <span class='ocrx_word' id='word_1_136' title='bbox 773 1066 868 1103; x_wconf 84' lang='lat' dir='ltr'>agro</span> <span class='ocrx_word' id='word_1_137' title='bbox 895 1051 1121 1100; x_wconf 89' lang='lat' dir='ltr'>Corinthio,</span> <span class='ocrx_word' id='word_1_138' title='bbox 1146 1053 1186 1089; x_wconf 90' lang='lat' dir='ltr'>id</span> <span class='ocrx_word' id='word_1_139' title='bbox 1213 1056 1314 1090; x_wconf 89' lang='lat' dir='ltr'>enim</span> <span class='ocrx_word' id='word_1_140' title='bbox 1335 1053 1434 1102; x_wconf 86' lang='lat' dir='ltr'>apud</span> <span class='ocrx_word' id='word_1_141' title='bbox 1455 1053 1659 1090; x_wconf 86' lang='lat' dir='ltr'>Oratorem</span> <span class='ocrx_word' id='word_1_142' title='bbox 1685 1052 1726 1090; x_wconf 77' lang='grc' dir='ltr'>ἐν</span> 
     </span>
     <span class='ocr_line' id='line_1_17' title="bbox 274 1108 1724 1165; baseline -0.004 -13"><span class='ocrx_word' id='word_1_143' title='bbox 274 1111 503 1165; x_wconf 68' lang='grc' dir='ltr'><em>Κορίνθῳ,</em></span> <span class='ocrx_word' id='word_1_144' title='bbox 530 1110 681 1147; x_wconf 87' lang='lat' dir='ltr'>medius</span> <span class='ocrx_word' id='word_1_145' title='bbox 707 1111 939 1147; x_wconf 85' lang='lat' dir='ltr'>intercessit.</span> <span class='ocrx_word' id='word_1_146' title='bbox 977 1108 1086 1146; x_wconf 87' lang='lat' dir='ltr'>Adde</span> <span class='ocrx_word' id='word_1_147' title='bbox 1115 1109 1351 1147; x_wconf 89' lang='lat' dir='ltr'>Andocidem</span> <span class='ocrx_word' id='word_1_148' title='bbox 1382 1109 1449 1146; x_wconf 91' lang='lat' dir='ltr'>Or.</span> <span class='ocrx_word' id='word_1_149' title='bbox 1480 1109 1527 1146; x_wconf 89' lang='lat' dir='ltr'>de</span> <span class='ocrx_word' id='word_1_150' title='bbox 1556 1109 1655 1146; x_wconf 86' lang='lat' dir='ltr'>Pace</span> <span class='ocrx_word' id='word_1_151' title='bbox 1685 1120 1724 1157; x_wconf 89' lang='grc' dir='ltr'>Ρ.</span> 
     </span>
     <span class='ocr_line' id='line_1_18' title="bbox 277 1167 522 1211; baseline -0.008 -5"><span class='ocrx_word' id='word_1_152' title='bbox 277 1171 354 1211; x_wconf 88' lang='lat'>25.</span> <span class='ocrx_word' id='word_1_153' title='bbox 385 1167 522 1204; x_wconf 73' lang='lat' dir='ltr'>Wssss.</span> 
     </span>
    </p>

    <p class='ocr_par' dir='ltr' id='par_1_4' title="bbox 277 1215 1730 1385">
     <span class='ocr_line' id='line_1_19' title="bbox 394 1215 1729 1277; baseline -0.007 -12"><span class='ocrx_word' id='word_1_154' title='bbox 394 1225 500 1265; x_wconf 87' lang='grc'><strong>707.</strong></span> <span class='ocrx_word' id='word_1_155' title='bbox 534 1222 607 1262; x_wconf 85' lang='grc'>72.</span> <span class='ocrx_word' id='word_1_156' title='bbox 650 1219 830 1277; x_wconf 75' lang='grc' dir='ltr'><em>Θρᾳκῶν</em></span> <span class='ocrx_word' id='word_1_157' title='bbox 857 1234 980 1260; x_wconf 84' lang='grc' dir='ltr'><em>τινων</em></span> <span class='ocrx_word' id='word_1_158' title='bbox 1010 1215 1365 1273; x_wconf 78' lang='grc' dir='ltr'><em>ἀπαντησάντων]</em></span> <span class='ocrx_word' id='word_1_159' title='bbox 1414 1219 1572 1260; x_wconf 78' lang='lat' dir='ltr'>Tralles</span> <span class='ocrx_word' id='word_1_160' title='bbox 1605 1226 1729 1267; x_wconf 86' lang='lat' dir='ltr'>erant,</span> 
     </span>
     <span class='ocr_line' id='line_1_20' title="bbox 277 1277 1730 1332; baseline -0.004 -13"><span class='ocrx_word' id='word_1_161' title='bbox 277 1282 346 1332; x_wconf 91' lang='lat' dir='ltr'>qui</span> <span class='ocrx_word' id='word_1_162' title='bbox 366 1291 484 1329; x_wconf 88' lang='lat' dir='ltr'>prave</span> <span class='ocrx_word' id='word_1_163' title='bbox 505 1277 718 1330; x_wconf 76' lang='grc' dir='ltr'><em>Τρωαδεῖς</em></span> <span class='ocrx_word' id='word_1_164' title='bbox 739 1279 781 1314; x_wconf 91' lang='lat' dir='ltr'>in</span> <span class='ocrx_word' id='word_1_165' title='bbox 804 1277 906 1317; x_wconf 91' lang='lat' dir='ltr'>Plut.</span> <span class='ocrx_word' id='word_1_166' title='bbox 930 1277 1207 1328; x_wconf 85' lang='lat' dir='ltr'>Apophthegm.</span> <span class='ocrx_word' id='word_1_167' title='bbox 1231 1279 1370 1316; x_wconf 89' lang='lat' dir='ltr'>Lacon.</span> <span class='ocrx_word' id='word_1_168' title='bbox 1392 1291 1428 1327; x_wconf 91' lang='lat' dir='ltr'>p.</span> <span class='ocrx_word' id='word_1_169' title='bbox 1450 1280 1574 1326; x_wconf 79' lang='grc'><strong>211.,</strong></span> <span class='ocrx_word' id='word_1_170' title='bbox 1593 1279 1730 1315; x_wconf 88' lang='lat' dir='ltr'>melius</span> 
     </span>
     <span class='ocr_line' id='line_1_21' title="bbox 278 1333 1522 1385; baseline -0.006 -10"><span class='ocrx_word' id='word_1_171' title='bbox 278 1341 323 1378; x_wconf 88' lang='lat' dir='ltr'>in</span> <span class='ocrx_word' id='word_1_172' title='bbox 343 1336 514 1375; x_wconf 88' lang='lat' dir='ltr'>eiusdem</span> <span class='ocrx_word' id='word_1_173' title='bbox 534 1336 677 1385; x_wconf 83' lang='lat' dir='ltr'>Agesil.</span> <span class='ocrx_word' id='word_1_174' title='bbox 701 1348 738 1383; x_wconf 89' lang='lat' dir='ltr'>p.</span> <span class='ocrx_word' id='word_1_175' title='bbox 764 1335 869 1374; x_wconf 91' lang='lat'>604.</span> <span class='ocrx_word' id='word_1_176' title='bbox 895 1333 954 1370; x_wconf 91' lang='lat' dir='ltr'>De</span> <span class='ocrx_word' id='word_1_177' title='bbox 973 1335 1051 1371; x_wconf 82' lang='lat' dir='ltr'>illis</span> <span class='ocrx_word' id='word_1_178' title='bbox 1072 1333 1114 1371; x_wconf 92' lang='lat' dir='ltr'>L.</span> <span class='ocrx_word' id='word_1_179' title='bbox 1136 1334 1262 1371; x_wconf 83' lang='lat' dir='ltr'>XVII.</span> <span class='ocrx_word' id='word_1_180' title='bbox 1288 1336 1360 1373; x_wconf 88' lang='grc'>65,</span> <span class='ocrx_word' id='word_1_181' title='bbox 1388 1334 1522 1371; x_wconf 73' lang='lat' dir='ltr'>VVEss.</span> 
     </span>
    </p>

    <p class='ocr_par' dir='ltr' id='par_1_5' title="bbox 280 1383 1737 1782">
     <span class='ocr_line' id='line_1_22' title="bbox 398 1383 1732 1443; baseline -0.003 -11"><span class='ocrx_word' id='word_1_182' title='bbox 398 1393 502 1432; x_wconf 92' lang='grc'><strong>707.</strong></span> <span class='ocrx_word' id='word_1_183' title='bbox 534 1393 606 1431; x_wconf 84' lang='grc'>82.</span> <span class='ocrx_word' id='word_1_184' title='bbox 635 1389 743 1440; x_wconf 77' lang='grc' dir='ltr'><em>Περὶ</em></span> <span class='ocrx_word' id='word_1_185' title='bbox 761 1386 954 1442; x_wconf 80' lang='grc' dir='ltr'><em>Λώρυμα</em></span> <span class='ocrx_word' id='word_1_186' title='bbox 975 1391 1049 1441; x_wconf 77' lang='grc' dir='ltr'>τῆς</span> <span class='ocrx_word' id='word_1_187' title='bbox 1067 1386 1359 1443; x_wconf 71' lang='grc' dir='ltr'><em>λέῤῥονήσου]</em></span> <span class='ocrx_word' id='word_1_188' title='bbox 1387 1389 1604 1440; x_wconf 87' lang='lat' dir='ltr'>Scripserat</span> <span class='ocrx_word' id='word_1_189' title='bbox 1621 1383 1732 1428; x_wconf 81' lang='grc' dir='ltr'>Λώ-</span> 
     </span>
     <span class='ocr_line' id='line_1_23' title="bbox 281 1445 1730 1504; baseline -0.003 -19"><span class='ocrx_word' id='word_1_190' title='bbox 281 1464 419 1504; x_wconf 77' lang='grc' dir='ltr'><em>ρυμα,</em></span> <span class='ocrx_word' id='word_1_191' title='bbox 456 1449 522 1498; x_wconf 88' lang='lat' dir='ltr'>qui</span> <span class='ocrx_word' id='word_1_192' title='bbox 552 1453 684 1495; x_wconf 85' lang='lat' dir='ltr'>portus</span> <span class='ocrx_word' id='word_1_193' title='bbox 704 1445 941 1483; x_wconf 89' lang='lat' dir='ltr'>Rhodiorum</span> <span class='ocrx_word' id='word_1_194' title='bbox 961 1448 1002 1483; x_wconf 90' lang='lat' dir='ltr'>in</span> <span class='ocrx_word' id='word_1_195' title='bbox 1022 1448 1197 1495; x_wconf 89' lang='lat' dir='ltr'>opposita</span> <span class='ocrx_word' id='word_1_196' title='bbox 1216 1445 1469 1485; x_wconf 85' lang='lat' dir='ltr'>Chersoneso.</span> <span class='ocrx_word' id='word_1_197' title='bbox 1513 1445 1730 1494; x_wconf 84' lang='lat' dir='ltr'>Stephanus</span> 
     </span>
     <span class='ocr_line' id='line_1_24' title="bbox 280 1497 1732 1557; baseline -0.005 -12"><span class='ocrx_word' id='word_1_198' title='bbox 280 1501 483 1557; x_wconf 80' lang='grc' dir='ltr'><em>Λώρυμα</em></span> <span class='ocrx_word' id='word_1_199' title='bbox 506 1498 623 1548; x_wconf 76' lang='grc' dir='ltr'><em>πόλις</em></span> <span class='ocrx_word' id='word_1_200' title='bbox 639 1501 803 1555; x_wconf 84' lang='grc' dir='ltr'><em>Καρίας</em></span> <span class='ocrx_word' id='word_1_201' title='bbox 826 1523 874 1528; x_wconf 90' lang='grc'><strong>-</strong></span> <span class='ocrx_word' id='word_1_202' title='bbox 895 1499 979 1540; x_wconf 66' lang='grc' dir='ltr'><em>ἔστι</em></span> <span class='ocrx_word' id='word_1_203' title='bbox 1014 1501 1082 1540; x_wconf 80' lang='grc' dir='ltr'><em>καὶ</em></span> <span class='ocrx_word' id='word_1_204' title='bbox 1114 1499 1238 1553; x_wconf 80' lang='grc' dir='ltr'><em>λιμὴν</em></span> <span class='ocrx_word' id='word_1_205' title='bbox 1265 1497 1435 1548; x_wconf 66' lang='grc' dir='ltr'>ιΡόδου,</span> <span class='ocrx_word' id='word_1_206' title='bbox 1464 1498 1510 1547; x_wconf 78' lang='grc' dir='ltr'>ὃς</span> <span class='ocrx_word' id='word_1_207' title='bbox 1530 1497 1732 1553; x_wconf 73' lang='grc' dir='ltr'><em>Λώρυμα</em></span> 
     </span>
     <span class='ocr_line' id='line_1_25' title="bbox 280 1556 1734 1614; baseline -0.006 -12"><span class='ocrx_word' id='word_1_208' title='bbox 280 1560 452 1614; x_wconf 76' lang='grc' dir='ltr'><em>λέγεται.</em></span> <span class='ocrx_word' id='word_1_209' title='bbox 480 1558 558 1596; x_wconf 85' lang='lat' dir='ltr'>Sed</span> <span class='ocrx_word' id='word_1_210' title='bbox 582 1560 629 1606; x_wconf 85' lang='lat' dir='ltr'>is,</span> <span class='ocrx_word' id='word_1_211' title='bbox 661 1557 763 1606; x_wconf 83' lang='lat' dir='ltr'>quod</span> <span class='ocrx_word' id='word_1_212' title='bbox 787 1556 1014 1595; x_wconf 87' lang='lat' dir='ltr'>Holstenius</span> <span class='ocrx_word' id='word_1_213' title='bbox 1033 1557 1146 1604; x_wconf 86' lang='lat' dir='ltr'>vidit,</span> <span class='ocrx_word' id='word_1_214' title='bbox 1165 1563 1317 1606; x_wconf 88' lang='lat' dir='ltr'>portum</span> <span class='ocrx_word' id='word_1_215' title='bbox 1338 1556 1508 1607; x_wconf 82' lang='lat' dir='ltr'>Loryma</span> <span class='ocrx_word' id='word_1_216' title='bbox 1536 1569 1734 1605; x_wconf 85' lang='lat' dir='ltr'>perperam</span> 
     </span>
     <span class='ocr_line' id='line_1_26' title="bbox 283 1612 1736 1664; baseline -0.003 -10"><span class='ocrx_word' id='word_1_217' title='bbox 283 1619 330 1655; x_wconf 80' lang='lat' dir='ltr'>ab</span> <span class='ocrx_word' id='word_1_218' title='bbox 362 1617 456 1654; x_wconf 89' lang='lat' dir='ltr'>urbe</span> <span class='ocrx_word' id='word_1_219' title='bbox 487 1615 704 1664; x_wconf 87' lang='lat' dir='ltr'>distinguit.</span> <span class='ocrx_word' id='word_1_220' title='bbox 744 1613 853 1650; x_wconf 87' lang='lat' dir='ltr'>Conf.</span> <span class='ocrx_word' id='word_1_221' title='bbox 881 1614 984 1650; x_wconf 87' lang='lat' dir='ltr'>infra</span> <span class='ocrx_word' id='word_1_222' title='bbox 1018 1612 1061 1650; x_wconf 91' lang='lat' dir='ltr'>L.</span> <span class='ocrx_word' id='word_1_223' title='bbox 1082 1612 1178 1652; x_wconf 90' lang='lat' dir='ltr'>XX.</span> <span class='ocrx_word' id='word_1_224' title='bbox 1204 1615 1276 1654; x_wconf 89' lang='grc'>83.</span> <span class='ocrx_word' id='word_1_225' title='bbox 1305 1614 1605 1651; x_wconf 88' lang='lat' dir='ltr'>Amanuensium</span> <span class='ocrx_word' id='word_1_226' title='bbox 1628 1625 1736 1649; x_wconf 87' lang='lat' dir='ltr'>error</span> 
     </span>
     <span class='ocr_line' id='line_1_27' title="bbox 282 1666 1737 1723; baseline -0.004 -11"><span class='ocrx_word' id='word_1_227' title='bbox 282 1686 364 1712; x_wconf 84' lang='lat' dir='ltr'>non</span> <span class='ocrx_word' id='word_1_228' title='bbox 386 1672 502 1710; x_wconf 88' lang='lat' dir='ltr'>latuit</span> <span class='ocrx_word' id='word_1_229' title='bbox 518 1670 609 1707; x_wconf 85' lang='lat' dir='ltr'>Abr.</span> <span class='ocrx_word' id='word_1_230' title='bbox 634 1669 786 1707; x_wconf 89' lang='lat' dir='ltr'>Ortelio</span> <span class='ocrx_word' id='word_1_231' title='bbox 804 1668 922 1708; x_wconf 82' lang='lat' dir='ltr'>Thes.</span> <span class='ocrx_word' id='word_1_232' title='bbox 947 1681 1033 1707; x_wconf 81' lang='lat' dir='ltr'>voc.</span> <span class='ocrx_word' id='word_1_233' title='bbox 1052 1668 1236 1720; x_wconf 78' lang='lat' dir='ltr'>Loryma.</span> <span class='ocrx_word' id='word_1_234' title='bbox 1249 1669 1387 1707; x_wconf 82' lang='lat' dir='ltr'>WESS.</span> <span class='ocrx_word' id='word_1_235' title='bbox 1417 1666 1617 1723; x_wconf 85' lang='grc' dir='ltr'><em>Λώρυμα</em></span> <span class='ocrx_word' id='word_1_236' title='bbox 1640 1668 1737 1707; x_wconf 84' lang='lat' dir='ltr'>Sca-</span> 
     </span>
     <span class='ocr_line' id='line_1_28' title="bbox 282 1725 1192 1782; baseline -0.007 -14"><span class='ocrx_word' id='word_1_237' title='bbox 282 1731 383 1782; x_wconf 86' lang='lat' dir='ltr'>liger</span> <span class='ocrx_word' id='word_1_238' title='bbox 405 1738 556 1776; x_wconf 86' lang='lat' dir='ltr'>quoque</span> <span class='ocrx_word' id='word_1_239' title='bbox 576 1732 614 1762; x_wconf 82' lang='lat' dir='ltr'>et</span> <span class='ocrx_word' id='word_1_240' title='bbox 635 1725 683 1763; x_wconf 88' lang='lat' dir='ltr'>ls.</span> <span class='ocrx_word' id='word_1_241' title='bbox 702 1725 876 1763; x_wconf 90' lang='lat' dir='ltr'>Vossius.</span> <span class='ocrx_word' id='word_1_242' title='bbox 904 1725 1013 1763; x_wconf 80' lang='lat' dir='ltr'>IDEM</span> <span class='ocrx_word' id='word_1_243' title='bbox 1033 1729 1075 1763; x_wconf 93' lang='lat' dir='ltr'>in</span> <span class='ocrx_word' id='word_1_244' title='bbox 1094 1726 1192 1763; x_wconf 86' lang='lat' dir='ltr'>Add.</span> 
     </span>
    </p>

    <p class='ocr_par' dir='ltr' id='par_1_6' title="bbox 281 1777 1739 2055">
     <span class='ocr_line' id='line_1_29' title="bbox 399 1777 1736 1834; baseline -0.005 -9"><span class='ocrx_word' id='word_1_245' title='bbox 399 1786 503 1825; x_wconf 93' lang='grc'><strong>707.</strong></span> <span class='ocrx_word' id='word_1_246' title='bbox 531 1783 602 1823; x_wconf 88' lang='grc'><strong>85.</strong></span> <span class='ocrx_word' id='word_1_247' title='bbox 630 1781 868 1834; x_wconf 80' lang='grc' dir='ltr'><em>Περίαρχος</em></span> <span class='ocrx_word' id='word_1_248' title='bbox 891 1779 933 1820; x_wconf 73' lang='grc' dir='ltr'>δ’</span> <span class='ocrx_word' id='word_1_249' title='bbox 960 1777 980 1821; x_wconf 83' lang='grc' dir='ltr'><em>ὃ</em></span> <span class='ocrx_word' id='word_1_250' title='bbox 1006 1784 1090 1821; x_wconf 82' lang='grc' dir='ltr'>τῶν</span> <span class='ocrx_word' id='word_1_251' title='bbox 1109 1779 1476 1833; x_wconf 73' lang='grc' dir='ltr'><em>Λακεδαιμονίων]</em></span> <span class='ocrx_word' id='word_1_252' title='bbox 1502 1780 1642 1819; x_wconf 80' lang='lat' dir='ltr'>Menda</span> <span class='ocrx_word' id='word_1_253' title='bbox 1666 1780 1736 1819; x_wconf 78' lang='lat' dir='ltr'>du-</span> 
     </span>
     <span class='ocr_line' id='line_1_30' title="bbox 285 1838 1739 1890; baseline -0.003 -10"><span class='ocrx_word' id='word_1_254' title='bbox 285 1843 343 1880; x_wconf 87' lang='lat' dir='ltr'>cis</span> <span class='ocrx_word' id='word_1_255' title='bbox 365 1852 506 1878; x_wconf 90' lang='lat' dir='ltr'>nomen</span> <span class='ocrx_word' id='word_1_256' title='bbox 519 1838 705 1877; x_wconf 84' lang='lat' dir='ltr'>foedavit.</span> <span class='ocrx_word' id='word_1_257' title='bbox 729 1838 993 1890; x_wconf 74' lang='grc' dir='ltr'><em>Πείσανδρος</em></span> <span class='ocrx_word' id='word_1_258' title='bbox 1011 1840 1100 1876; x_wconf 89' lang='lat' dir='ltr'>aliis</span> <span class='ocrx_word' id='word_1_259' title='bbox 1119 1839 1298 1876; x_wconf 89' lang='lat' dir='ltr'>omnibus</span> <span class='ocrx_word' id='word_1_260' title='bbox 1320 1839 1473 1886; x_wconf 89' lang='lat' dir='ltr'>dicitur,</span> <span class='ocrx_word' id='word_1_261' title='bbox 1491 1838 1680 1887; x_wconf 89' lang='lat' dir='ltr'>quomodo</span> <span class='ocrx_word' id='word_1_262' title='bbox 1701 1845 1739 1875; x_wconf 85' lang='lat' dir='ltr'>et</span> 
     </span>
     <span class='ocr_line' id='line_1_31' title="bbox 281 1893 1736 1942; baseline -0.003 -7"><span class='ocrx_word' id='word_1_263' title='bbox 281 1898 347 1936; x_wconf 86' lang='lat' dir='ltr'>hic</span> <span class='ocrx_word' id='word_1_264' title='bbox 379 1894 624 1933; x_wconf 89' lang='lat' dir='ltr'>scribendum</span> <span class='ocrx_word' id='word_1_265' title='bbox 658 1893 801 1932; x_wconf 90' lang='lat' dir='ltr'>dudum</span> <span class='ocrx_word' id='word_1_266' title='bbox 832 1895 910 1932; x_wconf 87' lang='lat' dir='ltr'>viri</span> <span class='ocrx_word' id='word_1_267' title='bbox 938 1894 1041 1931; x_wconf 90' lang='lat' dir='ltr'>docti</span> <span class='ocrx_word' id='word_1_268' title='bbox 1068 1895 1363 1942; x_wconf 87' lang='lat' dir='ltr'>admonuerunt,</span> <span class='ocrx_word' id='word_1_269' title='bbox 1394 1894 1509 1932; x_wconf 89' lang='lat' dir='ltr'>Dion.</span> <span class='ocrx_word' id='word_1_270' title='bbox 1530 1895 1736 1932; x_wconf 89' lang='lat' dir='ltr'>Lambinus</span> 
     </span>
     <span class='ocr_line' id='line_1_32' title="bbox 284 1949 1735 2001; baseline -0.003 -10"><span class='ocrx_word' id='word_1_271' title='bbox 284 1954 334 1992; x_wconf 84' lang='lat' dir='ltr'>ad</span> <span class='ocrx_word' id='word_1_272' title='bbox 354 1952 468 1990; x_wconf 88' lang='lat' dir='ltr'>Corn.</span> <span class='ocrx_word' id='word_1_273' title='bbox 500 1950 637 2000; x_wconf 91' lang='lat' dir='ltr'>Nepot.</span> <span class='ocrx_word' id='word_1_274' title='bbox 659 1949 753 1988; x_wconf 90' lang='lat' dir='ltr'>Con.</span> <span class='ocrx_word' id='word_1_275' title='bbox 780 1964 808 1987; x_wconf 87' lang='lat' dir='ltr'>c.</span> <span class='ocrx_word' id='word_1_276' title='bbox 833 1950 876 1990; x_wconf 87' lang='lat'>4.</span> <span class='ocrx_word' id='word_1_277' title='bbox 896 1949 1096 1988; x_wconf 88' lang='lat' dir='ltr'>Fabricius</span> <span class='ocrx_word' id='word_1_278' title='bbox 1118 1953 1159 1988; x_wconf 92' lang='lat' dir='ltr'>in</span> <span class='ocrx_word' id='word_1_279' title='bbox 1186 1950 1298 1988; x_wconf 90' lang='lat' dir='ltr'>Oros.</span> <span class='ocrx_word' id='word_1_280' title='bbox 1329 1951 1371 1988; x_wconf 91' lang='lat' dir='ltr'>L.</span> <span class='ocrx_word' id='word_1_281' title='bbox 1397 1951 1464 1988; x_wconf 87' lang='lat' dir='ltr'>Ill.</span> <span class='ocrx_word' id='word_1_282' title='bbox 1492 1953 1529 1992; x_wconf 93' lang='grc'>1.</span> <span class='ocrx_word' id='word_1_283' title='bbox 1560 1950 1735 2001; x_wconf 86' lang='lat' dir='ltr'>Bongar-</span> 
     </span>
     <span class='ocr_line' id='line_1_33' title="bbox 285 2006 1326 2055; baseline -0.006 -6"><span class='ocrx_word' id='word_1_284' title='bbox 285 2013 367 2049; x_wconf 84' lang='lat' dir='ltr'>sius</span> <span class='ocrx_word' id='word_1_285' title='bbox 391 2008 440 2047; x_wconf 88' lang='lat' dir='ltr'>ad</span> <span class='ocrx_word' id='word_1_286' title='bbox 460 2007 596 2045; x_wconf 85' lang='lat' dir='ltr'>lustin.</span> <span class='ocrx_word' id='word_1_287' title='bbox 620 2006 663 2045; x_wconf 90' lang='lat' dir='ltr'>L.</span> <span class='ocrx_word' id='word_1_288' title='bbox 685 2006 752 2046; x_wconf 88' lang='lat' dir='ltr'>Vl.</span> <span class='ocrx_word' id='word_1_289' title='bbox 780 2008 821 2046; x_wconf 90' lang='lat'>3.</span> <span class='ocrx_word' id='word_1_290' title='bbox 848 2008 1051 2055; x_wconf 85' lang='lat' dir='ltr'>pluresque</span> <span class='ocrx_word' id='word_1_291' title='bbox 1070 2008 1151 2044; x_wconf 89' lang='lat' dir='ltr'>alii.</span> <span class='ocrx_word' id='word_1_292' title='bbox 1188 2006 1326 2044; x_wconf 78' lang='lat' dir='ltr'>WEss.</span> 
     </span>
    </p>

    <p class='ocr_par' dir='ltr' id='par_1_7' title="bbox 288 2057 1740 2282">
     <span class='ocr_line' id='line_1_34' title="bbox 404 2057 1740 2117; baseline -0.004 -12"><span class='ocrx_word' id='word_1_293' title='bbox 404 2066 510 2105; x_wconf 92' lang='lat'>707.</span> <span class='ocrx_word' id='word_1_294' title='bbox 546 2066 618 2104; x_wconf 83' lang='lat'>88.</span> <span class='ocrx_word' id='word_1_295' title='bbox 658 2059 780 2115; x_wconf 86' lang='grc' dir='ltr'><em>Πρὸς</em></span> <span class='ocrx_word' id='word_1_296' title='bbox 813 2058 981 2103; x_wconf 77' lang='grc' dir='ltr'><em>Φύσκον</em></span> <span class='ocrx_word' id='word_1_297' title='bbox 1014 2065 1090 2115; x_wconf 79' lang='grc' dir='ltr'>τῆς</span> <span class='ocrx_word' id='word_1_298' title='bbox 1108 2059 1411 2117; x_wconf 66' lang='grc' dir='ltr'><em>Χερρονήσου]</em></span> <span class='ocrx_word' id='word_1_299' title='bbox 1445 2060 1628 2100; x_wconf 86' lang='lat' dir='ltr'>Straboni</span> <span class='ocrx_word' id='word_1_300' title='bbox 1653 2057 1740 2101; x_wconf 74' lang='grc' dir='ltr'>Φύ-</span> 
     </span>
     <span class='ocr_line' id='line_1_35' title="bbox 289 2115 1738 2171; baseline -0.004 -10"><span class='ocrx_word' id='word_1_301' title='bbox 289 2134 390 2167; x_wconf 85' lang='grc' dir='ltr'><em>σκος</em></span> <span class='ocrx_word' id='word_1_302' title='bbox 408 2119 595 2171; x_wconf 81' lang='grc' dir='ltr'><em>πολίχνη,</em></span> <span class='ocrx_word' id='word_1_303' title='bbox 623 2117 768 2169; x_wconf 75' lang='grc' dir='ltr'><em>λιμένα</em></span> <span class='ocrx_word' id='word_1_304' title='bbox 791 2115 965 2169; x_wconf 63' lang='grc' dir='ltr'><em>ἒβζουσα,</em></span> <span class='ocrx_word' id='word_1_305' title='bbox 996 2132 1068 2156; x_wconf 88' lang='lat' dir='ltr'>nec</span> <span class='ocrx_word' id='word_1_306' title='bbox 1086 2120 1201 2170; x_wconf 87' lang='lat' dir='ltr'>longe</span> <span class='ocrx_word' id='word_1_307' title='bbox 1221 2120 1401 2169; x_wconf 81' lang='lat' dir='ltr'>Lorymis</span> <span class='ocrx_word' id='word_1_308' title='bbox 1421 2118 1557 2156; x_wconf 88' lang='lat' dir='ltr'>dissita</span> <span class='ocrx_word' id='word_1_309' title='bbox 1578 2119 1618 2156; x_wconf 90' lang='lat' dir='ltr'>L.</span> <span class='ocrx_word' id='word_1_310' title='bbox 1634 2118 1738 2156; x_wconf 90' lang='lat' dir='ltr'>XlV.</span> 
     </span>
     <span class='ocr_line' id='line_1_36' title="bbox 289 2170 1738 2228; baseline -0.002 -14"><span class='ocrx_word' id='word_1_311' title='bbox 289 2190 326 2228; x_wconf 87' lang='lat' dir='ltr'>p.</span> <span class='ocrx_word' id='word_1_312' title='bbox 341 2178 446 2218; x_wconf 83' lang='lat'>964.</span> <span class='ocrx_word' id='word_1_313' title='bbox 461 2176 517 2223; x_wconf 87' lang='lat' dir='ltr'>A.‚</span> <span class='ocrx_word' id='word_1_314' title='bbox 542 2177 609 2224; x_wconf 89' lang='lat' dir='ltr'>qui</span> <span class='ocrx_word' id='word_1_315' title='bbox 631 2182 670 2211; x_wconf 90' lang='lat' dir='ltr'>et</span> <span class='ocrx_word' id='word_1_316' title='bbox 690 2170 947 2227; x_wconf 76' lang='grc' dir='ltr'><em>τῆςῬοὸίων</em></span> <span class='ocrx_word' id='word_1_317' title='bbox 967 2174 1139 2228; x_wconf 77' lang='grc' dir='ltr'><em>περαίας</em></span> <span class='ocrx_word' id='word_1_318' title='bbox 1161 2188 1243 2212; x_wconf 90' lang='lat' dir='ltr'>esse</span> <span class='ocrx_word' id='word_1_319' title='bbox 1267 2178 1321 2212; x_wconf 90' lang='lat' dir='ltr'>ait</span> <span class='ocrx_word' id='word_1_320' title='bbox 1341 2188 1376 2223; x_wconf 81' lang='lat' dir='ltr'>p.</span> <span class='ocrx_word' id='word_1_321' title='bbox 1394 2176 1498 2215; x_wconf 88' lang='grc'><strong>978.</strong></span> <span class='ocrx_word' id='word_1_322' title='bbox 1519 2174 1738 2223; x_wconf 85' lang='lat' dir='ltr'>Stephanus</span> 
     </span>
     <span class='ocr_line' id='line_1_37' title="bbox 288 2231 1515 2282; baseline -0.004 -10"><span class='ocrx_word' id='word_1_323' title='bbox 288 2237 429 2274; x_wconf 87' lang='lat' dir='ltr'>iterum</span> <span class='ocrx_word' id='word_1_324' title='bbox 451 2233 544 2269; x_wconf 86' lang='lat' dir='ltr'>duas</span> <span class='ocrx_word' id='word_1_325' title='bbox 569 2232 678 2278; x_wconf 87' lang='lat' dir='ltr'>facit,</span> <span class='ocrx_word' id='word_1_326' title='bbox 704 2239 928 2280; x_wconf 90' lang='lat' dir='ltr'>portumque</span> <span class='ocrx_word' id='word_1_327' title='bbox 951 2232 998 2269; x_wconf 91' lang='lat' dir='ltr'>ab</span> <span class='ocrx_word' id='word_1_328' title='bbox 1021 2233 1115 2269; x_wconf 87' lang='lat' dir='ltr'>urbe</span> <span class='ocrx_word' id='word_1_329' title='bbox 1135 2231 1351 2282; x_wconf 88' lang='lat' dir='ltr'>distinguit.</span> <span class='ocrx_word' id='word_1_330' title='bbox 1379 2231 1515 2268; x_wconf 70' lang='lat' dir='ltr'>Wssss.</span> 
     </span>
    </p>

    <p class='ocr_par' dir='ltr' id='par_1_8' title="bbox 291 2285 1737 2456">
     <span class='ocr_line' id='line_1_38' title="bbox 408 2285 1737 2341; baseline -0.003 -12"><span class='ocrx_word' id='word_1_331' title='bbox 408 2290 512 2329; x_wconf 82' lang='grc'><strong>707.</strong></span> <span class='ocrx_word' id='word_1_332' title='bbox 537 2289 612 2328; x_wconf 88' lang='grc'>91.</span> <span class='ocrx_word' id='word_1_333' title='bbox 653 2289 750 2327; x_wconf 85' lang='grc' dir='ltr'>Τῶν</span> <span class='ocrx_word' id='word_1_334' title='bbox 780 2287 826 2334; x_wconf 68' lang='grc' dir='ltr'>δὲ</span> <span class='ocrx_word' id='word_1_335' title='bbox 854 2288 1074 2341; x_wconf 85' lang='grc' dir='ltr'><em>Περσικῶν</em></span> <span class='ocrx_word' id='word_1_336' title='bbox 1097 2285 1199 2340; x_wconf 88' lang='lat' dir='ltr'>etc.]</span> <span class='ocrx_word' id='word_1_337' title='bbox 1230 2288 1306 2324; x_wconf 89' lang='lat' dir='ltr'>Aut</span> <span class='ocrx_word' id='word_1_338' title='bbox 1328 2288 1432 2325; x_wconf 89' lang='lat' dir='ltr'>deest</span> <span class='ocrx_word' id='word_1_339' title='bbox 1452 2288 1737 2326; x_wconf 85' lang='lat' dir='ltr'>substantivum</span> 
     </span>
     <span class='ocr_line' id='line_1_39' title="bbox 291 2343 1737 2398; baseline -0.003 -14"><span class='ocrx_word' id='word_1_340' title='bbox 291 2359 455 2392; x_wconf 82' lang='lat' dir='ltr'>nomen,</span> <span class='ocrx_word' id='word_1_341' title='bbox 497 2343 599 2393; x_wconf 89' lang='lat' dir='ltr'>quod</span> <span class='ocrx_word' id='word_1_342' title='bbox 627 2357 714 2381; x_wconf 89' lang='lat' dir='ltr'>cum</span> <span class='ocrx_word' id='word_1_343' title='bbox 742 2343 933 2382; x_wconf 88' lang='lat' dir='ltr'>adiectivo</span> <span class='ocrx_word' id='word_1_344' title='bbox 966 2345 1186 2398; x_wconf 75' lang='grc' dir='ltr'><em>Περσικῶν</em></span> <span class='ocrx_word' id='word_1_345' title='bbox 1214 2346 1418 2395; x_wconf 87' lang='lat' dir='ltr'>iungatur,</span> <span class='ocrx_word' id='word_1_346' title='bbox 1446 2351 1513 2380; x_wconf 89' lang='lat' dir='ltr'>aut</span> <span class='ocrx_word' id='word_1_347' title='bbox 1533 2345 1737 2395; x_wconf 86' lang='lat' dir='ltr'>legendum</span> 
     </span>
     <span class='ocr_line' id='line_1_40' title="bbox 293 2400 960 2456; baseline -0.009 -14"><span class='ocrx_word' id='word_1_348' title='bbox 293 2404 487 2456; x_wconf 76' lang='grc' dir='ltr'><em>Περσῶν,</em></span> <span class='ocrx_word' id='word_1_349' title='bbox 512 2400 614 2450; x_wconf 88' lang='lat' dir='ltr'>quod</span> <span class='ocrx_word' id='word_1_350' title='bbox 634 2401 775 2437; x_wconf 83' lang='lat' dir='ltr'>malim.</span> <span class='ocrx_word' id='word_1_351' title='bbox 803 2400 960 2439; x_wconf 78' lang='lat' dir='ltr'>STEPH.</span> 
     </span>
    </p>

    <p class='ocr_par' dir='ltr' id='par_1_9' title="bbox 293 2451 1740 2732">
     <span class='ocr_line' id='line_1_41' title="bbox 411 2451 1735 2509; baseline -0.005 -11"><span class='ocrx_word' id='word_1_352' title='bbox 411 2459 516 2498; x_wconf 90' lang='grc'><strong>708.</strong></span> <span class='ocrx_word' id='word_1_353' title='bbox 543 2457 616 2495; x_wconf 88' lang='grc'>97.</span> <span class='ocrx_word' id='word_1_354' title='bbox 649 2454 854 2509; x_wconf 67' lang='grc' dir='ltr'><em>Ἀνῃρέθη</em></span> <span class='ocrx_word' id='word_1_355' title='bbox 882 2451 1146 2507; x_wconf 74' lang='grc' dir='ltr'><em>μαχόμενος]</em></span> <span class='ocrx_word' id='word_1_356' title='bbox 1188 2454 1286 2493; x_wconf 92' lang='lat' dir='ltr'>Vide</span> <span class='ocrx_word' id='word_1_357' title='bbox 1318 2453 1568 2504; x_wconf 89' lang='lat' dir='ltr'>Xenophont.</span> <span class='ocrx_word' id='word_1_358' title='bbox 1598 2455 1639 2493; x_wconf 89' lang='lat' dir='ltr'>L.</span> <span class='ocrx_word' id='word_1_359' title='bbox 1672 2454 1735 2492; x_wconf 94' lang='lat' dir='ltr'>IV.</span> 
     </span>
     <span class='ocr_line' id='line_1_42' title="bbox 293 2511 1739 2564; baseline -0.003 -12"><span class='ocrx_word' id='word_1_360' title='bbox 293 2512 448 2552; x_wconf 85' lang='lat' dir='ltr'>Hellen.</span> <span class='ocrx_word' id='word_1_361' title='bbox 470 2527 504 2564; x_wconf 90' lang='lat' dir='ltr'>p.</span> <span class='ocrx_word' id='word_1_362' title='bbox 524 2512 631 2552; x_wconf 89' lang='lat'>404.</span> <span class='ocrx_word' id='word_1_363' title='bbox 659 2511 780 2550; x_wconf 86' lang='lat' dir='ltr'>Periit</span> <span class='ocrx_word' id='word_1_364' title='bbox 799 2520 925 2550; x_wconf 89' lang='lat' dir='ltr'>autem</span> <span class='ocrx_word' id='word_1_365' title='bbox 950 2513 1161 2550; x_wconf 88' lang='lat' dir='ltr'>Pisandrus</span> <span class='ocrx_word' id='word_1_366' title='bbox 1182 2519 1362 2561; x_wconf 89' lang='lat' dir='ltr'>sequente</span> <span class='ocrx_word' id='word_1_367' title='bbox 1384 2525 1499 2559; x_wconf 84' lang='lat' dir='ltr'>anno,</span> <span class='ocrx_word' id='word_1_368' title='bbox 1517 2526 1601 2550; x_wconf 91' lang='lat' dir='ltr'>cum</span> <span class='ocrx_word' id='word_1_369' title='bbox 1623 2512 1739 2549; x_wconf 89' lang='lat' dir='ltr'>Athe—</span> 
     </span>
     <span class='ocr_line' id='line_1_43' title="bbox 295 2568 1738 2620; baseline -0.001 -12"><span class='ocrx_word' id='word_1_370' title='bbox 295 2573 359 2608; x_wconf 87' lang='lat' dir='ltr'>nis</span> <span class='ocrx_word' id='word_1_371' title='bbox 380 2583 525 2607; x_wconf 91' lang='lat' dir='ltr'>summo</span> <span class='ocrx_word' id='word_1_372' title='bbox 546 2570 772 2620; x_wconf 86' lang='lat' dir='ltr'>magistratu</span> <span class='ocrx_word' id='word_1_373' title='bbox 790 2569 1017 2620; x_wconf 85' lang='lat' dir='ltr'>fungeretur</span> <span class='ocrx_word' id='word_1_374' title='bbox 1038 2568 1264 2615; x_wconf 87' lang='lat' dir='ltr'>Eubulides,</span> <span class='ocrx_word' id='word_1_375' title='bbox 1282 2569 1398 2606; x_wconf 91' lang='lat' dir='ltr'>sicuti</span> <span class='ocrx_word' id='word_1_376' title='bbox 1419 2569 1583 2618; x_wconf 84' lang='lat' dir='ltr'>scriptor</span> <span class='ocrx_word' id='word_1_377' title='bbox 1600 2581 1738 2617; x_wconf 84' lang='lat' dir='ltr'>aequa-</span> 
     </span>
     <span class='ocr_line' id='line_1_44' title="bbox 295 2624 1739 2677; baseline -0.001 -14"><span class='ocrx_word' id='word_1_378' title='bbox 295 2627 349 2664; x_wconf 91' lang='lat' dir='ltr'>lis</span> <span class='ocrx_word' id='word_1_379' title='bbox 380 2625 518 2677; x_wconf 83' lang='lat' dir='ltr'>Lysias</span> <span class='ocrx_word' id='word_1_380' title='bbox 548 2625 655 2663; x_wconf 86' lang='lat' dir='ltr'>Orat.</span> <span class='ocrx_word' id='word_1_381' title='bbox 688 2625 734 2662; x_wconf 90' lang='lat' dir='ltr'>de</span> <span class='ocrx_word' id='word_1_382' title='bbox 762 2624 960 2674; x_wconf 86' lang='lat' dir='ltr'>Aristoph.</span> <span class='ocrx_word' id='word_1_383' title='bbox 988 2624 1084 2662; x_wconf 94' lang='lat' dir='ltr'>Bon.</span> <span class='ocrx_word' id='word_1_384' title='bbox 1114 2639 1146 2662; x_wconf 84' lang='lat' dir='ltr'>c.</span> <span class='ocrx_word' id='word_1_385' title='bbox 1172 2629 1211 2667; x_wconf 89' lang='lat'>8.</span> <span class='ocrx_word' id='word_1_386' title='bbox 1240 2631 1426 2662; x_wconf 89' lang='lat' dir='ltr'>testatur:</span> <span class='ocrx_word' id='word_1_387' title='bbox 1470 2636 1565 2673; x_wconf 87' lang='lat' dir='ltr'>quae</span> <span class='ocrx_word' id='word_1_388' title='bbox 1586 2625 1739 2675; x_wconf 86' lang='lat' dir='ltr'>quidem</span> 
     </span>
     <span class='ocr_line' id='line_1_45' title="bbox 297 2681 1740 2732; baseline -0.001 -13"><span class='ocrx_word' id='word_1_389' title='bbox 297 2681 448 2730; x_wconf 83' lang='lat' dir='ltr'>clades,</span> <span class='ocrx_word' id='word_1_390' title='bbox 487 2681 588 2732; x_wconf 86' lang='lat' dir='ltr'>quod</span> <span class='ocrx_word' id='word_1_391' title='bbox 612 2681 680 2719; x_wconf 83' lang='lat' dir='ltr'>suh</span> <span class='ocrx_word' id='word_1_392' title='bbox 708 2682 864 2720; x_wconf 86' lang='lat' dir='ltr'>initium</span> <span class='ocrx_word' id='word_1_393' title='bbox 896 2682 979 2719; x_wconf 90' lang='lat' dir='ltr'>eius</span> <span class='ocrx_word' id='word_1_394' title='bbox 1007 2687 1206 2732; x_wconf 85' lang='lat' dir='ltr'>praeturae</span> <span class='ocrx_word' id='word_1_395' title='bbox 1237 2681 1445 2728; x_wconf 86' lang='lat' dir='ltr'>acciderit,</span> <span class='ocrx_word' id='word_1_396' title='bbox 1481 2688 1680 2730; x_wconf 90' lang='lat' dir='ltr'>propterea</span> <span class='ocrx_word' id='word_1_397' title='bbox 1699 2684 1740 2718; x_wconf 90' lang='lat' dir='ltr'>in</span> 
     </span>
    </p>
   </div>
   <div class='ocr_carea' id='block_1_3' title="bbox 296 2737 1740 2834">
    <p class='ocr_par' dir='ltr' id='par_1_10' title="bbox 296 2737 1740 2834">
     <span class='ocr_line' id='line_1_46' title="bbox 296 2737 1740 2790; baseline 0 -15"><span class='ocrx_word' id='word_1_398' title='bbox 296 2737 399 2775; x_wconf 89' lang='lat' dir='ltr'>hunc</span> <span class='ocrx_word' id='word_1_399' title='bbox 429 2751 573 2776; x_wconf 86' lang='lat' dir='ltr'>annum</span> <span class='ocrx_word' id='word_1_400' title='bbox 601 2738 647 2776; x_wconf 88' lang='lat' dir='ltr'>ab</span> <span class='ocrx_word' id='word_1_401' title='bbox 676 2745 853 2788; x_wconf 86' lang='lat' dir='ltr'>auctore,</span> <span class='ocrx_word' id='word_1_402' title='bbox 888 2751 938 2777; x_wconf 89' lang='lat' dir='ltr'>ne</span> <span class='ocrx_word' id='word_1_403' title='bbox 955 2738 1126 2778; x_wconf 88' lang='lat' dir='ltr'>eiusdem</span> <span class='ocrx_word' id='word_1_404' title='bbox 1151 2739 1308 2790; x_wconf 83' lang='lat' dir='ltr'>generis</span> <span class='ocrx_word' id='word_1_405' title='bbox 1328 2750 1390 2776; x_wconf 87' lang='lat' dir='ltr'>res</span> <span class='ocrx_word' id='word_1_406' title='bbox 1418 2737 1740 2784; x_wconf 82' lang='lat' dir='ltr'>discernerentur,</span> 
     </span>
     <span class='ocr_line' id='line_1_47' title="bbox 298 2794 773 2834; baseline -0.004 0"><span class='ocrx_word' id='word_1_407' title='bbox 298 2795 455 2834; x_wconf 80' lang='lat' dir='ltr'>videtur</span> <span class='ocrx_word' id='word_1_408' title='bbox 475 2796 608 2834; x_wconf 86' lang='lat' dir='ltr'>relata.</span> <span class='ocrx_word' id='word_1_409' title='bbox 638 2794 773 2833; x_wconf 79' lang='lat' dir='ltr'>WEss.</span> 
     </span>
    </p>
   </div>
  </div>
 </body>
</html>
