1828 3253
416 170 481 210 IN
516 168 627 210 LIB.
658 169 686 208 1.
733 168 860 209 CAP.
893 169 966 211 54.
990 189 1036 198 -
1066 169 1136 211 56.
1439 169 1497 210 91

70 289 184 339 agris
216 286 452 338 Colchosque
482 279 624 323 'vocari
652 282 839 335 Imperet.
907 283 1029 327 Quam
1057 283 1101 320 in
1133 280 1284 321 Colchis
1313 287 1505 333 acceptam

71 345 217 382 cladem
240 343 390 381 Plinius
407 340 604 378 XXXIII.
625 330 665 380 3.
697 339 798 377 haud
817 341 1028 389 praeteriit.
1068 338 1111 375 ld
1129 353 1221 376 vero
1241 353 1372 388 parum
1388 346 1504 386 recte,

72 401 173 452 quod
207 398 434 438 Colchorum
460 403 613 448 gentem
640 395 799 433 Diodor.
827 396 958 443 paludi
986 394 1171 432 Maeotidi
1210 396 1373 434 adfinem
1399 397 1505 443 fecit,

74 460 226 509 longius
247 457 292 493 ab
313 468 357 492 ea
374 461 568 491 remotam.
625 453 722 490 Vide
743 451 784 490 S.
803 450 980 489 Boehart.
1009 451 1072 488 lv.
1091 450 1198 489 Phal.
1220 453 1291 492 31.
1317 453 1450 490 VVESS.

185 513 258 553 64.
279 512 351 551 32.
369 506 460 549 ’Ότι
479 504 762 561 Αἰγυπτιακόν
784 507 881 559 ἔστι]
911 507 1149 546 Herodotum
1175 506 1222 545 11.
1250 509 1350 548 104.
1381 510 1507 557 sequi-

74 576 149 616 tur,
180 570 241 606 cui
260 574 300 605 tu
319 569 434 617 iunge
465 565 641 615 Apollon.
661 564 784 602 Rhod.
812 565 946 605 1v.27
957 565 994 604 5.
1015 571 1052 601 et
1081 577 1182 612 supr.
1224 577 1257 603 c.
1280 567 1354 606 28.
1374 565 1508 603 VVEss.

73 625 180 662 Adde
199 625 267 674 qui
284 622 384 660 hunc
406 625 531 661 locum
548 624 704 672 respicit
723 620 926 673 Agathiam
954 623 979 658 l.
1003 620 1054 660 11.
1077 633 1113 669 p.
1140 620 1210 660 55.
1233 618 1275 660 C.

142 700 145 702 ’
187 680 356 724 65.,44.
398 680 498 725 Τοῖς
530 675 651 730 ἱεροῖς
679 675 925 730 λεγομένοις]
967 677 1054 714 Vid.
1095 677 1198 714 infra
1230 690 1262 714 c.
1285 678 1356 718 81.
1376 676 1510 715 IVESS.

185 736 287 776 Ibid.
304 734 474 780 ςὈπλοις
499 733 825 788 κατεστρέψατο]
854 733 1038 771 Herodot.
1059 733 1107 772 II.
1136 734 1238 774 106.
1260 729 1406 784 ὤμοισι
1427 739 1511 773 τοῖ-

75 805 138 832 σιν
170 790 301 844 ἓμοῖσι
341 791 513 829 humeris
545 793 662 839 meis,
701 803 814 839 quam
845 792 1072 841 scripturam
1099 789 1170 827 hac
1199 791 1314 840 longe
1348 789 1514 827 deterio-

73 862 155 886 rem
181 854 310 886 censet
338 846 412 887 Th.
446 847 634 895 Galaeus3
672 845 774 884 haud
803 848 884 885 scio
923 859 972 884 an
1009 848 1174 884 iniuria:
1224 847 1511 884 columellarum

75 907 178 942 enim
195 906 466 953 inscriptiones
489 903 599 941 huius
617 904 736 941 fuisse
758 905 970 953 persimiles
989 915 1071 952 cap.
1095 903 1197 943 103.
1219 903 1350 950 docet3
1385 916 1408 940 a
1426 905 1512 952 qui-

77 962 148 998 bus
168 975 253 998 cum
270 962 359 1007 illa,
388 973 484 1010 quae
502 962 544 997 in
563 959 671 997 [onia
690 967 792 1007 erat,
821 961 948 1011 paullo
966 960 1085 997 fuerit
1103 959 1314 1006 diversior,
1343 965 1382 996 et
1405 952 1512 1010 ὦμοι

76 1018 232 1056 humeri
264 1017 382 1054 robur
421 1029 465 1054 ac
505 1017 610 1054 vires
646 1019 797 1068 egregie
828 1029 876 1053 ex
906 1015 1140 1053 Artemidori
1166 1014 1195 1052 Ι.
1215 1016 1291 1056 42.
1321 1018 1514 1053 sententia

77 1077 312 1124 expingant‚
343 1085 411 1110 cur
430 1072 584 1110 tandem
611 1071 823 1110 mutemus?
852 1072 986 1110 WEss.

190 1130 263 1171 65.
282 1130 356 1170 47.
382 1125 587 1180 ’Έχουσαν
619 1127 795 1181 αἷὸὀῖον]
832 1128 977 1166 Eadem
1006 1127 1210 1166 Africanus
1243 1135 1282 1165 et
1299 1127 1439 1166 Euseb.
1469 1130 1512 1166 in

81 1185 254 1236 Syncelli
272 1185 483 1236 Chronogr.
520 1199 556 1235 p.
580 1185 651 1225 59.
675 1193 712 1223 et
737 1187 812 1226 60.
855 1198 904 1222 ex
931 1184 1176 1223 Manethone.
1236 1183 1329 1222 Mox
1365 1199 1516 1237 κυριω-

77 1241 197 1295 τέρου
219 1244 358 1294 malui,
399 1241 500 1290 quod
529 1238 583 1281 τὰ
613 1237 846 1293 κυριώτατα
871 1243 955 1280 τῶν
982 1242 1119 1294 μερῶν
1147 1254 1212 1277 eae
1242 1244 1320 1279 sint
1347 1243 1517 1291 corporis

79 1305 227 1349 partes,
262 1301 346 1336 sine
377 1298 514 1347 quibus
543 1297 689 1335 homini
718 1301 800 1336 vita
817 1304 991 1334 constare
1010 1298 1165 1345 nequit,
1194 1295 1346 1334 Philon.
1372 1297 1453 1335 Iud.
1473 1300 1516 1335 in

78 1355 206 1394 Flacc.
223 1368 258 1404 p.
282 1354 387 1394 974.
406 1352 456 1390 D.
491 1352 698 1391 Plutarcho
729 1353 776 1391 T.
797 1353 844 1391 Il.
864 1367 899 1403 p.
925 1354 1028 1395 159.
1057 1359 1095 1390 et
1127 1351 1334 1390 Iamblicho
1354 1353 1515 1404 Myster.

37 1417 40 1419 ’
83 1410 186 1450 Sect.
205 1409 274 1448 111.
299 1413 368 1451 16.
392 1409 527 1452 Wssss.

194 1468 269 1508 65.
293 1468 365 1507 53.
387 1462 553 1513 Ἱ-Ιλίκος
578 1462 704 1513 αὐτὸς
723 1461 956 1519 ἐτύγχανεν]
993 1464 1133 1504 Euseb.
1153 1478 1202 1504 ex
1221 1465 1451 1505 Manethone
1472 1466 1519 1504 de

83 1523 274 1572 Sesostri,
302 1521 348 1570 ὃς
368 1521 522 1575 λέγεται
540 1521 742 1575 γεγονέναι
761 1524 904 1574 πηχῶν
924 1517 968 1560 δ’
981 1549 993 1569 ‚
1019 1524 1258 1563 παλαιστῶν
1276 1519 1310 1575 γ’
1322 1553 1335 1573 ,
1366 1518 1521 1562 δακτύ-

83 1581 168 1619 λων
196 1574 235 1630 β’
248 1607 261 1627 ‚
298 1593 409 1632 quem
438 1581 618 1631 emporis
639 1582 892 1631 proceritate
919 1578 1069 1617 cubitos
1103 1590 1163 1627 JV,
1174 1581 1335 1631 palmos
1360 1591 1432 1627 ιιι,
1461 1580 1522 1618 di-

83 1638 190 1686 gitos
207 1647 260 1684 11,
296 1648 487 1687 aequasse
506 1635 677 1684 ferunt,
710 1638 752 1674 in
783 1634 960 1686 Syncelli
987 1633 1200 1688 Chronogr.
1223 1650 1260 1687 p.
1281 1638 1354 1678 60.
1397 1636 1523 1675 Aliter

84 1692 271 1732 Herodot.
293 1691 343 1729 11.
368 1694 471 1732 106.
499 1691 634 1731 wass.

203 1749 275 1790 65.
311 1748 382 1790 56.
414 1745 482 1787 Ἔν
511 1745 639 1787 ἔτεσιν
666 1745 797 1799 ἐννέα]
835 1746 1091 1788 Consentiunt
1116 1749 1290 1788 African.
1316 1756 1354 1787 et
1381 1747 1523 1787 Euseb.

87 1805 187 1856 apud
210 1804 381 1855 Syncell.
409 1817 444 1854 p.
468 1804 539 1844 59.
562 1804 695 1841 Wssss.
1171 1844 1173 1847 ¹

200 1863 273 1903 65.
295 1862 369 1901 60.
404 1862 500 1900 Τῶν
533 1858 612 1913 πρὸ
645 1858 772 1900 αὐτοῦ
796 1859 1155 1914 κατειργασμένος]
1187 1861 1334 1899 Iustum
1353 1860 1426 1898 hoc
1446 1867 1525 1899 est:

87 1930 167 1956 non
185 1930 296 1969 reges
324 1923 494 1965 tantum,
538 1916 606 1954 sed
622 1929 774 1964 omnes,
802 1920 868 1966 qni
885 1931 1053 1968 unquam
1073 1932 1158 1956 cum
1177 1920 1335 1969 imperio
1353 1919 1526 1966 fuerunt,

90 1973 279 2012 Sesostris
299 1975 431 2011 multis
451 1974 623 2022 partibus
642 1975 864 2011 antecelluit
884 1988 915 2011 c.
932 1975 1004 2016 58.
1031 1975 1166 2013 Wess.
1299 2020 1303 2024 ι

203 2030 277 2072 65.
296 2031 369 2070 62.
396 2029 484 2069 Καὶ
504 2025 666 2077 σκύλοις
690 2025 908 2082 ἐκόσμησε]
940 2031 1258 2080 Antiquissimum
1276 2044 1421 2069 morem
1439 2044 1525 2081 spo-

89 2088 145 2125 lia
172 2085 342 2125 hostium
369 2087 412 2123 in
441 2088 591 2136 templis
619 2087 822 2124 dedicandi
841 2087 1046 2139 diligenter
1065 2090 1327 2137 persequitur,
1353 2087 1526 2126 Diodoro

90 2142 409 2196 haud-neglecte,
436 2141 631 2180 Stanleius
651 2145 694 2180 in
714 2142 893 2194 Aeschyl.
928 2143 999 2182 VII
1019 2151 1119 2182 cont.
1142 2143 1263 2182 Theb.
1281 2145 1388 2185 284.
1417 2143 1447 2181 F
1450 2145 1528 2181 acit

93 2207 132 2238 et
157 2198 232 2238 huc
251 2198 414 2238 Davidis
443 2201 679 2248 exemplum,
714 2202 781 2249 qui
797 2202 981 2251 prostrati
999 2214 1022 2238 a
1040 2214 1079 2238 se
1107 2200 1279 2238 Goliathi
1300 2201 1471 2252 gladium
1491 2206 1530 2237 et

94 2263 202 2294 scuta
231 2257 417 2294 exercitui
434 2254 570 2294 Hadad
592 2255 723 2295 Eseris
748 2264 876 2307 erepta
905 2260 1148 2295 consecravit
1172 2260 1192 2298 1
1219 2256 1386 2295 Samuel.
1415 2255 1528 2294 XXI.

99 2313 170 2352 10.
199 2311 347 2360 Ioseph.
365 2311 451 2349 Vll.
465 2312 594 2362 Antiq.
612 2311 642 2349 Ι.
666 2313 705 2353 5.
718 2314 782 2361 3.;
810 2313 911 2362 quod
929 2316 1100 2351 imitatus
1119 2313 1293 2352 Herodes
1313 2313 1365 2351 M.
1385 2316 1528 2352 circum.

93 2369 229 2417 templi
254 2366 597 2419 Hierosolymitani
625 2382 754 2408 muros
789 2371 918 2408 σκῦλα
948 2367 1184 2424 βαρβαρικὰ
1215 2370 1414 2421 suspendit
1430 2369 1531 2419 apud.

96 2424 258 2463 eundem
278 2423 424 2474 Ioseph.
449 2424 536 2462 XV.
559 2424 603 2462 A.
625 2425 654 2463 Ι.
681 2428 751 2466 11.
777 2427 816 2465 3.
844 2425 979 2463 Wssss.

183 2512 185 2514 -
209 2480 283 2521 65.
316 2481 390 2521 67.
429 2480 643 2528 Παντοιάς
672 2479 869 2536 ὠφελείας
897 2481 1215 2534 ἐμπλησθῆναι]
1253 2481 1312 2520 De
1339 2482 1533 2522 manubiis

82 2537 267 2586 accipio,
297 2548 390 2585 quas
416 2535 569 2588 Polybii
597 2536 645 2574 11.
670 2539 711 2578 3.
734 2540 808 2578 22.
847 2537 916 2576 111.
941 2540 1011 2579 19.
1040 2541 1211 2588 exemplo
1243 2539 1313 2576 hac
1341 2553 1435 2577 voce
1464 2552 1532 2575 ex-

100 2595 261 2642 primere
278 2593 473 2641 adsuevit,
503 2596 560 2631 uti
582 2593 733 2634 lnam.
765 2593 837 2634 XI.
863 2596 938 2635 21.
962 2592 1054 2631 ΧΗ.
1078 2597 1150 2635 50.
1206 2595 1287 2633 Nec
1310 2597 1423 2633 aliter
1440 2595 1532 2632 Plu—

100 2647 222 2686 tarch.
255 2650 299 2685 in
327 2647 496 2687 Eumene
521 2649 568 2687 T.
597 2649 628 2689 I.
668 2664 702 2700 p.
729 2653 830 2691 588.
850 2650 895 2688 Ε.
942 2648 1000 2702 μὴ
1030 2649 1391 2703 καταπλησθέντες
1422 2648 1533 2702 ὠφε-

82 2703 212 2752 ,λείας
233 2703 300 2743 καὶ
322 2701 518 2760 λαφύρων
550 2703 590 2745 οἶ
620 2703 694 2745 σὺν
715 2705 826 2760 αὐτῷ
849 2714 920 2747 etc.
960 2714 1004 2744 ut
1030 2721 1228 2758 perperam
1245 2722 1289 2745 ea
1307 2709 1405 2745 falce
1423 2706 1533 2746 adhi-

101 2760 182 2798 bita
202 2773 329 2798 secare
349 2772 392 2797 ac
412 2764 602 2814 corrigere
622 2761 718 2803 Mos.
741 2762 906 2802 Solanus
924 2766 1146 2802 instituerit.
1173 2764 1306 2802 Wnss.

215 2817 288 2858 65.
307 2817 380 2857 69.
405 2813 664 2871 Ἀποστήσας
691 2817 770 2860 ἀπὸ
801 2821 885 2861 τῶν
918 2821 1164 2873 πολεμικῶν]
1203 2820 1463 2871 Praepositio‚
1489 2826 1534 2859 ut
