1828 3253
453 178 518 219 IN
546 177 658 218 LIB.
687 177 796 218 xll.
825 176 953 217 cAP.
982 178 1058 220 40.
1085 179 1222 221 -42.
1476 182 1567 224 595

115 306 222 332 error
241 293 304 332 hic
325 292 496 331 Diodoro
515 294 768 342 relinquitur,
795 293 859 330 eui
878 303 957 329 non
976 289 1201 330 dissimilem
1220 291 1266 329 ab
1296 290 1481 332 Cicerone
1501 294 1562 333 his

115 351 254 388 iisdem
286 353 327 388 in
356 350 531 388 versibus
551 352 794 386 commissum
824 346 882 400 (v.
905 347 975 397 Ep.
992 347 1041 385 ad
1061 348 1233 386 Atticum
1249 347 1342 387 ΧΠ.
1363 348 1426 402 6.)
1458 364 1561 389 com-

113 409 264 455 paravit
291 406 494 444 Elmsleius
524 406 572 443 ad
599 407 724 442 locum
743 403 1014 454 Aristophanis
1050 411 1088 441 et
1118 411 1207 441 ante
1237 418 1323 443 eum
1355 419 1443 445 cum
1471 409 1559 446 aliis

114 465 275 501 aliorum
295 458 532 499 Reinesius
519 475 681 513 ιστοροι
679 477 733 511 μ
763 462 917 511 linguae
937 460 1104 498 Punicae
1127 460 1239 498 XllI.
1267 463 1306 500 5

227 520 330 558 505
360 520 432 558 61
477 515 535 556 Τὸ
568 515 734 569 κέιτρον
758 515 920 569 ἔ)κατε’3
926 513 1038 583 31713]
1090 516 1402 555 Translationem
1430 521 1558 570 signat

1317 570 1551 589 ΝΝΝΝ

107 629 349 682 προθυμίας
379 627 465 680 ἅμα
487 624 635 668 ἑαυτόν
663 643 706 668 τε
737 644 804 668 και
831 599 940 678 ὗῑιιᾶς
971 628 997 667 3
992 625 1254 680 ξαπατησας,
1286 626 1421 700 ὥσπερ
1443 632 1558 671 ME-

105 686 312 726 AITTA
357 686 437 725 TO
484 685 773 724 KENTPON
815 683 1274 725 ΕΓΚΑΤΑΛῙΠΩΝ
1319 682 1554 738 οἰχήσομαι.

108 744 230 788 Quam
256 742 479 790 frequenter
506 748 634 779 autem
661 740 736 778 huc
768 740 942 778 alludant
972 743 1171 807 utriusque
1200 741 1356 793 linguae
1387 744 1556 792 scripto-

106 811 192 844 res,
223 797 362 834 docent
383 797 623 849 egregiiviri
655 795 838 846 Stephan
860 795 1030 847 Bergler.
1052 800 1092 834 in
1122 797 1344 847 Alciphron.
1367 798 1410 835 L.
1430 799 1456 836 Ι.
1482 799 1553 850 Ep.

106 855 238 904 38·1)·
265 855 365 893 180.
399 860 437 890 et
470 853 533 890 Ti.
554 852 819 893 Hemsterhus.
851 852 899 890 ad
922 853 1080 891 Lucian.
1108 853 1263 905 Nigrin.
1291 868 1324 893 c.
1344 854 1385 894 7.
1419 854 1555 894 WVESS.

220 910 322 950 505
351 910 424 949 73.
460 907 585 948 Κατὰ
612 907 690 962 7129
714 905 790 961 τὴν
810 909 1018 949 Βοιωτίαν
1047 903 1072 961 ἦ
1105 910 1188 949 τῶν
1210 917 1282 947 etc
1294 908 1311 959 ]
1353 908 1458 948 Haec
1488 925 1554 950 su-

101 966 252 1015 periore
270 979 372 1002 anno
398 965 659 1003 administrari
680 973 834 1014 coepta,
859 965 1066 1002 Archontis
1093 965 1308 1016 Pythodori
1334 979 1465 1005 mense
1486 967 1553 1005 de-

102 1023 223 1069 cimo,
253 1020 524 1071 Thucydides,
555 1035 603 1059 ne
624 1022 698 1058 dul
691 1024 796 1069 ntes,
829 1020 994 1059 vetatL.
1019 1021 1067 1058 11.
1089 1024 1132 1061 2.
1164 1021 1304 1059 wass.

217 1079 320 1118 505
345 1078 417 1118 77.
442 1075 570 1116 Ἐπα
547 1072 804 1130 γ’..7ε33όμενοι
825 1075 900 1129 τὴν
915 1072 1072 1117 πό3.(ιν
1052 1075 1132 1117 υπὸ
1147 1091 1223 1129 την
1237 1093 1320 1118 των
1336 1075 1552 1132 Θημθαιων]

101 1131 244 1171 Confer
264 1132 481 1184 Thucydid.
502 1133 548 1171 ΙΙ.
568 1137 610 1174 2.
632 1132 882 1173 Demosthen.
905 1135 948 1171 in
967 1134 1105 1172 Neaer.
1130 1146 1166 1184 p.
1189 1136 1293 1175 740.
1324 1142 1362 1171 et
1381 1134 1549 1175 Aeneam

101 1189 308 1228 Poliorcet.
337 1204 370 1229 c.
396 1191 437 1229 3.
466 1189 603 1229 WEss

215 1247 318 1286 506.
348 1247 422 1286 94
468 1241 721 1286 Βαλλόντιον
748 1240 823 1291 τὰς
847 1242 1101 1299 κεραμίὸας]
1143 1243 1307 1291 Λίθοις
1324 1260 1367 1285 τε
1397 1244 1464 1285 καὶ
1488 1262 1551 1287 κε-

98 1296 218 1356 ράμω
237 1297 480 1352 βαλλόντων
509 1299 757 1351 Thucydides
777 1301 824 1338 ll.
844 1303 887 1341 4.
918 1307 956 1338 et
986 1302 1133 1338 simili
1123 1313 1163 1337 m
1193 1314 1233 1337 re
1252 1301 1461 1340 Pausanias
1482 1303 1549 1340 IV.

98 1359 173 1398 21.
196 1371 240 1395 ac
262 1358 337 1398 29.
368 1364 406 1394 et
425 1356 538 1394 Philo
558 1358 639 1394 Iud.
661 1356 794 1408 Legat.
817 1356 897 1394 Cai.
917 1369 953 1407 p.
977 1358 1112 1396 1010.
1134 1355 1177 1392 Β.
1218 1357 1296 1394 Sed
1318 1358 1463 1397 editum
1482 1362 1549 1398 ni-

97 1411 155 1451 hil
173 1427 218 1451 eo
239 1413 419 1451 deterius.
446 1413 533 1450 Vid.
554 1412 774 1464 Thucydid.
799 1412 865 1449 111.
892 1414 965 1454 22.
994 1412 1128 1450 ἊῙΕεΒ.

211 1470 315 1511 506.
350 1472 388 1510 l.
428 1469 650 1522 Πανόημεὶ
689 1465 796 1508 κατὰ
827 1465 1039 1521 σπουδὴν]
1082 1468 1246 1505 Faciunt
1275 1467 1393 1507 codd.
1426 1470 1548 1520 aliqui

95 1528 258 1574 primam
279 1524 413 1563 harum
433 1539 568 1563 vocem
590 1532 800 1576 suspectam
814 1552 825 1572 7
852 1537 965 1574 quam
990 1538 1060 1575 ego
1081 1536 1159 1561 non
1178 1538 1314 1563 moveo
1324 1537 1339 1563 :v
1367 1533 1548 1575 oportue-

94 1588 156 1618 rat
175 1584 280 1619 enim
299 1579 527 1629 Thebanos,
557 1595 642 1619 cum
663 1583 864 1632 populares
888 1581 1083 1618 Plataeam
1113 1581 1363 1629 invaderent,
1393 1580 1449 1621 ἔτι
1471 1586 1548 1635 τῆς

94 1634 243 1684 νυκτὸς
261 1635 569 1691 παραγενέσθαι
589 1639 863 1692 πανστρατιᾷ,
883 1637 948 1674 sed
969 1635 1181 1687 praepediti
1194 1644 1231 1674 et
1241 1636 1368 1687 Asopo
1389 1638 1546 1676 flumine

97 1700 136 1730 et
156 1701 345 1731 nocturno
376 1701 567 1742 tempore,
595 1706 698 1731 nunc
720 1694 871 1730 demum
892 1696 965 1731 iter
986 1699 1179 1730 maturant
1197 1694 1297 1742 apud
1324 1693 1546 1744 Thucydid.

97 1749 147 1788 ΙΙ.
175 1751 213 1790 5.
259 1751 380 1787 Porro
403 1746 610 1802 παράξον,
640 1749 740 1798 quod
762 1752 802 1786 in
825 1748 957 1799 Steph.
977 1750 1101 1795 edito,
1131 1751 1230 1786 vitio
1252 1762 1452 1798 operarum
1469 1752 1546 1788 fuit

94 1812 250 1852 natum,
277 1809 493 1855 optimeque
522 1813 735 1843 correctum
768 1806 814 1843 ab
847 1807 928 1853 ipso
963 1804 1094 1854 Steph.
1123 1811 1160 1841 et
1179 1802 1366 1843 Rhodom.
1406 1806 1543 1847 Wssss.

209 1864 312 1902 506.
343 1866 384 1902 8.
430 1860 541 1908 Τοὺς
565 1856 853 1913 αι’χμαλώτους
884 1857 1191 1911 ἀπολαβόντες]
1222 1862 1376 1912 Pugnat
1402 1863 1543 1902 iterum

95 1916 344 1968 Thucydides
371 1918 417 1955 11.
444 1919 482 1958 5.
530 1918 630 1955 Nam
659 1917 865 1955 Thebanos
894 1920 1066 1967 captivos
1097 1917 1290 1967 iugulatos
1319 1919 1439 1955 fuisse
1473 1922 1540 1959 ait.

92 1973 221 2012 PALM.
261 1973 482 2024 Thucydidi
508 1975 764 2042 adstipulatur
795 1973 1095 2018 Demosthenes,
1130 1975 1163 2009 si
1189 1980 1313 2010 tamen
1343 1976 1376 2011 is
1407 1982 1542 2012 auctor

92 2030 199 2068 Orat
224 2033 265 2068 in
289 2030 424 2068 Neaer.
443 2043 482 2085 p.-
502 2031 606 2071 741.
636 2026 691 2076 ὡς
712 2024 785 2069 οὗν
803 2027 1005 2079 ἀπετιχον
1025 2027 1063 2068 οῗ
1087 2027 1265 2079 Θηβαῖοι
1289 2032 1362 2081 τῆς
1374 2026 1537 2082 πείρας,

90 2102 158 2125 και
182 2084 220 2126 οἳ
241 2087 468 2133 Πλαταιεῖς
491 2085 588 2133 τοὺς
613 2084 790 2139 ἄνδρας,
820 2083 891 2132 οὓς
912 2083 1061 2135 ἔλαβον
1083 2082 1221 2123 αυτῶν
1241 2083 1282 2123 ἐν
1302 2082 1419 2140 μάχῃ
1441 2086 1540 2136 ζῶν-

91 2157 189 2190 τας,
217 2139 455 2182 ἀπέκτειναν
473 2142 780 2193 etc.1taquein
805 2141 864 2179 his
885 2154 990 2178 error
1010 2142 1122 2178 inest
1153 2140 1287 2178 WEss.

206 2199 310 2239 506
339 2201 414 2238 22.
456 2195 722 2250 Συνεμάχουν
746 2197 790 2238 δὲ
818 2194 911 2237 τότε
931 2196 1311 2249 Λακεδαιμονίοις]
1347 2197 1410 2235 Ex
1429 2196 1539 2237 Thu-

92 2253 230 2304 cydide
249 2253 297 2291 11.
321 2255 362 2294 9.
354 2281 378 2301 .‚
407 2266 520 2304 quem
539 2255 641 2293 vide.
672 2254 811 2292 Wnss.

205 2311 309 2350 506.
341 2311 413 2350 31.
461 2309 554 2351 Οἱ
536 2311 600 2350 επὶ
624 2306 826 2366 Θράκην]
866 2308 912 2346 Ιη
932 2307 1105 2346 Addend.
1138 2309 1218 2347 suis
1236 2307 1538 2347 Rhodomannus

92 2363 156 2404 ἐπὶ
189 2361 358 2420 Θράκης
387 2373 608 2416 praeoptat,
643 2375 687 2404 ut
718 2369 760 2404 in
791 2364 1019 2416 Thucydide
1049 2366 1097 2402 ΙΙ.
1119 2367 1160 2405 9.
1203 2373 1242 2402 et
1274 2367 1376 2403 infra
1404 2379 1437 2405 c.
1460 2367 1536 2406 46.

91 2421 206 2458 huius
225 2422 315 2459 libri
338 2421 393 2469 εἷς
410 2421 506 2470 τοὺς
526 2423 588 2462 ἐπι
614 2419 806 2479 Θράκης,
836 2422 934 2459 etL.
952 2421 1037 2459 XV
1060 2423 1133 2462 31.
1164 2436 1232 2460 και
1262 2419 1301 2460 οἳ
1330 2420 1394 2460 ἐπὶ
1399 2418 1537 2490 Θρά-

91 2492 165 2529 κης
197 2481 490 2526 κατοικοῦντες.
537 2464 697 2516 Tamen
711 2479 753 2516 L.
774 2478 865 2516 Xll.
899 2479 969 2517 73.
997 2475 1230 2528 ἐξέπεμψαν
1261 2476 1316 2523 εις
1341 2474 1440 2524 τοὺς
1469 2477 1537 2516 ἐπὶ

93 2503 266 2601 Θράκην
292 2529 467 2583 τόπους,
499 2535 565 2572 sed
594 2537 730 2573 melius
757 2537 799 2572 in
819 2533 1014 2582 Aristoph
1046 2532 1134 2571 Pac.
1165 2547 1204 2572 v.
1229 2534 1336 2574 282.
1367 2532 1408 2580 ἐς
1435 2531 1537 2572 τάπὶ

94 2576 264 2645 Θράκης
293 2589 438 2665 ζωρία.
491 2591 649 2629 Aristid.
679 2590 727 2631 T.
759 2590 788 2628 1
818 2603 855 2641 p.
888 2591 993 2630 365.
1030 2585 1084 2629 τὰ
1113 2589 1178 2629 ἐπὶ
1216 2586 1386 2646 Θράκης
1417 2585 1534 2640 ἔχειν.

90 2646 225 2684 wass.

206 2702 310 2741 506.
339 2701 412 2740 33.
449 2701 535 2741 Καὶ
551 2701 828 2755 Κερκυραῖοι]
863 2701 907 2740 ln
926 2703 1149 2739 recensione
1171 2700 1387 2738 Atticorum
1409 2700 1537 2737 socio-

89 2770 175 2794 rum
195 2764 283 2793 ante
304 2756 396 2794 haec
418 2759 535 2795 verba
556 2756 598 2796 αἶ
628 2757 669 2796 δ”
697 2757 817 2796 ἄλλαι
839 2761 991 2805 πᾶσαι,
1021 2758 1151 2794 deesse
1173 2758 1340 2794 arbitror
1362 2758 1536 2806 protasin

89 2813 257 2864 periodi,
286 2824 360 2861 qua
380 2821 653 2852 recenseantur
671 2816 753 2861 illi,
781 2816 846 2863 qui
867 2827 986 2852 naves
1004 2816 1189 2851 miserint.
1220 2812 1356 2849 Rnon.
1404 2812 1536 2850 Adsti-

1151 2870 1210 2908 38
1235 2870 1254 2890 *
