1828 3253
264 179 359 220 780
721 175 1238 217 ANNOTATIONES

375 288 481 330 705.
516 290 588 329 76.
621 283 672 328 ‘O
699 286 774 339 μὲν
805 281 879 328 οὖν
906 285 1086 340 πόλεμος
1109 310 1157 318 —-
1186 287 1443 344 Βοιωτικός]
1477 291 1588 330 Nihil
1618 291 1708 330 hinc

262 346 435 383 demuto:
462 351 521 381 est
539 357 686 394 quoque
700 348 740 382 in
755 352 982 394 argumento
1000 345 1113 382 huius
1129 349 1275 394 capitis,
1299 347 1388 383 libri
1400 350 1587 398 principio
1598 362 1708 397 prae-

261 404 417 451 scripto.
454 400 512 437 De
535 400 725 438 Pausania
751 414 842 450 rege
875 408 913 437 et
945 402 1110 438 induciis
1130 401 1310 451 Xenoph.
1332 402 1525 441 Plutarch.
1548 414 1584 441 et
1606 406 1706 442 Pau-

261 472 343 495 san.
358 459 469 494 dictis
483 459 587 493 locis.
615 456 708 493 Mox
729 453 934 508 ἀπήγαγεν
946 456 1001 503 εἷς
1011 453 1642 509 ΠελοπόννησονΙὶὴοιίοιιιειηηυς
1665 464 1706 497 in

260 521 343 552 not.
375 513 556 549 Auctario
578 515 759 563 corrigit,
788 513 887 560 quod
910 520 1013 549 certe
1034 517 1073 550 in
1095 515 1355 563 frequentiore
1376 528 1469 553 usu:
1503 529 1574 553 nec
1594 518 1707 553 abso-

260 582 354 607 num
385 577 513 606 tamen
542 570 653 617 plane
682 570 880 618 vulgatum
911 582 1015 616 esse,
1055 568 1216 607 Homeri
1244 567 1377 621 ἀπέβη
1407 569 1512 624 πρὸς
1538 570 1704 626 μακρὸν

252 622 472 677 ἰ’Όλυμπον
504 624 646 675 Odyss.
675 624 723 671 O,
744 625 819 663 43
844 631 1133 662 conmonstrare
1154 632 1292 674 potest.
1319 627 1451 664 WVESS.

375 682 480 721 705.
512 683 584 721 81.
622 678 888 731 Κατέστησεν
908 675 1152 732 Ἱερώνυμον
1175 681 1243 720 καὶ
1262 678 1528 734 Νικόδημον]
1560 683 1708 722 Neuter

258 738 302 775 in
321 740 550 785 scriptorum
577 737 796 773 celebritate
817 743 1014 774 vtersatur
1046 737 1153 786 prior
1175 745 1314 785 tamen,
1344 741 1386 776 ni
1404 741 1506 777 fallit
1528 739 1707 778 Palmerii

259 795 450 842 suspicio,
496 794 544 829 ab
578 807 621 830 eo
646 793 822 830 diversus
843 806 922 829 non
954 800 1031 839 est,
1064 805 1175 841 quem
1198 793 1473 843 Aristophanes
1491 795 1703 835 Ecclesiaz.

257 862 297 888 v.
319 852 425 890 201.
449 852 585 899 tangit.
612 847 788 885 Ceterum
812 856 946 885 auctor
970 849 1143 885 ordinem
1159 851 1216 885 rei
1236 857 1366 900 gestae
1388 854 1563 902 negligit.
1586 852 1705 889 Nam-

258 918 332 954 que
354 912 427 943 iter
447 906 541 941 illud
562 904 730 942 Cononis
754 905 803 941 ad
822 918 951 956 regem
973 907 1079 954 prius
1100 912 1158 941 est
1178 904 1448 955 Tissaphernis
1468 920 1582 953 nece,
1623 922 1704 944 mo-

257 964 435 1011 tibusque
458 963 498 997 in
522 961 685 998 Graecia
708 963 885 997 excitatis
905 967 943 997 et
962 968 1082 998 morte
1104 961 1307 1010 Lysandri.
1356 964 1462 1006 Quae
1485 976 1532 999 ex
1553 963 1703 1012 Nepote

257 1017 374 1055 Corn.
404 1017 551 1054 Conon.
583 1031 614 1054 c.
638 1018 678 1056 3.
711 1024 747 1053 et
770 1017 936 1056 Pausan.
958 1017 1002 1055 L.
1024 1017 1091 1053 ΙΙΙ.
1114 1018 1154 1056 9.
1176 1029 1210 1065 p.
1233 1019 1338 1057 227.
1370 1019 1545 1055 omnibus
1574 1027 1706 1067 aperta

256 1082 369 1123 atque
389 1075 587 1121 explorata
607 1080 710 1110 sunt.
741 1073 876 1111 Wssss.
906 1072 1185 1123 Hieronymum
1208 1075 1314 1111 illum
1329 1075 1447 1111 fuisse
1470 1082 1575 1122 puto,
1593 1087 1706 1124 quem

255 1144 305 1167 ex
328 1132 445 1180 Lysia
466 1137 503 1165 et
522 1129 674 1178 Ephoro
697 1126 928 1180 στρατηγὸν
950 1130 1082 1174 fuisse,
1111 1133 1314 1175 annotavit
1334 1129 1598 1180 HarpocratiO.
1630 1132 1705 1168 Ni·-

254 1187 454 1224 codemum
475 1184 637 1222 Diodori
658 1186 819 1221 eundem
849 1198 931 1221 esse
953 1198 1038 1222 eum
1059 1185 1319 1234 Nicophemo,
1349 1185 1516 1224 Cononis
1538 1188 1706 1225 familia-

252 1245 411 1281 rissimo
439 1249 476 1278 et
505 1242 730 1278 fidelissimo
759 1241 945 1278 bellorum
967 1244 1095 1288 socio,
1121 1249 1236 1291 puto,
1265 1243 1309 1278 de
1333 1254 1408 1290 quo
1427 1245 1547 1280 multa
1567 1244 1704 1293 Lysias

253 1313 369 1347 super
399 1297 667 1347 Aristophanis
692 1298 800 1335 bonis
829 1309 866 1347 p.
888 1299 994 1338 621.
1013 1299 1120 1338 636.
1166 1297 1423 1335 SCHNEmER.
1453 1299 1501 1336 ad
1522 1299 1705 1350 Xenoph.

253 1353 536 1395 Hist.G1-.1V.
562 1357 599 1394 8.
627 1357 666 1393 8.

369 1412 472 1451 705.
497 1411 569 1450 85.
603 1407 714 1448 Ἐκεῖ
737 1405 780 1447 δ’
818 1404 998 1460 ἕντυχιυν
1026 1424 1084 1448 τω
1117 1408 1309 1462 βασιλεῖ]
1336 1411 1410 1450 Per
1431 1412 1564 1449 literas
1589 1419 1702 1462 atque

250 1468 527 1505 internuntios.
567 1466 653 1502 Vid.
682 1463 819 1514 Nepot.
842 1464 989 1502 Conon.
1021 1479 1054 1505 c.
1082 1467 1138 1513 3.
1171 1469 1248 1504 viri
1278 1467 1522 1514 prudentiam
1550 1472 1703 1519 egregie

251 1529 483 1576 signantem,
510 1529 547 1558 et
566 1522 700 1558 lustin.
724 1522 765 1558 L.
788 1521 852 1559 VI.
877 1523 917 1561 3.
953 1521 1087 1558 VVESS.

367 1581 471 1619 705
493 1579 568 1618 93.
600 1574 749 1616 Κονων
772 1576 847 1627 μὲν
869 1592 942 1616 ουν
968 1573 1247 1627 Φαρνάβαζον
1271 1572 1462 1627 ἑλόμενος
1480 1586 1549 1616 etc.
1565 1577 1582 1631 ]
1616 1579 1701 1618 Rex

250 1638 475 1686 permiserat
508 1633 679 1680 cononi,
721 1645 831 1682 quem
861 1635 980 1671 vellet
1009 1635 1151 1684 eligere
1183 1634 1231 1670 ad
1262 1634 1557 1681 dispensandam
1588 1648 1704 1684 pecu-

249 1695 378 1730 niam:
408 1692 446 1728 id
466 1693 530 1728 ille
551 1690 763 1727 arbitrium
783 1692 951 1739 negavit
969 1692 1033 1727 sui
1053 1702 1135 1727 esse
1157 1691 1335 1737 consilii,
1365 1693 1436 1729 sed
1454 1693 1599 1742 ipsius,
1630 1695 1701 1743 qui

251 1751 395 1800 optime
427 1759 516 1785 suos
544 1759 656 1784 nosse
684 1746 868 1784 deberet:
899 1748 970 1784 sed
987 1759 1027 1783 se
1056 1748 1249 1793 suadere,
1280 1746 1546 1786 Pharnabazo
1567 1750 1610 1787 id
1633 1763 1704 1787 ne-

249 1808 356 1855 gotia
374 1806 503 1842 daret.
545 1803 612 1840 Sic
634 1801 748 1840 Corn.
771 1802 899 1851 Nepos
921 1801 1016 1839 Con.
1036 1816 1067 1839 c.
1090 1804 1135 1842 4.
1176 1803 1310 1840 WEss.

366 1862 469 1901 705.
504 1861 579 1900 98.
618 1855 888 1911 Διοφαντος]
931 1857 1193 1908 Diophantum
1228 1861 1286 1898 τῶ
1320 1853 1479 1914 υστὲρω
1516 1856 1592 1900 ἔτει
1627 1876 1702 1913 της

250 1915 371 1967 ἕκτης
398 1917 465 1955 καὶ
500 1914 749 1966 ἕννηκοστης
775 1911 1054 1964 Ὀλυμπιάδος
1076 1914 1237 1952 Athenis
1257 1922 1434 1963 praetura
1458 1918 1702 1964 perfunctum

249 1975 385 2011 scribit
407 1973 618 2009 Pausanias
641 1971 684 2009 L
707 1970 809 2007 Vlll.
832 1971 906 2009 45.
930 1984 964 2019 p
988 1972 1116 2010 693.
1107 1999 1116 2018 ,
1138 1983 1249 2020 quem
1268 1972 1419 2020 quidem
1438 1971 1702 2022 Diophantum

249 2043 336 2067 cum
360 2029 520 2066 eundem
542 2029 618 2065 viri
639 2027 850 2063 doctissimi
872 2027 1129 2074 arbitrantur,
1165 2028 1233 2064 sub
1261 2030 1369 2064 cuius
1395 2032 1620 2079 magistratu
1649 2027 1697 2068 τὸ

249 2083 455 2136 θεωρικὸν
480 2083 717 2134 Hesychius,
750 2082 945 2120 Zenobius
966 2090 1003 2119 et
1023 2082 1164 2120 suidas
1187 2082 1366 2119 drachma
1386 2084 1601 2122 absolutum
1620 2099 1701 2121 me·-

247 2151 421 2188 morant,
453 2154 531 2177 non
562 2139 657 2176 mibi
685 2139 894 2176 attendisse
920 2139 1103 2176 videntur
1131 2139 1179 2175 ad
1209 2141 1377 2176 civitatis
1406 2140 1699 2178 afssietissimam

250 2199 521 2235 conditionem.
556 2196 658 2233 Urbs
681 2198 822 2232 eratin
842 2208 883 2232 re
903 2198 1031 2242 tenui,
1064 2192 1248 2246 ἀσθενὴς
1275 2194 1341 2233 καὶ
1372 2193 1567 2246 οὐδε-μίαν
1597 2200 1699 2236 ναῦν

249 2253 488 2305 munnam),
518 2259 560 2289 ut
583 2251 861 2289 Demosthenes
884 2251 950 2288 Or.
971 2254 1013 2288 in
1033 2251 1182 2301 Leptin.
1209 2264 1246 2300 p.
1269 2252 1375 2291 291.
1395 2255 1461 2289 ait.
1499 2252 1549 2289 Et
1568 2254 1700 2290 crede-

247 2324 334 2349 mus
357 2317 504 2347 tantum
525 2311 707 2358 pecuniae
739 2310 779 2345 in
799 2308 910 2345 ludos
932 2310 1121 2344 insumere
1147 2306 1345 2345 voluisse?
1384 2308 1563 2346 Arbitror
1584 2312 1700 2347 istum

245 2366 509 2416 Diophantum
530 2367 660 2412 alium,
690 2371 802 2412 atque
826 2363 897 2401 hoc
917 2365 1048 2401 multis
1066 2364 1179 2401 annis
1201 2366 1367 2413 priorem
1384 2365 1517 2402 fuisse.
1561 2365 1639 2403 Sed
1658 2366 1700 2403 id

250 2437 355 2462 nunc
378 2436 455 2460 non
476 2424 637 2472 agimus.
670 2421 805 2458 WEss.

365 2480 535 2519 706-1.
576 2472 757 2528 Μάρκος
791 2471 999 2543 Φρούριος
1023 2497 1071 2504 -
1094 2472 1305 2522 Κλαύδιος
1333 2472 1478 2528 Ov'ycov
1507 2491 1574 2516 και
1596 2472 1700 2517 Md-

247 2550 335 2587 ριος
343 2531 535 2585 Ἄππιος]
566 2532 628 2569 Ex
656 2533 768 2570 Livio
788 2535 872 2583 lege
895 2528 1074 2583 ,Μάρκος
1101 2528 1280 2584 Φούριος
1305 2554 1352 2560 -
1381 2533 1443 2572 711
1475 2531 1700 2582 Οὐαλέριος

244 2589 446 2641 ΖΙΙάξιμος
476 2588 543 2629 καὶ
566 2587 629 2627 Λ.
655 2584 836 2640 Φουριος
865 2588 1164 2635 Μεὸουλλῖνος.
1209 2588 1253 2624 ln
1282 2589 1502 2626 nominibus
1533 2592 1698 2639 propriis

246 2646 435 2685 Romanis
456 2645 629 2695 praefero
654 2643 701 2681 T.
723 2644 876 2683 Livium
895 2642 1121 2681 Romanum.
1153 2643 1235 2680 ΡΑ]
1240 2654 1292 2681 Μ.

363 2705 468 2743 706.
490 2705 534 2742 2.
573 2697 785 2747 Κλαύδιος
818 2697 893 2752 Οἴη
880 2714 962 2739 νων
990 2708 1062 2739 etc.
1077 2701 1093 2750 ]
1133 2700 1208 2737 Pro
1229 2701 1290 2737 his
1311 2701 1481 2748 duobus,
1508 2702 1607 2739 vitio
1631 2701 1700 2738 ad-

247 2762 427 2826 scriptis,
468 2765 702 2796 revocentur
732 2769 781 2793 ex
809 2758 922 2794 Livio
954 2752 1135 2809 ΖΙἸάρκος
1168 2755 1392 2811 Οὐαλέριος
1421 2756 1489 2796 καὶ
1515 2752 1699 2803 Λευκιος

248 2812 458 2870 Φούριος,
499 2827 596 2865 quos
628 2817 744 2852 etiam
769 2812 878 2851 Fasti
908 2810 1139 2852 Consulares
1170 2813 1300 2851 edunt.
1344 2812 1478 2851 Rflou.
1513 2813 1602 2851 Non
1622 2814 1700 2850 alia
