1828 3253
298 165 391 206 732
761 159 1285 199 ANNOTATIONES

292 276 337 315 L.
357 274 447 314 XII.
469 271 506 325 p.
521 275 627 316 686.
648 272 690 311 Β.
721 270 819 321 τοὺς
837 271 997 324 τείχους
1015 271 1186 322 πιστοὺς
1205 276 1324 325 leges,
1349 287 1434 312 cum
1453 273 1616 326 τοίχους
1637 288 1748 324 opor-

296 340 407 372 teret.
438 330 515 368 Sed
536 331 606 367 hoc
627 333 829 381 occupavit
849 331 1095 368 doctissimus
1115 331 1242 370 vanni
1262 331 1393 369 critic.
1416 338 1549 370 auctor
1569 346 1606 382 p.
1628 333 1748 379 619..-

295 402 408 440 quem
430 388 532 425 vide.
560 387 697 425 WVESS.

407 444 514 485 654.
546 446 622 484 21.
670 440 932 495 Ἐξαίνετος]
981 439 1224 490 Ξεναίνετος
1253 443 1393 493 Lysiae
1421 443 1487 480 Or.
1509 442 1617 484 XVI.
1646 446 1683 484 l.
1712 450 1750 481 et

296 501 413 552 Diog.
436 501 560 538 Laert.
583 500 631 538 ΙΙ.
651 501 736 546 55.⁷
769 500 834 548 qui
854 507 1132 549 peropportune
1153 500 1224 537 hoc
1245 500 1437 538 Archonte
1453 500 1750 548 Xenophontem

296 572 375 596 una
396 571 480 594 cum
514 555 615 607 Cyro
635 559 676 593 in
709 556 906 593 Persidem
934 563 1067 593 contra
1088 556 1340 594 Artaxerxem
1368 564 1590 606 properasse
1612 557 1752 606 prodit.

295 614 412 652 Forte
433 627 566 650 verum
588 613 627 650 id
657 612 805 650 homini
825 625 977 650 nomen.
1016 613 1113 651 vide
1133 613 1186 650 Io.
1207 613 1416 651 Meursium
1439 613 1544 650 Lect.
1566 614 1681 650 Attio.
1705 612 1748 649 L.

296 671 343 712 V.
367 672 442 712 27.
468 670 608 709 WESS.

411 728 517 767 654.
537 727 612 766 24.
643 723 727 764 Καὶ
745 720 912 771 Ἰούνιος
932 720 1228 777 Λούκουλλος]
1259 725 1335 763 Pro
1349 720 1752 772 ’ῙούιίοςΛούκουλ-

297 785 370 829 λος
397 791 601 820 revocetur
622 794 669 818 ex
697 781 823 818 Fastis
851 778 1271 836 vaZi'og-Isopmssltog.
1303 782 1437 819 Ruon.
1477 782 1661 830 Suspicor
1681 795 1751 818 an-

298 909 379 933 sam
405 895 522 933 Coisl.
550 902 588 932 et
620 893 715 945 Reg.
750 897 788 935 l.
821 895 1033 944 praebitam
1063 908 1107 931 ea
1139 895 1395 931 transiliendi.
1449 894 1562 931 Haud
1591 895 1751 944 proinde

295 955 442 991 iniusta
467 965 597 989 eorum
621 954 774 999 opinio,
802 953 869 1000 qui
888 951 1027 989 mendo
1051 951 1175 988 obsita
1197 959 1310 1000 atque
1333 964 1381 988 ex
1400 950 1511 988 Livio
1534 950 1574 988 L.
1598 950 1748 991 [wel.

296 1009 536 1046 emendanda
557 1008 807 1046 arbitrantur.
829 1006 995 1045 Consule
1009 1007 1189 1059 Pighium
1210 1009 1251 1045 in
1262 1007 1387 1045 Fastis
1401 1007 1448 1044 ad
1464 1021 1553 1045 ann.
1566 1018 1751 1047 cccxmx.

293 1065 431 1103 WEss.

410 1122 516 1161 655.
545 1121 619 1160 40.
651 1116 796 1171 Σάμον
825 1116 1156 1171 ὀνομαζόμενον]
1187 1120 1340 1158 Mallem
1361 1115 1543 1170 Σάμιον,
1573 1120 1754 1168 quemad-

295 1177 451 1215 modum
472 1178 571 1226 apud
603 1176 901 1226 Xenophontem
932 1179 1120 1227 principio
1142 1176 1183 1214 L.
1204 1177 1250 1214 ll.
1271 1176 1359 1213 Rer.
1394 1177 1531 1216 Graec.
1564 1178 1669 1220 Quae
1688 1183 1752 1213 ta·-

295 1247 384 1271 men
416 1234 480 1271 hic
512 1242 625 1282 atque
656 1235 737 1270 illic
760 1233 891 1271 Samio
923 1235 1169 1280 tribuuntur,
1209 1248 1253 1271 ea
1286 1233 1530 1285 Pythagorae
1557 1233 1752 1270 navarcho

296 1291 567 1328 adiudicantur
588 1292 627 1327 in
659 1289 954 1340 Xenophontis,
985 1291 1018 1326 si
1043 1298 1169 1327 tamen
1202 1293 1235 1327 is
1269 1291 1357 1327 libri
1388 1297 1544 1336 auctor,
1574 1290 1619 1326 de
1651 1289 1751 1339 Exp.

298 1346 387 1397 Cyr.
408 1347 491 1386 L.1.
514 1360 550 1396 p.
577 1348 680 1386 199.
700 1347 833 1385 Wl-tss.
861 1347 998 1394 „Male
1017 1348 1172 1385 dubitat
1195 1347 1458 1396 lVesseling.“
1484 1346 1750 1384 VALCKENAR.

297 1402 371 1442 Ms.
394 1404 440 1440 ad
462 1403 642 1451 Xenoph.
673 1403 793 1440 Anab.

413 1461 520 1500 655.
557 1461 631 1500 48·
683 1460 936 1506 ΙῙολυτελῶς
964 1456 1282 1511 ἐξηρτισμένας]
1323 1457 1452 1495 Fauor
1482 1465 1548 1495 aut
1580 1457 1751 1510 ἐξηρτυ-

295 1514 424 1569 μένας
444 1518 620 1564 scripsit,
649 1528 830 1564 quorsum
861 1529 932 1552 nos
953 1515 1060 1553 ducit
1088 1515 1181 1554 Cod.
1205 1514 1300 1566 Reg.
1324 1517 1361 1554 l.
1391 1517 1580 1564 scriptura
1593 1522 1637 1551 et
1661 1529 1751 1564 per-

295 1580 410 1624 petua
438 1573 639 1620 scriptoris
665 1574 788 1609 nostri
819 1573 1069 1612 consuetudo.
1119 1572 1266 1609 Vitium
1301 1574 1448 1620 peperit
1475 1571 1752 1609 vocabulorum

297 1629 533 1675 similitudo,
564 1642 659 1679 quae
689 1640 838 1677 quoque
862 1629 1009 1675 effecit,
1040 1635 1082 1666 ut
1105 1626 1391 1679 ἐξηρτισμένος
1421 1635 1458 1664 et
1481 1626 1752 1679 ἐξηρτυμένος

297 1687 621 1737 permiscerentur
641 1687 681 1721 in
702 1687 823 1722 altera
846 1685 887 1722 S.
909 1685 1033 1723 Paulli
1055 1686 1103 1723 ad
1125 1683 1295 1721 Timoth.
1319 1698 1351 1723 c.
1377 1684 1440 1722 ΙΙΙ.
1459 1686 1525 1724 17.
1558 1685 1692 1723 Wrss.

411 1743 517 1782 655.
541 1742 613 1780 55.
644 1739 804 1792 Tulich]
833 1742 918 1779 Vid.
941 1743 1042 1779 infra
1062 1756 1096 1782 c.
1112 1743 1185 1781 35.
1213 1741 1314 1777 Idem
1337 1748 1407 1787 est,
1423 1755 1468 1778 ac
1486 1742 1620 1779 classis
1641 1754 1750 1790 prae-

297 1799 445 1841 fectus.
473 1810 548 1846 quo
571 1798 616 1834 de
637 1799 770 1836 modo:
799 1811 886 1835 nam
906 1805 943 1835 et
967 1799 999 1835 is
1022 1799 1134 1835 domo
1159 1797 1397 1848 Aegy-litim,
1430 1805 1468 1834 et
1487 1798 1586 1846 apud
1607 1797 1752 1848 Cyrum

296 1858 515 1906 gratiosus,
545 1861 642 1891 teste
669 1854 930 1903 Xenophonte
950 1852 1106 1905 'Avaffi
1128 1855 1169 1891 L.
1192 1855 1218 1891 l.
1241 1867 1273 1902 p.
1303 1855 1404 1894 199.
1433 1853 1492 1891 De
1512 1861 1606 1891 tono
1627 1857 1754 1891 nomi-

296 1914 359 1949 nis
382 1910 440 1948 Cl.
461 1909 608 1948 Duker.
630 1911 670 1947 in
691 1909 910 1962 Thucydid.
933 1911 975 1948 L.
995 1911 1095 1948 Vlll.
1122 1913 1194 1952 87.
1225 1911 1359 1948 WVESS.

415 1968 520 2008 655.
552 1970 626 2007 67.
670 1964 759 2013 Τὰς
782 1966 859 2018 μὲν
888 1964 994 2006 κατὰ
1016 1965 1165 2007 λεπτὸν
1192 1962 1437 2020 ἡγεμονίας]
1478 1967 1615 2004 Notari
1635 1967 1752 2013 iubet,

296 2023 400 2061 haud
431 2028 511 2061 scio
541 2036 591 2060 an
622 2024 669 2059 de
707 2025 845 2060 menda
876 2025 1071 2074 quidpiam
1104 2027 1307 2073 opinatuS‚
1344 2026 1384 2061 in
1419 2022 1590 2059 Addend.
1627 2030 1750 2060 notar.

296 2078 601 2117 Rhodomannus
628 2093 757 2117 rarum
778 2081 931 2116 dicendi
953 2094 1087 2131 genus.
1126 2080 1224 2117 Puto
1246 2077 1322 2125 τὰς
1352 2076 1457 2117 κατὰ
1485 2076 1633 2118 λεπτὸν
1662 2074 1754 2130 ’ἤγε-

295 2136 445 2188 μονιάς
464 2136 615 2173 easdem
635 2149 717 2173 esse
735 2150 783 2173 ac
799 2138 1058 2185 praefecturas
1076 2143 1327 2182 catervarum,
1355 2138 1437 2173 sive
1459 2138 1623 2184 partium
1643 2146 1754 2171 exer-

298 2195 397 2230 eitus
418 2195 656 2243 exiguarum.
684 2192 782 2230 Nam
804 2190 1050 2244 λεπτυσμός,
1080 2195 1189 2230 cuius
1212 2194 1253 2228 in
1272 2194 1352 2229 acie
1373 2192 1633 2229 contrahenda
1651 2191 1752 2241 apud

297 2249 502 2286 Aelianum
524 2248 670 2286 Tactic.
694 2263 725 2286 c.
745 2251 820 2290 49.
854 2263 945 2286 usus
976 2257 1055 2296 est,
1085 2249 1158 2286 huc
1189 2262 1267 2285 non
1288 2251 1467 2297 pertinet.
1518 2248 1753 2285 Graecorum

297 2313 425 2342 autem
456 2306 571 2343 duces
598 2313 785 2343 memorat
816 2313 854 2343 et
889 2305 1068 2358 Xenoph.
1099 2306 1200 2354 Exp.
1229 2304 1318 2356 Cyr.
1349 2305 1391 2342 Ι..
1422 2304 1451 2342 Ι.
1480 2319 1518 2356 p.
1545 2306 1646 2345 192.
1670 2316 1750 2353 seq.

295 2360 431 2400 Wssss.

413 2418 521 2458 655.
559 2419 631 2458 78.
683 2415 805 2469 Πρὸς
836 2423 928 2465 ταῖς
957 2417 1160 2466 Κιλικιάις
1190 2413 1368 2470 πύλαις]
1419 2416 1702 2455 Describuntur
1731 2431 1755 2454 a.

299 2473 560 2525 Xenophonte
589 2473 688 2525 Exp.
720 2473 810 2526 Cyr.
842 2475 886 2514 L.
910 2475 936 2512 Ι.
967 2489 1002 2526 p.
1027 2476 1130 2517 195.
1166 2474 1388 2512 Herodiano
1418 2474 1460 2512 L.
1493 2474 1558 2512 [ll.
1581 2475 1621 2514 3.
1652 2475 1751 2510 aliis.

296 2530 434 2569 Wssss.

413 2588 519 2628 655.
549 2587 621 2626 85.
653 2585 726 2633 Εἷς
747 2585 958 2639 τενὲβιον]
990 2587 1154 2632 Quidam
1176 2587 1358 2625 videntur
1380 2586 1440 2624 hic
1460 2588 1600 2637 legisse
1629 2582 1684 2631 εἷ’ςς
1712 2600 1748 2623 τι

299 2643 461 2690 πεδίον,
489 2645 634 2680 nostris
653 2644 806 2681 diversa
825 2647 927 2681 nacti
947 2646 1199 2692 exemplaria,
1227 2650 1293 2680 aut
1313 2650 1415 2679 certe
1438 2645 1657 2679 coniectura
1677 2643 1748 2677 usi.

300 2699 457 2738 STEPH.
486 2699 562 2736 Pro
582 2698 760 2750 τενέβιον
779 2713 856 2737 non
878 2701 1012 2737 dubito
1032 2703 1124 2749 quin
1145 2700 1348 2750 legendum
1369 2701 1419 2736 sit
1440 2698 1590 2737 πεδίον.
1612 2697 1748 2734 Ruon.

299 2757 467 2794 Notatur
488 2762 671 2793 asterisco
692 2757 784 2794 haec
805 2758 940 2793 ultima
956 2770 1034 2794 vox
1052 2755 1245 2806 τενέβιον·
1270 2759 1350 2793 iure
1372 2756 1554 2804 profecto.
1583 2755 1696 2804 Lege,
1717 2756 1749 2790 si

300 2814 412 2851 nobis
433 2812 558 2850 credis
572 2839 583 2858 ‚
613 2813 762 2852 erudite
785 2815 919 2860 lector,
950 2813 1005 2860 εἷς
1025 2810 1071 2853 τὸ
1093 2811 1244 2852 πεδίον.
1285 2814 1379 2851 Post
1394 2812 1584 2849 montium
1605 2811 1751 2847 scilicet
