1828 3253
293 62 387 101 634
763 59 1272 97 ANNo'rATloNEs

293 187 325 210 c.
352 173 423 213 13.
449 172 627 221 reperies.
667 169 892 222 Thucydidi
912 166 1100 219 semper&
1123 168 1281 224 Πυθὴν
1311 170 1352 208 L.
1374 170 1438 211 Vl.
1465 171 1568 212 104.
1593 171 1672 209 VII.
1695 174 1731 212 1.

292 229 427 267 wssss.

409 284 512 324 546.
549 284 620 323 17.
661 280 1001 334 Προαπὲστειλαν
1031 281 1086 329 εἷς
1118 280 1335 334 Σικελίαν]
1372 282 1428 320 Ita
1455 283 1663 320 refinxerat
1691 285 1732 320 in

290 340 465 377 Addend.
488 347 662 376 notarum
683 353 836 376 suarum
855 337 1169 387 Rhodomannus,
1192 342 1266 386 cui,
1285 342 1463 387 quoniam
1482 343 1645 388 scriptus
1660 338 1733 376 Co-

293 397 368 433 dex
398 397 462 432 saw
454 402 523 442 et,
552 408 631 432 non
653 409 793 446 pugno.
838 384 938 432 Nota
962 397 1106 443 alioqui
1123 398 1447 443 praepositionum
1467 398 1638 446 enallage
1663 403 1733 442 est,

292 465 367 501 qua
387 451 605 502 Thucydid
627 451 710 488 Vll.
736 453 805 491 17.
847 448 1168 496 ἀποστελοῦντες
1200 447 1372 497 ὃπὶίτας
1401 450 1442 489 ἐν
1473 454 1528 516 τῆ
1562 448 1733 491 Σικεῖιίι..

291 509 345 546 Et
378 509 544 545 Pausan
585 514 755 544 extremo
791 503 1029 546 Β.1[1.ὅτε
1062 505 1102 545 ἐν
1127 503 1299 560 Σπάοτῃ
1328 506 1391 545 ἐπὶ
1420 504 1492 546 τὸν
1517 492 1735 560 Ἑρμιόνης

290 560 409 618 ἀπῄει
433 560 579 616 φάμοι.
608 564 694 600 Vid.
711 562 1388 614 diligentissimiSylburgiiPraefat.
1411 577 1447 613 p.
1469 564 1573 603 932.
1600 563 1734 600 WESS.

407 632 513 671 547.
542 633 617 671 27.
651 627 719 677 Ἐξ
745 627 962 682 Ἐγέστης]
1003 629 1155 678 Optime
1178 630 1337 667 schedae
1358 638 1528 668 veteres:
1572 643 1735 678 namque

289 688 462 740 Aeginae
484 689 690 736 inportuna
708 685 770 723 hic
790 688 946 723 mentio.
971 686 1068 723 Vide
1087 686 1200 723 modo
1221 686 1487 736 Thucydidem
1507 687 1549 723 L.
1563 687 1628 724 Vl.
1642 689 1734 733 98.‚

291 748 358 794 qui
377 757 574 781 numerum
593 744 761 792 equitum
787 753 876 781 mel.
894 743 1115 792 ampliorem
1134 743 1252 779 fuisse
1274 751 1400 793 negat.
1448 745 1574 787 Quare
1593 743 1736 780 Noster

289 808 357 839 aut
384 800 590 838 Philistum
626 806 693 836 aut
721 797 924 836 Timaeum
961 805 1028 835 aut
1055 800 1173 836 alium
1202 798 1277 836 sibi
1309 800 1444 836 ducem
1467 802 1510 837 in
1538 799 1598 837 his
1629 801 1735 850 legit.

288 858 425 896 WEss.

405 925 509 963 547.
542 923 616 962 37.
662 919 748 960 Και
781 919 859 973 τὴν
887 917 1146 972 καλουμέιην
1172 920 1409 974 Πολῖχνην]
1459 921 1555 959 Erat
1583 928 1738 971 propter

289 980 511 1031 Olympium
540 991 661 1028 parva
688 977 783 1014 haee
814 978 915 1014 urbs.
961 973 1019 1015 ‘H
1044 975 1086 1016 ἐν
1117 992 1176 1031 τῳ
1208 975 1279 1017 ²0)
1271 975 1471 1047 τ’μπιειῳ
1485 977 1656 1030 πολίχνη
1694 981 1737 1015 in

289 1036 470 1087 Thucyd.
491 1035 575 1072 Vll
597 1035 637 1074 5.
676 1032 871 1070 Diodorus
895 1034 936 1070 L.
957 1033 1062 1070 XlV.
1089 1035 1161 1072 72.
1196 1030 1397 1087 ᾳρούριον
1426 1049 1502 1086 την
1532 1031 1736 1086 καλουμέ-

289 1109 366 1144 την
394 1091 594 1142 πολίχναν
622 1096 750 1129 vocat
793 1088 906 1128 Conf.
934 1088 1003 1129 Ph.
1032 1088 1255 1128 Cluverium
1284 1089 1392 1128 Sicil.
1423 1090 1554 1140 Antiq.
1583 1090 1626 1128 L.
1646 1090 1675 1128 Ι.
1699 1102 1734 1139 p.

296 1151 401 1191 179.
430 1148 479 1186 W
485 1158 566 1184 Ess.

407 1217 512 1256 547.
539 1216 611 1255 53.
637 1207 891 1265 Λάμαχοςὸ
916 1214 1001 1252 τῶν
1017 1209 1255 1265 Ἀθηναίων
1279 1235 1325 1240 -
1351 1209 1607 1266 ἐτελεύτησε]
1648 1213 1736 1251 Stat

289 1287 312 1312 a
330 1273 467 1311 Nostri
488 1271 659 1320 partibus
681 1270 852 1307 lustinus
873 1268 915 1306 L.
938 1268 1004 1308 IV.
1024 1270 1081 1316 4.,
1106 1283 1183 1306 non
1207 1272 1296 1306 item
1319 1269 1581 1319 Thucydides,
1600 1270 1735 1307 Lama-

290 1331 403 1368 chum
422 1329 465 1367 L.
487 1328 551 1365 Vl.
580 1329 682 1368 101.
716 1326 940 1363 occubuisse
968 1326 1141 1362 referens
1171 1333 1259 1362 ante
1281 1325 1440 1376 Gylippi
1459 1329 1499 1363 in
1522 1326 1735 1376 Syracusa-

289 1400 379 1424 nam
407 1385 539 1422 urbem
570 1384 801 1428 adventum,
831 1395 855 1418 a.
872 1394 946 1430 quo
968 1381 1068 1418 nihil
1090 1382 1268 1419 dissentit
1289 1381 1386 1419 Plut.
1403 1381 1490 1419 Nic.
1508 1396 1543 1432 p.
1565 1383 1668 1422 534.
1690 1382 1734 1419 F.

290 1443 368 1480 Sed
388 1442 460 1479 hoc
480 1442 555 1477 iam
574 1439 850 1477 animadvertit
868 1438 1114 1474 doctissimus
1132 1438 1322 1474 VVassius.
1365 1438 1506 1475 WVESS.

406 1510 511 1549 547.
544 1509 618 1547 62.
670 1505 755 1545 Καὶ
786 1501 843 1544 δι’
882 1501 981 1556 ὅλης
1013 1506 1087 1556 τῆς
1111 1501 1342 1556 Ἔπιπολῆς
1371 1505 1464 1557 etc.]
1512 1505 1570 1543 Ita
1597 1519 1629 1542 c.
1664 1506 1735 1545 11.

289 1559 563 1632 παρεισπεσόι
568 1577 630 1608 τες
648 1577 688 1600 {a
691 1576 763 1608 τος
780 1562 855 1600 τοῦ
875 1559 1136 1611 τειχίσματος
1154 1563 1229 1612 τῆς
1254 1559 1456 1601 'Ermum
1421 1576 1494 1613 ης.
1527 1562 1633 1599 Alias
1661 1559 1736 1608 τὰς

287 1618 519 1666 Ἐπιπολὰς
538 1633 623 1656 cum
644 1617 895 1668 'Ihucydide,
924 1616 1049 1663 Livio,
1078 1616 1284 1654 Plutarcho
1304 1625 1416 1667 atque
1435 1620 1524 1655 aliis
1545 1619 1735 1668 adpellare

291 1679 483 1717 adsuevit.
523 1676 650 1713 Situm
671 1675 851 1725 designat
871 1672 1174 1724 Thucydid.V1.
1195 1675 1270 1714 96.
1296 1674 1430 1712 WVEss.

407 1745 512 1785 547.
545 1743 619 1784 73.
655 1738 903 1793 Πυθόμενοι
935 1739 980 1780 δὲ
1011 1739 1050 1781 οἱ
1071 1739 1289 1793 Ἀθηναῖοι
1311 1739 1387 1793 τὴν
1407 1738 1638 1794 παρουσίαν
1658 1737 1735 1779 αὐ-

290 1803 399 1847 τῶν]
437 1800 546 1838 Facit
570 1801 798 1848 scriptorum
819 1797 939 1836 Codd.
962 1797 1177 1845 discordia,
1205 1805 1247 1834 ut
1264 1798 1456 1845 dubitem,
1483 1805 1610 1834 utrum
1636 1797 1735 1833 hanc

292 1858 421 1896 sedem
438 1859 539 1894 tueri
561 1855 820 1892 Athenienses
839 1855 1002 1902 possint.
1039 1853 1177 1901 Siculi,
1204 1851 1243 1892 οἶ
1267 1853 1439 1901 Σικελοὶ,
1469 1861 1648 1903 patronos
1666 1853 1734 1890 ha-

291 1916 385 1952 beut
405 1916 570 1962 optimae
588 1911 678 1948 fidei
699 1912 840 1956 libros,
878 1910 1017 1959 quibus
1036 1911 1164 1947 album
1187 1912 1375 1947 calculum
1393 1912 1426 1947 si
1446 1910 1636 1957 adponas,
1672 1909 1733 1946 ‹li-

293 1970 457 2009 cendum
481 1972 579 2015 erit,
605 1967 791 2004 interiora
816 1966 978 2002 Siciliae
998 1968 1212 2003 incolentes
1237 1965 1413 2013 Siculos,
1440 1966 1735 2002 Atheniensium

293 2028 465 2077 partibus
492 2025 710 2069 studentes,
747 2025 789 2059 in
808 2023 1007 2059 collectam
1030 2021 1128 2059 hanc
1151 2036 1174 2059 a
1195 2021 1361 2072 Gylippo
1390 2035 1543 2059 manum
1563 2024 1736 2059 irruisse.

293 2083 345 2120 Et
368 2088 520 2119 constat
546 2080 764 2117 Siculorum
792 2080 919 2127 plures
948 2080 989 2115 in
1009 2078 1077 2115 has
1105 2086 1232 2128 partes
1264 2081 1464 2115 transiisse
1500 2092 1548 2115 ex
1577 2078 1735 2128 Thucy-

295 2139 382 2176 dide
405 2138 444 2175 L.
467 2137 531 2174 vl.
554 2137 675 2182 103„
707 2137 772 2183 qui
795 2135 946 2184 quidem
975 2134 1022 2171 de
1042 2135 1201 2185 Gylippi
1227 2147 1293 2182 per
1314 2133 1509 2182 Siciliam,
1550 2141 1593 2171 ut
1612 2137 1737 2171 socios

295 2197 549 2243 conquireret,
570 2195 707 2230 itinere
729 2190 771 2229 L.
795 2190 935 2230 Vll.7.
953 2198 991 2227 et
1012 2205 1045 2229 c.
1065 2193 1155 2238 2l.,
1175 2191 1241 2227 sed
1261 2190 1359 2228 nihil
1381 2191 1427 2227 ‹le
1450 2191 1569 2230 clade.
1591 2190 1737 2228 Firmat

295 2259 422 2288 tamen
451 2250 707 2297 suspicionem
726 2246 944 2284 Siculorum
973 2249 1054 2284 illis
1083 2247 1259 2293 insidiis,
1285 2260 1379 2296 quas
1399 2249 1474 2284 alio
1494 2254 1684 2296 tempore,
1712 2259 1736 2284 a

295 2308 413 2345 Nicia
430 2308 593 2352 illectos,
621 2303 952 2354 Syracusanorum
973 2306 1088 2341 sociis
1107 2307 1294 2341 struxisse
1314 2304 1482 2353 prodidit
1501 2304 1542 2341 L.
1563 2303 1646 2340 Vll.
1663 2304 1735 2342 32.

295 2364 435 2402 WVEss.

413 2418 515 2458 548.
538 2417 610 2456 79.
646 2411 734 2462 Τας
755 2412 798 2454 δ’
821 2411 1060 2483 ἀπαπηρους
1080 2413 1305 2466 ἐποιοῦντο]
1334 2416 1377 2452 In
1395 2417 1571 2458 omnibus
1592 2415 1737 2451 nostris

299 2475 581 2524 exemplaribus
601 2473 765 2522 legitur,
800 2469 874 2516 τὰς
903 2470 944 2509 ὸ
977 2468 1213 2523 ιιιαπὴοους
1242 2471 1466 2512 ἓποιοῦν-ιτο
1502 2475 1540 2508 in
1563 2472 1738 2508 omnibus

299 2546 390 2582 crgo
411 2530 634 2568 mendosum
655 2528 756 2565 hunc
784 2529 910 2564 locum
940 2542 1022 2565 esse
1051 2528 1160 2574 dic03
1196 2536 1235 2565 at
1255 2532 1484 2580 castigatum
1505 2530 1554 2564 iri
1575 2527 1737 2578 legendo

301 2592 377 2635 ita,
407 2584 481 2633 τὰς
510 2582 734 2651 ἀνἀπειρας
765 2582 991 2624 ἔποεοῦιτο.
1019 2585 1206 2627 Quoniam
1225 2592 1349 2622 autem
1370 2598 1447 2622 non
1466 2584 1606 2634 passim
1625 2584 1739 2619 obvia

303 2651 361 2681 est
382 2655 460 2681 vox
482 2636 706 2692 ἀιάπειρα,
741 2640 902 2688 ideoque
933 2642 1063 2691 paucis
1093 2642 1314 2688 intellecta,
1347 2648 1477 2690 utpote
1501 2642 1543 2676 in
1572 2641 1739 2689 vulgatis

305 2701 460 2739 Lexicis
487 2709 727 2747 nequaquam
755 2703 799 2735 ut
823 2709 891 2748 par
921 2705 980 2736 est
997 2697 1196 2749 exposita:
1225 2699 1330 2735 locos
1357 2698 1547 2749 proferam
1577 2707 1625 2732 ex
1655 2697 1740 2744 qui-
