1828 3253
279 63 372 104 630
743 54 1262 97 ANNOTATIONES

395 172 447 212 54
458 174 497 212 2.
535 172 605 210 19.
646 167 747 222 ’Έτη
784 165 1009 210 ἑπτακόσια
1048 164 1272 221 ἑξήκοντα]
1317 167 1467 207 Desunt
1497 177 1583 208 octo
1617 173 1722 209 anni.

281 230 455 277 Namque
476 242 497 264 a
519 229 618 264 bello
630 225 800 264 Troiano
819 240 941 264 annos
967 225 1013 263 ad
1027 225 1178 276 Olymp.
1193 228 1352 274 primam
1366 234 1538 263 numerat
1552 237 1723 264 ccccvlu

283 287 326 324 L.
352 286 378 322 l.
401 287 438 323 5.
469 284 663 320 Accedant
696 284 838 320 solidae
858 293 911 318 xc
935 282 1209 332 Olympiades,
1244 289 1281 319 et
1307 282 1612 320 rotundabuntur
1632 286 1726 322 anni

285 351 519 382 mcerxrm.
549 339 686 376 Melius
709 340 810 376 infra
831 339 873 377 L.
895 338 1003 376 XlV.
1025 340 1068 378 2.
1102 338 1237 375 WEss.

404 398 507 436 542.
530 398 604 435 26.
643 391 827 434 Aaeivmov
858 392 1053 447 Σίργιον]
1096 393 1293 431 Tribunos
1311 407 1335 430 a
1351 392 1524 431 Diodoro
1543 407 1731 432 memora-

288 462 349 492 tos
376 456 512 502 quinto
541 453 691 488 demum
721 464 821 487 anuo
853 457 961 500 post,
1003 453 1069 499 qui
1091 461 1294 486 cccxxxv.
1314 449 1431 486 Urbis
1451 451 1627 488 conditae
1646 453 1730 488 illie

290 517 372 557 est,
392 509 498 545 Fasti
517 508 645 544 edunt.
693 506 952 544 Transcendit
980 507 1099 557 igitur
1127 509 1292 556 quinque
1316 519 1504 543 annorum
1527 509 1732 557 magistra-

289 574 365 613 ωε,
398 572 436 602 et
457 563 498 600 C.
517 564 727 600 Servilium
751 565 905 599 omittit.
930 561 1067 599 Rnon.
1097 562 1203 599 Fasti
1227 563 1364 611 quibus
1383 569 1517 599 auctor
1534 576 1624 600 usus
1644 564 1733 611 fuit,

294 626 461 672 quinque
482 633 668 657 annorum
688 620 974 669 magistratibus
993 619 1132 655 defecti
1149 619 1319 657 fuerunt.
1347 617 1498 655 Desunt
1516 619 1674 668 proinde
1695 626 1733 656 et

291 693 355 716 res
376 678 594 722 Romanae,
631 676 708 712 illis
739 677 852 712 annis
880 675 1189 712 administratae:
1229 687 1341 723 quem
1368 675 1519 722 quidem
1545 676 1735 713 defectum

292 742 379 786 post
393 734 595 784 Sigonium
617 738 654 767 et
674 731 854 782 Pighium
874 731 970 768 bene
989 729 1288 768 Rhodomannus
1307 731 1589 778 animadvertit,
1605 744 1736 780 quam-

294 804 407 840 quam
431 789 531 838 quod
554 789 599 824 de
620 787 791 825 Servilio
810 788 970 835 addidit,
997 799 1076 824 non
1097 789 1191 824 satis
1212 788 1414 836 perspicio.
1443 786 1588 834 Voluit,
1608 788 1737 835 credo,

295 848 505 884 Servilium
528 857 607 881 non
627 842 694 891 M„
725 844 791 880 sed
811 843 894 881 Caii
914 844 1161 893 praenomine
1180 855 1313 880 usum:
1347 843 1479 879 debuit
1494 850 1609 880 certe.
1646 844 1736 882 vid.

295 904 450 941 Livium
470 901 512 937 L.
533 900 596 937 lv.
617 901 692 939 45.
709 900 845 937 Wnss.
860 899 919 937 De
942 900 1038 937 Gaio
1060 906 1258 936 monuerat
1280 901 1394 935 etiam
1405 899 1566 949 Pighius
1581 913 1617 949 p.
1638 901 1739 939 194.

413 959 516 998 543.
540 959 615 996 28.
636 954 725 994 Ἐπὶ
749 955 794 995 δὲ
811 952 970 996 τούτων
984 954 1201 1007 Ἀθηναῖοι
1220 951 1506 1008 ψηφισάμενοι
1530 955 1618 1006 πα]
1637 955 1741 993 Con-

297 1016 492 1064 pelluntur
511 1013 612 1050 haud
636 1026 756 1062 pauca
776 1015 816 1050 in.
838 1012 940 1050 hunc
958 1026 1124 1059 annum,
1152 1024 1250 1061 quae
1267 1012 1475 1060 superioris
1490 1012 1656 1050 decursu
1676 1026 1742 1049 ac-

297 1072 486 1109 ciderunt.
526 1070 596 1107 lllo
617 1072 720 1107 enim
740 1069 922 1106 Mercurii
943 1075 1090 1106 statuae
1120 1076 1211 1106 sunt
1232 1069 1455 1113 mutilatae,
1484 1067 1681 1118 Hesychia
1701 1071 1743 1106 in

291 1125 585 1179 (Ερμοκοπίὸαι
607 1132 716 1162 teste.
760 1124 905 1162 Eodem
927 1129 1124 1175 ingressos
1141 1124 1394 1161 Athenienses
1414 1122 1657 1162 Siciliensem
1675 1126 1743 1163 fu-

296 1187 373 1222 isse
404 1183 687 1231 expeditionem
715 1189 864 1230 praeter
894 1181 1160 1232 Thucydidem
1190 1180 1235 1217 L.
1264 1179 1329 1217 Vl.
1362 1181 1435 1219 30.
1476 1181 1587 1218 docet
1613 1181 1744 1219 isaeus

301 1241 410 1277 Orat.
433 1240 477 1276 de
498 1239 775 1275 Philoctemon.
801 1237 977 1275 Heredit.
1000 1252 1035 1287 p.
1058 1239 1130 1277 57.
1150 1236 1233 1275 Hoc
1253 1249 1346 1273 vero
1366 1236 1560 1274 Archonte
1578 1237 1744 1275 Chabria

300 1299 471 1346 quaestio
492 1296 538 1331 de
558 1294 864 1342 Hermocopidis,
893 1295 989 1340 sive,
1012 1292 1300 1330 Mercurialium
1321 1299 1532 1330 statuarum
1550 1296 1746 1331 mutilato-

300 1354 407 1390 ribus
428 1352 561 1388 haberi
583 1358 715 1399 coepta
735 1357 818 1397 est,
853 1357 1072 1398 statutaque
1091 1352 1224 1386 mortis
1245 1361 1367 1396 poena
1389 1349 1539 1396 publice
1558 1352 1747 1387 talentum

302 1411 599 1457 proscriptorum
621 1409 787 1454 aliquem
808 1407 1092 1444 coutrucidanti
1116 1406 1312 1442 decretum
1330 1406 1421 1453 fuit,
1455 1405 1685 1444 Philochoro
1704 1408 1748 1444 in

301 1465 433 1502 Schol.
453 1465 499 1501 ad
519 1463 663 1501 Comici
684 1464 788 1500 Aves
806 1477 844 1500 v.
869 1465 976 1502 767.
1000 1466 1323 1500 conmemorante.
1361 1462 1497 1501 WESS.

418 1522 441 1560 5
447 1521 521 1560 13
541 1521 629 1559 40
648 1515 872 1564 ζΕκουσιως
890 1514 1132 1569 προσιόιτες
1148 1522 1235 1563 τοῖς
1256 1531 1439 1570 στρατη)
1442 1523 1524 1565 οἷς,
1557 1513 1752 1557 διεκελεύ-

303 1592 399 1617 οντο
426 1584 496 1613 etc.
509 1574 529 1628 ]
554 1576 785 1623 Exemplum
802 1577 952 1612 illustre
973 1581 1033 1611 est
1052 1577 1093 1611 in
1118 1573 1321 1620 Thessalo,
1346 1587 1457 1624 quem
1476 1581 1583 1624 pater
1603 1574 1751 1623 Hippo-

303 1641 429 1671 crates
457 1633 687 1682 profecturis
711 1632 888 1668 comitem
925 1631 1037 1668 addit
1078 1634 1168 1676 τοῖς
1194 1629 1314 1676 ιὸιοις
1341 1627 1609 1698 δαπανήμασι
1635 1646 1753 1670 κατε-

304 1687 597 1739 σκευασίιιὲἦηοτ7
627 1688 695 1726 καὶ
717 1685 812 1739 ἄτερ
833 1689 1002 1738 μισθῶν
1024 1682 1231 1738 αἷτῆσιος,
1259 1684 1334 1732 ἕως
1357 1683 1407 1725 ἂν
1429 1702 1449 1725 o
1476 1683 1624 1733 στόλος
1646 1685 1753 1727 ἀπο-

304 1746 418 1799 ὁημῇ
467 1748 509 1782 in
539 1744 718 1781 'lhessali
748 1744 796 1781 ad
823 1743 965 1780 Athen
995 1743 1106 1780 Orat
1137 1755 1174 1791 p.
1210 1743 1346 1783 1295.
1392 1742 1486 1780 Mox
1506 1745 1636 1780 mallet
1653 1745 1753 1781 forte

304 1805 404 1840 alius
427 1795 830 1854 κατακληυουχῆσειν
853 1797 1037 1851 ἤλπιζον,
1068 1800 1146 1846 cui,
1175 1796 1294 1835 Codd.
1314 1801 1346 1836 si
1369 1800 1563 1846 faverent,
1588 1801 1754 1837 assenti-

305 1871 406 1896 rem:
450 1870 614 1905 namque
644 1864 682 1893 et
702 1858 804 1894 infra
824 1869 856 1893 c.
875 1858 917 1896 9.
944 1851 1178 1907 βοηθησειν
1206 1859 1295 1900 τοῖς
1323 1869 1544 1907 φευγουσιν
1571 1853 1753 1907 ἤλπιζον.

306 1923 434 1952 tamen
460 1913 504 1950 Ι.
531 1912 717 1953 Χ11.6Ο
747 1910 786 1952 οἳ
815 1909 858 1951 ὃ
878 1910 1126 1979 Ἀκαρνᾶνες
1147 1933 1194 1938 -
1218 1908 1294 1949 οὐκ
1311 1909 1473 1964 ἔφασαν
1493 1909 1755 1952 ἀκολουθεῖν.

305 1972 357 2009 Et
376 1986 408 2008 c.
423 1973 496 2010 61
519 1968 686 2021 ἤλπιζον
705 1966 783 2022 γὰρ
809 1989 857 1996 —-
879 1964 1014 2007 noina
1032 1965 1105 2007 τὸν
1127 1962 1306 2016 πόλεμον
1328 1981 1526 2019 πεοιαγαγ
1528 1972 1587 2006 εἴν
1606 1968 1663 2014 εἰς
1680 1966 1756 2019 τὴν

306 2029 396 2067 ΙΙε)
401 2023 647 2077 οπόινησοι.
695 2024 782 2062 Alia
800 2027 862 2063 vir
882 2025 1152 2061 celeberrimus
1171 2023 1220 2059 ad
1240 2022 1514 2073 Xenophontis
1530 2023 1689 2073 Ephesii
1709 2023 1755 2064 L.

310 2085 358 2122 11.
379 2084 541 2121 Misceu.
563 2082 728 2119 Observ.
748 2082 833 2118 Vol.
855 2080 918 2118 IV.
943 2094 980 2130 p.
1005 2083 1110 2125 286.
1140 2079 1283 2118 VVESS.

426 2139 627 2179 51317
656 2135 777 2176 Am?
803 2134 883 2176 ἀπὸ
902 2139 987 2176 τῶν
1008 2131 1299 2187 προεχόντων]
1325 2135 1542 2173 Praecessit
1571 2132 1648 2186 οὐχ
1675 2130 1755 2175 ὗπό

308 2198 393 2235 τῶι
427 2209 552 2244 τιχοτ
556 2209 662 2240 των
701 2193 803 2241 quod
832 2193 984 2242 quidem
1021 2194 1163 2229 tritius.
1201 2190 1244 2228 S.
1271 2191 1396 2229 Lucas
1423 2192 1577 2243 Evang.
1607 2191 1678 2230 IX.
1713 2194 1754 2232 7.

306 2268 408 2303 ηκοι
414 2265 457 2289 σε
479 2249 523 2288 δὲ
538 2222 731 2300 Hoa'ssqg
756 2271 804 2277 —-
825 2247 876 2288 τὰ
896 2245 1090 2301 γινόμενα
1109 2243 1177 2287 ὗπ
1200 2244 1327 2287 αὐτοῦ
1349 2244 1498 2287 πάντα.
1528 2249 1609 2285 Nec
1620 2249 1760 2285 desunt

311 2316 438 2345 tamen
463 2320 558 2356 quae
580 2308 658 2343 iul
649 2314 779 2355 gatum
801 2307 1013 2352 stabiliant,
1043 2311 1226 2356 congesta
1245 2306 1288 2341 in
1306 2303 1469 2342 Miscell.
1488 2304 1650 2343 observ.
1673 2304 1758 2341 Vol.

314 2364 381 2403 111.
408 2378 441 2412 p.
464 2364 570 2401 127.
600 2362 648 2399 11
655 2373 735 2398 Ess.

432 2421 449 2441 Γ
429 2420 533 2459 313
556 2419 631 2457 19.
674 2419 770 2470 ,May
774 2414 876 2464 άλας
897 2415 1055 2470 ὁωοεας
1076 2415 1250 2467 προθεὶς
1268 2431 1329 2469 τῳ
1346 2411 1608 2469 μηνυσαντι]
1637 2415 1760 2454 Erant

315 2491 365 2515 τα
383 2490 466 2527 μη]
473 2489 574 2527 υτοα
598 2482 752 2511 centum
771 2477 898 2511 minae
919 2475 1018 2523 apud
1034 2473 1268 2510 Andocidem
1290 2458 1336 2509 de
1355 2472 1473 2523 Myst.
1495 2486 1531 2521 p.
1556 2475 1596 2512 6.
1626 2473 1702 2510 VVE
1706 2484 1757 2509 ss.

431 2532 536 2571 513
562 2532 618 2570 5..
593 2533 632 2566 ‘'-
658 2526 906 2583 ιΕωρακείαι
928 2533 977 2583 τῇ
1007 2526 1278 2583 νουμηνία]
1280 2526 1402 2580 ΙἘιης
1430 2544 1498 2567 και
1522 2527 1615 2575 πίας
1634 2526 1762 2580 οὔσης

315 2590 419 2626 Plut.
441 2588 563 2624 Alcib.
585 2600 619 2635 p.
641 2589 747 2627 201.
739 2615 763 2634 .‚
783 2587 884 2635 quod
903 2587 1035 2623 eodem
1054 2586 1167 2622 redit.
1194 2584 1396 2622 Ridiculus
1415 2585 1541 2622 autem
1565 2584 1625 2622 hic
1645 2585 1761 2622 index

316 2645 484 2683 fueritne
504 2643 714 2691 DioclideS.,
745 2657 825 2680 non
845 2650 985 2680 temere
1005 2643 1160 2679 dixero:
1189 2653 1416 2691 quamquam
1435 2643 1501 2678 ille
1521 2641 1568 2678 ad
1589 2647 1761 2677 senatum

319 2702 454 2738 detulit
478 2698 734 2751 πανσέληνον
754 2700 890 2746 fuisse,
916 2711 1033 2748 quum
1052 2697 1215 2735 Hermae
1232 2699 1501 2735 mutilarentur
1522 2699 1563 2735 in
1576 2696 1760 2748 Andqcid.
