1828 3253
313 39 404 79 478
775 32 1295 72 ANNOTATIONES

426 147 532 187 394
558 147 634 185 26.
666 143 870 185 Ιςνωσσὸι
889 143 964 196 μέν
984 143 1026 184 ἓν
1045 149 1132 192 τοῖς
1151 143 1255 197 πρὸς
1275 143 1351 197 τὴν
1366 142 1524 214 ζ’(Ασιαι
1539 153 1609 184 etc.
1622 145 1640 200 ]
1678 147 1757 185 Eu-

316 204 429 242 stath.
451 205 490 240 in
512 201 667 238 Homer.
688 214 721 250 Ρ.
745 203 796 242 31
808 204 849 241 2.
878 207 1004 240 κεῖται
1029 200 1072 240 δὲ
1094 180 1336 253 (szooogl)
1361 199 1527 256 ἀντικρι
1546 205 1633 243 Πελ
1639 219 1759 243 οποι-

314 275 444 312 ’νη-σου
474 254 749 310 προσβοῦὀος.
792 258 902 302 Quod
932 259 1083 294 tametsi
1115 270 1163 294 ex
1185 257 1412 309 Geographo
1443 257 1486 297 L.
1513 258 1565 296 X.
1597 272 1632 309 p.
1655 261 1758 300 730.

317 316 590 364 exscripserit,
620 314 791 350 districte
813 327 945 351 rerum
965 327 1042 351 non
1066 315 1244 352 arbitror.
1290 313 1415 363 Magis
1434 317 1535 351 enim
1565 315 1695 352 Asiam
1715 329 1758 353 ea

316 371 451 409 Cretae
477 383 565 415 ora,
591 382 686 419 quae
720 369 906 406 Cnossum
932 371 1005 406 sibi
1029 370 1222 416 vindicat,
1246 378 1408 418 spectat,
1436 384 1548 420 quam
1568 371 1758 420 Pelopon-

306 442 463 467 ·nesum.
511 426 728 473 Plzaestus,
774 426 819 462 de
848 438 922 475 qua
953 428 1148 475 sequitur,
1174 429 1271 463 mari
1301 439 1378 463 non
1405 427 1635 474 accubabat,
1669 428 1758 465 inde

317 485 451 521 stadiis
481 492 543 518 xx
572 482 760 531 dissepta,
789 489 834 519 ut
863 482 963 519 idem
993 481 1156 529 Strabo,
1187 485 1253 530 qui
1278 490 1315 519 et
1350 496 1372 520 a
1401 482 1532 520 Minoe
1553 484 1759 531 conditam,

317 543 404 578 aliis
425 540 579 576 diversa
600 540 788 586 opinatis,
817 546 947 574 censet
977 550 1011 586 p.
1035 539 1138 577 734.
1174 538 1312 575 VVEss.

432 595 538 635 394.
565 596 640 634 29.
674 591 750 632 Ἐν
770 598 856 639 τοῖς
877 592 980 647 πρὸς
999 589 1174 643 ἑσπέραν
1206 592 1451 644 κεκλιμένοις
1480 590 1646 642 τόποις]
1679 595 1759 635 Κε-

317 650 518 703 κλιμένοις
547 657 704 688 notatur
734 663 756 686 a
776 648 909 698 Steph.
941 657 979 687 et
998 651 1107 687 abest
1129 648 1174 687 R.
1203 649 1243 687 C.
1267 651 1310 687 V.
1342 650 1442 687 unde
1473 651 1648 688 scholion
1677 665 1759 688 esse

317 711 508 757 suspicor:
538 707 639 755 quod
669 713 797 743 tamen
819 719 897 742 non
926 706 1056 752 deleo,
1094 708 1184 754 quia
1214 707 1310 743 alias
1330 709 1384 743 ita
1410 709 1532 744 soleat
1552 707 1759 745 Diodorus.

317 764 406 805 Vid.
436 765 611 812 superius
631 774 711 809 cap.
733 762 809 801 41.
847 761 960 799 huius
980 763 1084 800 libri.
1124 762 1174 798 W
1178 772 1259 799 Ess.

430 820 534 859 391.
558 820 630 858 32.
662 817 746 856 Συι
751 813 919 869 ερχόμεν
923 833 968 856 ον
990 817 1044 863 εἷς
1055 813 1210 873 λόγοις
1231 815 1281 856 αι’*
1286 819 1342 856 τῶ
1359 813 1464 856 κατά
1484 833 1521 857 τι
1544 814 1760 870 σπηλαιον]

317 877 458 915 Plato·
449 889 489 912 m
509 874 639 911 Minoe
661 886 698 921 p.
725 875 830 914 319
859 872 1004 925 ἐφοίτα
1027 889 1099 913 ουν
1128 871 1176 912 δι’
1202 869 1370 912 ἕινάτου
1395 871 1510 920 ἔτους
1531 873 1586 920 εἷς
1613 872 1659 913 τὸ
1685 877 1758 914 τοῦ

316 929 456 977 Διὸς
443 929 491 969 ἀν
496 946 590 982 τρο]
611 925 630 969 ὃ
654 929 825 976 Μίνως,
851 928 903 968 τὰ
922 946 971 980 με
956 929 996 969 ἐν
1015 925 1333 982 ιιαθησόμενος,
1361 927 1411 969 τὰ
1437 929 1480 969 de*
1502 927 1762 982 ἀποδειξόμε-

317 1003 412 1034 νος,
444 985 469 1025 ἃ
500 989 549 1039 τῇ
579 984 761 1042 προτέρα
792 985 1040 1037 ἕιναετηρίὸι
1069 983 1183 1038 παρὰ
1210 988 1284 1025 τοῦ
1316 984 1420 1032 Διὸς
1443 983 1730 1038 (ἐμεμαθήκει.
1742 984 1761 1038 )

319 1044 465 1089 Quibus
493 1043 767 1079 disertissimus
785 1014 1097 1093 philosophorum
1116 1043 1256 1092 optime
1283 1045 1451 1079 omnium
1471 1045 1636 1092 explicat
1659 1057 1761 1080 sum-

318 1102 371 1138 mi
401 1107 532 1148 poetae
563 1099 704 1148 Odyss.
741 1100 800 1145 T,
835 1101 936 1139 178.
974 1097 1058 1137 3vv3
1054 1097 1170 1150 ’ωρον
1206 1096 1344 1149 Διὸς
1343 1113 1388 1136 ἰε
1392 1095 1466 1150 γά)
1471 1114 1518 1138 ου
1549 1095 1760 1152 ὀαριστην.

315 1155 541 1205 Philosophi
552 1156 719 1205 vestigia
733 1156 840 1206 legit,
861 1156 976 1192 sicuti
995 1155 1155 1201 adsolet,
1177 1153 1492 1204 Maxin1.Tyr1us
1503 1154 1760 1192 Dissert.XL.

319 1227 356 1263 p.
380 1213 504 1257 238..
533 1213 619 1248 aliis
639 1212 768 1248 omnia
798 1212 873 1248 alia
895 1212 1058 1258 secutis,
1094 1218 1138 1248 ut
1166 1223 1214 1247 ex
1236 1211 1414 1247 brevibus
1446 1214 1486 1248 in
1515 1225 1600 1248 eum
1627 1219 1761 1260 poetae

317 1271 445 1306 locum
459 1267 614 1304 scholiis
632 1269 778 1304 nemini
798 1280 876 1304 non
895 1274 1066 1317 apertum
1087 1273 1156 1304 est.
1179 1266 1276 1304 Vide
1289 1266 1336 1304 ls
1348 1265 1507 1303 Casaub.
1526 1270 1568 1304 in
1579 1267 1759 1305 strabon.

319 1325 373 1363 X.
395 1337 429 1373 Ρ
453 1325 556 1363 730.
588 1323 721 1360 wass.

432 1381 538 1419 394.
559 1381 632 1420 38.
661 1377 768 1432 Περι
788 1377 837 1431 ἧς
854 1375 907 1418 τὰ
927 1374 1033 1417 κατὰ
1051 1375 1177 1432 μέρος
1196 1385 1268 1418 etc.
1280 1378 1297 1429 ]
1328 1376 1513 1427 Superius
1532 1377 1576 1416 L.
1601 1378 1665 1417 IV.
1690 1381 1761 1421 81.
1762 1420 1766 1424 ,

319 1437 370 1476 W
375 1448 453 1474 Ess.

435 1491 539 1532 394.
565 1491 641 1531 47.
665 1487 868 1544 Ἔρυθρῶ
889 1488 965 1541 μὲν
985 1486 1043 1529 ἒνι
1063 1492 1146 1530 τῶν
1169 1485 1318 1530 ἑαυτοῦ
1339 1487 1523 1540 παίδων]
1556 1490 1764 1541 Erythraei

319 1551 482 1586 maiores
506 1560 595 1584 suos
619 1549 774 1585 venisse
790 1548 966 1584 referunt
992 1544 1067 1586 σὺν
1083 1544 1284 1602 Ἔρυθρῶ
1305 1549 1363 1585 τῶ
1379 1542 1738 1598 Padapcckvavog‘
1720 1563 1762 1587 εκ

319 1601 492 1658 Κρήτης
521 1619 588 1642 και
610 1600 793 1654 οἰκιστὴν
825 1604 876 1656 τῇ
899 1599 1012 1642 πόλει
1040 1602 1234 1655 γενέσθαι
1268 1600 1342 1642 τὸν
1357 1599 1571 1656 Ε’ρυθρόν
1601 1606 1642 1640 ἰιι
1661 1605 1763 1642 Pau-

320 1662 452 1698 saniae
475 1660 516 1697 L.
545 1658 628 1696 Vll.
650 1660 691 1699 3.
721 1672 756 1708 Ρ.
783 1660 900 1706 529.,
930 1658 1023 1697 haee
1043 1659 1207 1697 Diodori
1225 1659 1394 1709 adprime
1422 1659 1629 1696 firmantes.
1668 1660 1761 1697 Mox

319 1716 535 1768 ὀνεομασθ
539 1717 638 1754 ισῶν
660 1729 795 1753 rerum
813 1723 882 1755 est.
915 1716 1122 1766 Adpellant
1153 1718 1324 1764 plerique
1339 1713 1556 1767 Ἐρυθρὰς
1584 1715 1684 1753 hanc
1701 1716 1762 1753 Io-

319 1776 406 1811 niae
436 1773 592 1818 urbem,
630 1767 971 1825 φερεσττιᾳύλους
1000 1769 1215 1826 Ἐρυθρὰς
1249 1771 1518 1809 Archestratus
1545 1774 1586 1809 in
1625 1772 1764 1810 Athen.

320 1829 364 1867 L.
386 1829 452 1866 111.
484 1842 518 1878 p.
546 1830 647 1868 112.
665 1826 708 1863 B.
738 1828 871 1865 WEss.

437 1885 542 1925 394.
565 1885 639 1924 49
680 1883 900 1924 Οἰνοπίωνι
922 1882 966 1923 δὲ
987 1885 1045 1923 τῶ
1068 1905 1116 1912 --
1140 1881 1287 1923 Χίον’
1269 1898 1299 1922 3
1289 1880 1514 1936 Ιχέιρίσοιι]
1543 1881 1691 1921 Chius
1680 1898 1763 1934 1psa

319 1943 368 1980 ab
396 1941 469 1978 hoc
490 1941 690 1978 conditore
719 1937 863 1986 ἔναλος
892 1935 1009 1986 πόὶις
1021 1915 1301 1985 Οἰνοπίωνος
1325 1938 1467 1976 Critiae
1496 1941 1538 1976 in
1560 1939 1762 1990 Epigram-

319 2006 420 2036 mate
443 1998 539 2047 apud
559 1996 696 2033 Athen.
715 1996 744 2033 I.
764 1998 840 2036 22.
876 1996 1007 2033 Genus
1026 1996 1191 2033 hominis
1214 2003 1504 2033 controversum
1524 2003 1591 2032 est.
1620 1996 1762 2035 Bacchi

319 2067 371 2092 ex
391 2054 563 2091 Ariadna
581 2053 624 2090 F.
643 2052 863 2102 perhibetur
885 2066 906 2089 a
927 2051 1086 2089 Theone
1107 2053 1156 2089 ad
1177 2052 1285 2089 Arati
1305 2051 1512 2089 Phaenom.
1534 2066 1568 2089 v.
1591 2053 1696 2092 635.
1723 2061 1762 2090 et

320 2110 474 2147 Criticis
505 2112 545 2146 in
576 2110 753 2157 Apollon.
776 2107 848 2145 Rh.
880 2108 945 2146 ΙΙΙ.
965 2110 1070 2149 996.
1110 2109 1161 2145 At
1182 2116 1329 2157 patrem
1354 2110 1413 2145 illi
1434 2107 1625 2146 Theseum
1653 2109 1761 2146 dedit

320 2166 389 2204 lon
418 2165 556 2211 Chius,
593 2165 639 2201 de
661 2167 785 2214 patria
809 2178 877 2202 sua
903 2178 1044 2202 canens

487 2218 576 2273 Τήν
607 2235 704 2260 ποτε
741 2219 945 2272 Θησείδης
976 2219 1129 2260 ἔκτισεν
1153 2219 1372 2260 Οἰνοπίων.

320 2281 364 2317 in
386 2279 487 2316 Plut.
509 2277 625 2314 Thes.
656 2291 691 2327 p.
709 2278 750 2317 9.
773 2277 818 2313 A.
847 2277 953 2314 Adde
974 2278 1137 2316 Pausan.
1157 2276 1238 2313 VII.
1261 2277 1303 2315 4.
1325 2284 1364 2313 et
1386 2275 1582 2313 Olearium
1603 2275 1651 2313 ad
1668 2274 1761 2314 Phi-

320 2337 472 2373 lostrati
501 2333 656 2370 Heroie.
688 2347 725 2382 Ρ.
749 2335 867 2380 661.,
895 2334 961 2370 sed
984 2336 1097 2384 plura
1128 2345 1326 2381 perperam
1354 2335 1592 2371 miscentem.
1624 2332 1759 2370 W⁷Ess.

437 2391 542 2430 395.
571 2391 643 2430 53.
686 2385 841 2428 Θόαντι
864 2389 939 2438 μὲν
967 2390 1175 2440 Λῆμνον]
1212 2389 1264 2426 Et
1284 2389 1345 2426 hic
1363 2388 1502 2426 Bacchi
1522 2401 1571 2424 ex
1591 2387 1760 2426 Ariadna

322 2447 388 2493 Β,
419 2449 454 2485 si
471 2460 564 2484 vera
590 2453 649 2482 est
667 2446 808 2482 fabula.
844 2445 1059 2496 Hypsipyle
1089 2446 1242 2495 quidem
1269 2453 1371 2482 certe
1389 2444 1525 2482 Ovidii
1543 2444 1666 2493 Epist.
1689 2445 1753 2483 VI.

327 2504 431 2544 114.
479 2502 541 2540 En
572 2515 642 2552 ego
672 2501 806 2539 Minoo
833 2509 932 2539 nata
967 2502 1144 2539 Thoante
1162 2502 1301 2548 feror.
1349 2500 1536 2538 Bacchus
1562 2513 1672 2538 avus.
1704 2522 1752 2528 ——

324 2561 400 2603 Qui
438 2566 648 2609 sequuntur
684 2557 841 2608 Egyeus
880 2561 963 2595 sive
988 2558 1104 2609 Engy
1107 2571 1172 2594 eus
1215 2565 1252 2594 et
1286 2556 1509 2606 Pamphilus
1553 2556 1650 2594 mihi
1687 2570 1754 2606 pa-

322 2629 407 2654 rum
427 2622 517 2653 sunt
537 2616 702 2666 cogniti:
729 2614 922 2651 Euambei
950 2617 1032 2652 sive
1045 2614 1214 2652 Euamei
1230 2626 1442 2665 cognomen
1464 2625 1623 2663 pravum
1649 2614 1753 2650 arbi-

322 2679 425 2718 tror,
451 2679 564 2722 atque
583 2684 632 2709 ex
652 2666 834 2711 Εὐάνθει
855 2678 1001 2719 natum,
1027 2683 1139 2722 quem
1158 2670 1290 2709 eodem
1307 2669 1457 2709 Baccho
1474 2671 1647 2722 genitum
1670 2682 1754 2721 per-
