1828 3253
346 85 442 126 674
809 79 1324 121 ANNOTATIONES

346 198 484 247 quibus
514 196 596 234 τῶν
621 191 664 234 δὲ
695 190 812 234 ἔνδον
843 191 882 234 οἳ
911 193 986 245 μὲν
1011 191 1053 233 ἒκ
1074 196 1157 234 τῶν
1178 201 1251 234 etc.
1279 196 1347 246 qui
1366 195 1475 232 intra
1501 194 1638 245 Pylum
1658 201 1788 242 erant,

345 255 481 290 melius
505 251 700 289 videbitur
721 251 767 287 ob
793 248 888 296 τοὺς
910 249 953 288 δὲ
975 248 1090 290 ἔνδον
1117 265 1196 300 cap.
1211 254 1283 292 66.
1314 251 1409 288 Mihi
1432 253 1630 302 vulgatum
1648 253 1788 299 placet,

345 312 429 359 ipsa
449 309 635 345 orationis
654 308 753 344 serie
778 310 869 343 satis
894 319 1079 355 superque
1102 315 1236 345 tutum.
1268 308 1401 345 Wass

465 365 566 403 592-
607 363 679 402 65.
726 361 1028 402 Πεντεκαίδεκα
1060 360 1128 414 ἔτη
1163 385 1211 391 -
1245 358 1585 414 κατεσχηκότων]
1631 362 1790 400 Rectius

350 422 567 470 scripsisset
587 429 674 465 XVI,
695 414 918 466 ἑξκαίδεκα.
962 418 1111 456 Munita
1131 422 1234 456 enim
1261 433 1283 456 a
1303 418 1557 456 Demosthene
1583 419 1701 469 Pylus
1735 425 1792 455 est

348 490 453 514 anno
478 476 631 526 Olymp.
654 485 860 512 Lxxxvffl.
881 481 1031 524 quarto,
1062 478 1119 513 uti
1140 479 1220 525 ipse
1240 479 1443 513 memoriae
1458 475 1627 523 prodidit
1646 475 1689 512 L.
1702 473 1794 512 ΧΠ.

354 535 426 573 63.
460 533 593 569 WEss.

469 590 571 628 592.
602 589 674 628 68.
710 585 892 625 Νισαίαν
921 581 985 625 ὑπ’
1013 583 1264 639 Ἀθηναίους
1294 579 1423 627 οὖσαν
1457 582 1593 639 εἶλον]
1631 586 1727 625 Vide
1751 585 1795 623 L.

350 644 445 684 Xll.
470 647 541 685 67.
576 643 711 680 Wssss.

468 703 571 741 592.
597 701 668 739 73.
696 695 817 749 Πρὸς
839 703 926 745 τοῖς
946 694 1091 751 λόφοις
1112 703 1197 745 τοῖς
1220 696 1375 750 Κέρασι
1396 697 1679 750 καλουμένοις]
1708 698 1796 737 1)υο

356 760 504 806 scopuli
533 763 642 793 eraut
669 757 710 792 in
741 755 889 791 Atticae
924 762 962 791 et
986 754 1193 806 Megaridis
1221 755 1362 792 finibus
1392 763 1523 792 contra
1546 755 1794 795 Salaminem,

358 814 487 851 Situm
508 813 647 850 Strabo
682 813 809 861 signat
833 810 875 847 L.
897 811 967 849 lX.
988 824 1022 859 p.
1047 813 1152 852 604.
1189 810 1229 849 ἕν
1263 811 1306 849 dc?
1336 812 1385 864 τῇ
1417 810 1599 865 παραλίᾳ
1620 814 1669 864 τῇ
1691 810 1796 851 κατὰ

360 871 601 919 Σαλαμῖνα,
634 869 798 906 κεῖσθαι
833 867 1047 918 σύμβαιίἐι
1074 865 1125 906 τὰ
1154 863 1247 918 ὅρια
1276 868 1350 917 τῆς
1374 867 1613 918 ΖΙΙεγαρικῆς
1636 867 1702 905 καὶ
1724 870 1799 919 τῆς

351 923 547 970 Ἀτθίδος
579 921 655 976 ὄρη
690 919 787 970 δι’-ο,
827 920 852 961 ἃ
884 925 1054 963 καλοῦσι
1086 921 1266 974 Κέρατα.
1305 924 1419 960 Paria
1440 935 1488 959 ex
1506 921 1738 961 Acestodoro
1758 927 1800 962 in

360 982 549 1020 Tlicmist.
572 994 606 1030 p.
635 982 734 1020 118·
753 979 797 1016 Ε.
819 979 1057 1017 Plutarchus.
1087 980 1222 1018 VVESS.

478 1039 580 1077 592.
604 1039 676 1077 78.
704 1033 877 1090 Βαρέως
899 1035 1091 1090 φέροντες
1114 1035 1176 1075 ἐπὶ
1196 1037 1254 1091 τῷ
1276 1036 1377 1086 etc.]
1400 1034 1486 1073 vid.
1510 1044 1589 1074 not.
1612 1037 1653 1073 in
1674 1034 1717 1072 L.
1734 1035 1802 1073 ΙΙΙ.

362 1096 435 1135 59.
469 1094 606 1131 Vl'ssss.

479 1151 581 1189 593.
607 1150 679 1189 89.
711 1147 795 1187 Καὶ
817 1151 890 1200 τῆς
913 1143 1151 1194 ἐκπτώσεως
1172 1147 1226 1195 εἷς
1248 1143 1506 1200 ἑξακοσίους]
1535 1149 1628 1185 Post
1645 1143 1803 1187 ἐκπτώ-

363 1221 465 1252 σεως
486 1207 615 1242 deesse
638 1212 727 1253 puto
751 1205 824 1242 (luo
846 1205 937 1241 haec
959 1206 1099 1252 verba,
1123 1212 1188 1241 aut
1208 1206 1367 1252 similia,
1401 1204 1542 1243 αἰτίων
1563 1203 1802 1255 γενομένων.

364 1264 519 1300 STEPH.
554 1260 649 1297 Dele
678 1259 745 1298 καὶ
774 1267 812 1297 et
834 1268 919 1310 post
938 1257 1176 1307 ἐκπτώσεως
1206 1262 1336 1310 supple
1358 1260 1511 1299 αἴτι’ων.
1543 1259 1676 1297 ΚΗου.
1711 1260 1805 1298 Hiat

362 1320 565 1357 manifeste
590 1319 732 1363 oratio,
755 1319 830 1363 cui,
850 1319 882 1354 si
903 1330 950 1353 ex
971 1317 1157 1354 Vaticano
1181 1316 1336 1362 αἰτίους
1357 1314 1479 1362 ὄντας
1501 1316 1708 1363 addideris,
1727 1330 1806 1353 me-

365 1376 516 1412 deberis
536 1373 686 1422 quidem
709 1386 778 1422 pro
801 1375 1056 1422 partealiqua,
1096 1386 1165 1410 nec
1187 1386 1319 1409 sanam
1349 1374 1579 1420 praestabis,
1613 1373 1688 1409 nisi
1709 1374 1742 1409 si
1765 1376 1807 1410 in

364 1434 490 1483 priore
511 1430 677 1467 membro
697 1443 734 1467 τι
755 1426 828 1475 νὰς
847 1432 1021 1476 reticeri,
1046 1431 1103 1466 uti
1126 1429 1167 1465 L.
1188 1428 1260 1465 Xl.
1283 1429 1374 1476 53„
1396 1429 1605 1466 arbitreris.
1640 1427 1807 1477 Sequere

365 1501 457 1538 ergo
478 1487 530 1532 id,
552 1487 586 1522 si
599 1485 716 1522 lubet.
738 1484 821 1535 Ego
842 1487 939 1522 viris
960 1485 1191 1522 doctissimis
1211 1485 1363 1531 accedo,
1378 1485 1551 1522 mendam
1570 1486 1611 1521 iu
1622 1485 1808 1522 Vaticano

365 1555 591 1595 agnoscens.
611 1541 750 1578 Wnss.
780 1540 947 1577 Ursinus
969 1544 1042 1592 τῆς
1063 1540 1172 1579 ἒκπτ.
1196 1540 1350 1587 αἰτίους
1372 1539 1494 1587 ὄντας
1515 1543 1646 1578 forsan
1665 1553 1713 1577 ex
1734 1541 1810 1579 Va-

363 1602 494 1638 ticano
518 1599 627 1635 libro.
663 1596 769 1633 Imm
796 1598 836 1633 in
858 1597 955 1634 Add.
996 1598 1072 1641 Qui
1099 1597 1248 1635 addidit
1275 1597 1416 1636 αἰτίων
1445 1594 1587 1636 ὄντων.

481 1655 584 1694 593.
608 1655 681 1693 91.
699 1647 877 1705 7Χωρίον
891 1651 1110 1705 Ἀταρνέα]
1141 1652 1199 1690 De
1222 1666 1266 1689 eo
1285 1653 1333 1690 ad
1356 1654 1396 1690 L.
1417 1653 1524 1690 XVI.
1550 1654 1620 1693 53.
1646 1652 1780 1690 Wssss.

484 1712 587 1750 593.
610 1711 682 1749 94.
721 1711 820 1755 Τοῖς
839 1705 885 1747 τὸ
906 1706 1065 1759 Ἰσχύον
1083 1707 1249 1759 ἔχουσι]
1282 1710 1356 1746 Pro
1373 1705 1528 1760 ’Ῑσχὺον
1550 1711 1634 1760 lege
1649 1707 1809 1760 Ἰσχιόν.

365 1768 419 1806 At
439 1768 480 1804 in
500 1766 674 1803 Addend.
702 1766 803 1803 forte
830 1770 916 1810 τοῖς
948 1764 1023 1816 τὴν
1044 1766 1151 1804 Χῖον
1173 1762 1323 1815 ἔχουσι.
1355 1765 1491 1802 RHOD.
1519 1765 1568 1803 H.
1594 1765 1809 1813 Stephanus

366 1827 409 1862 in
442 1826 615 1873 margine
644 1822 813 1859 correxit
847 1828 885 1857 et
916 1822 1020 1859 iubet
1050 1823 1127 1871 legi
1153 1818 1312 1871 Ἰσχιόν.
1354 1822 1495 1859 Nescio
1517 1822 1614 1859 unde
1637 1821 1812 1858 habuerit

368 1893 453 1917 eam
471 1893 625 1925 vocem,
654 1890 749 1926 quae
771 1891 973 1927 numquam
998 1877 1093 1914 mihi
1116 1891 1183 1926 pro
1203 1880 1356 1914 nomine
1385 1881 1460 1915 loci
1489 1880 1587 1915 lecta
1613 1884 1681 1914 est.
1725 1878 1809 1928 Ego

369 1938 582 1985 simplicius
603 1937 688 1985 lego
709 1932 784 1986 τὴν
804 1933 935 1980 Χίον,
963 1934 1094 1971 urbem
1119 1933 1280 1970 Chium:
1329 1934 1428 1982 quod
1454 1940 1638 1971 consonat
1659 1946 1811 1982 praece-

368 1993 559 2029 dentibuS.
594 1992 724 2029 PALNL
771 1991 871 2036 Τοῖς
895 1987 941 2029 τὸ
969 1987 1116 2040 Ἰσχίον
1147 1993 1243 2035 etc.]
1284 1988 1350 2027 Sic
1371 1992 1501 2036 malui,
1536 1990 1635 2041 quod
1656 1993 1810 2040 propius

368 2047 442 2085 hoe
474 2048 575 2085 absit
604 2061 626 2085 a
655 2059 761 2085 ver0.
799 2046 898 2084 Nam
925 2059 1083 2096 scopum
1109 2047 1283 2096 tetigisse
1311 2048 1418 2084 viros
1447 2047 1688 2083 doctissimos
1715 2046 1811 2083 mihi

367 2105 602 2153 persuadeo,
641 2114 858 2151 quanquam
878 2101 1088 2139 Palmerius
1112 2103 1240 2138 solens
1258 2109 1382 2149 errat,
1413 2102 1502 2139 dum
1524 2109 1721 2151 corruptas
1744 2116 1812 2140 ve-

368 2167 493 2197 terum
515 2158 632 2197 Codd.
653 2162 837 2196 lectiones
851 2185 862 2206 ,
895 2170 989 2207 quas
1009 2160 1175 2208 margini
1194 2170 1283 2194 suae
1303 2159 1484 2196 editionis
1504 2157 1720 2208 Stephanus
1745 2157 1814 2196 ad·-

369 2218 597 2266 scripserat‚
637 2217 713 2263 ipsi
735 2217 820 2253 viro
839 2215 988 2252 erudito
1010 2215 1172 2262 inputat.
1201 2213 1335 2252 VVEss.

486 2273 591 2311 593.
628 2273 702 2312 96.
747 2267 986 2321 ,Λάβδακον
1015 2268 1289 2321 τειχίσαντες]
1337 2270 1478 2307 lterum
1509 2267 1582 2307 hoc
1612 2272 1698 2308 loco
1727 2271 1812 2321 lege

373 2323 642 2378 Θράσυλλος,
679 2334 717 2364 et
740 2340 807 2377 pro
826 2323 1085 2377 Λάβδακον,
1115 2326 1216 2376 quod
1239 2334 1296 2363 est
1320 2325 1649 2376 Syracusanorum
1676 2328 1813 2363 castel·

369 2385 450 2420 lum
469 2385 510 2420 in
531 2382 681 2430 Sicilia,
710 2384 755 2420 (le
781 2395 854 2431 qua
881 2396 958 2420 non
980 2385 1122 2434 agitur,
1147 2383 1230 2432 lege
1250 2379 1513 2433 Λάμψακον.
1547 2389 1583 2418 et
1604 2385 1658 2420 sic
1681 2384 1813 2433 legen-

371 2440 462 2477 dum
481 2453 563 2476 esse
584 2447 687 2490 patet
706 2452 754 2476 ex
772 2438 943 2476 Diodoro
968 2440 1070 2476 infra
1089 2452 1123 2488 p.
1147 2439 1250 2478 388.
1282 2439 1412 2476 eodem
1435 2439 1532 2474 libro
1560 2437 1660 2490 (cap.
1688 2436 1812 2490 104.)

369 2496 433 2533 ubi
461 2498 516 2533 ait
555 2495 797 2546 Lysandrum
823 2497 1012 2545 recepisse
1041 2494 1290 2542 Lampsacum
1329 2502 1366 2532 et
1386 2494 1676 2532 Atheniensium
1702 2508 1811 2544 prae-

368 2552 508 2590 sidium
529 2565 577 2589 ex
597 2552 818 2589 conditione
835 2551 1003 2588 foederis
1024 2551 1213 2587 dimisisse
1236 2551 1413 2590 liberum.
1452 2550 1581 2588 PALM.
1619 2550 1670 2588 Et
1695 2546 1812 2601 Θρά-

368 2608 519 2654 συλλος
551 2615 590 2645 et
614 2603 866 2658 Λάμψακον
885 2609 1114 2644 auctoritate
1133 2605 1407 2656 Xenophontis
1429 2599 1580 2643 Hellen.
1600 2606 1628 2643 1.
1648 2619 1683 2655 p.
1705 2607 1812 2647 338.

364 2664 604 2703 muniuntur.
634 2663 737 2700 Bene
761 2665 871 2713 proin
892 2662 1125 2701 coniectoris
1147 2662 1272 2700 officio
1293 2666 1354 2702 vir
1374 2663 1723 2713 praestantissimus
1744 2661 1812 2698 de-

363 2720 552 2769 fungitur.
580 2717 715 2757 wass.
