1828 3253
303 133 393 172 562
757 125 1269 165 ANNOTATIONES

308 243 436 282 sedem
458 253 661 290 occupasse
683 238 845 277 Diodori
875 240 1119 290 inprudentia
1140 241 1350 278 arbitreris,
1394 238 1563 278 Functus
1585 242 1686 279 enim
1706 242 1740 278 is

311 313 484 348 supremo
513 312 556 334 eo
587 299 814 347 magistratu
840 304 897 333 cst
919 300 1112 345 superiore
1133 310 1255 343 anno,
1288 310 1360 345 quo
1383 297 1592 334 Minucium
1614 299 1660 334 ob
1682 311 1743 334 res

310 358 356 395 ad
378 355 557 405 Algidum
581 355 677 390 male
705 361 830 404 gestas
852 355 1050 390 consulatu
1075 367 1113 390 se
1143 354 1319 391 abdicare
1341 357 1460 390 iussit.
1504 354 1643 391 Missus
1664 361 1744 390 tum

312 414 482 452 Minucio
511 423 708 446 successor
736 410 875 446 Fabius
900 412 1063 453 Quintus
1094 412 1133 446 in
1166 410 1345 459 Algidum
1375 418 1432 446 est
1467 411 1563 460 apud
1594 410 1748 447 Livium

312 470 378 508 lli.
400 470 474 507 29.
506 466 583 503 Sed
604 469 636 503 is
659 468 791 503 consul
812 465 991 502 suffectus
1011 479 1087 503 non
1107 468 1191 503 fuit.
1222 467 1355 504 Livius
1374 467 1524 515 quidem
1547 474 1661 513 certe,
1675 480 1746 503 nec

314 529 513 575 quisquam
533 525 651 569 alius,
679 522 779 570 quod
800 525 939 569 sciam,
966 523 1004 559 id
1030 535 1215 571 nusquam
1235 524 1363 560 tradit.
1402 523 1548 560 Habuit
1568 537 1658 573 ergo
1680 536 1747 559 au-

317 590 398 620 ctor
420 580 554 617 Fastos
574 580 683 626 alios,
702 592 724 615 a
742 578 960 626 Capitolino
979 593 1178 626 marmore,
1188 581 1299 617 Livio
1320 587 1356 616 et
1368 579 1556 629 Dionysio
1577 581 1750 625 multum,

315 640 388 676 hoc
416 637 567 685 quidem
598 648 712 681 anno,
744 635 1014 683 discrepantes.
1060 636 1194 674 WVEss.
1248 635 1359 675 Conf.
1392 635 1595 687 Borghesii
1624 636 1755 673 Nuovi

308 696 551 744 frammenti
570 691 758 738 (Ieifccsti
777 693 977 729 consolari
1005 705 1040 740 p.
1061 692 1090 731 l.
1113 707 1146 742 p.
1170 695 1243 732 2.)-

429 751 536 790 479.
561 750 633 788 61.
663 747 946 799 Προσωπίτιδι
967 745 1094 802 νήσῳ]
1118 749 1212 785 Vide
1232 756 1310 785 not.
1333 749 1374 786 in
1388 748 1513 786 L.X1.
1528 751 1598 788 77.
1619 748 1755 786 Wnss.

430 808 537 847 479.
564 806 636 844 70.
663 800 986 868 Ἔστρατήγουῑζ]
1024 804 1123 841 Puto
1147 805 1276 842 deesse
1298 805 1359 842 hic
1383 809 1455 842 tria
1474 806 1613 853 verba,
1645 813 1682 841 et
1704 807 1757 841 ita.

322 866 503 913 scriptum
522 863 722 908 reliquisse
744 859 978 907 Diodorum,
1004 857 1281 914 ἐστρατήγουν
1304 858 1556 915 Ἀρτάβαζος
1581 860 1646 900 καὶ
1667 862 1758 900 Me·-

320 917 509 974 γάρύζος.
527 913 778 969 Ξι-Ιρτάβαζος
796 916 871 967 μὲν
893 924 963 953 etc.
993 916 1147 956 STEI’H.
1170 925 1208 954 et
1227 916 1363 954 RHOD.
1391 918 1611 955 Praesentia
1630 931 1761 954 earum

323 990 460 1015 vocum
491 977 600 1023 plane
631 977 850 1010 neccssaria
879 980 949 1010 est.
996 974 1138 1011 Addidi
1164 976 1312 1023 itaque,
1345 975 1410 1010 sed
1444 977 1552 1011 uncis
1581 976 1760 1011 inclusas.

324 1033 490 1070 Librarii
511 1033 741 1078 omiserant,
773 1032 958 1067 coniectis
980 1033 1019 1067 in
1041 1033 1246 1079 repetitum
1259 1026 1514 1082 Ἀρταβάζου
1534 1031 1764 1068 vocabulum

326 1091 460 1134 oculis,
482 1099 576 1136 quae
601 1086 687 1123 huic
706 1089 839 1137 generi
862 1089 1056 1124 sollemnis
1077 1088 1230 1124 errandi
1251 1089 1410 1124 occasio.
1436 1087 1571 1124 W'Ess.

437 1146 544 1183 479.
570 1144 641 1182 76.
673 1143 816 1182 Κίτιον
834 1142 909 1194 μὲν
937 1143 1003 1181 καὶ
1027 1141 1209 1190 Matar]
1238 1143 1350 1180 Prius
1372 1144 1549 1193 oppidum
1570 1145 1766 1194 cognitum

328 1204 421 1239 satis
442 1208 510 1247 est,
541 1212 619 1236 non
641 1201 730 1236 item
751 1201 921 1236 alterum.
958 1199 1008 1238 [ο.
1034 1200 1223 1238 Meursius
1242 1202 1388 1237 nullum
1412 1203 1467 1237 illi
1486 1208 1686 1249 patronum
1705 1213 1767 1236 re.-

329 1261 429 1307 perit
452 1258 493 1295 L.
519 1256 547 1292 l.
585 1253 702 1305 Cypri
724 1269 812 1292 suae
833 1270 863 1292 c.
890 1257 981 1303 13.7
1010 1261 1085 1294 nisi
1107 1257 1311 1303 Nostrum,
1340 1259 1403 1305 qui
1427 1263 1464 1293 et
1486 1256 1528 1292 L.
1551 1256 1667 1293 XlX.
1694 1257 1766 1295 79.

332 1313 576 1353 Στασίοικον
607 1309 679 1350 τὸν
709 1314 784 1351 τοῦ
815 1311 1015 1359 Μαλιέως
1039 1315 1079 1349 in
1102 1312 1228 1363 Cypro
1257 1316 1431 1363 regulum
1462 1320 1655 1350 memorat.
1691 1311 1769 1349 Sed

333 1372 455 1408 debile
475 1370 510 1406 id
534 1370 808 1417 patrocinium:
843 1382 930 1405 nam
952 1370 1113 1407 eundem
1136 1369 1381 1408 Στασίοικον
1402 1367 1474 1408 τὸν
1491 1367 1665 1419 βασιλέα
1686 1370 1769 1407 τῶν

333 1425 519 1468 Ιηανέων
540 1426 651 1474 paulo
671 1432 759 1461 ante
790 1439 821 1461 c.
845 1428 916 1465 62.
939 1433 1108 1472 vocarat,
1127 1440 1220 1463 voce
1242 1427 1441 1474 utrobique
1457 1432 1646 1475 corrupta.
1668 1425 1771 1464 Ma-

336 1481 452 1536 ριὲων
474 1495 606 1519 verum
628 1494 721 1527 esse,
753 1483 847 1518 alias
869 1482 1022 1519 docebo.
1055 1482 1139 1519 Hoc
1160 1483 1243 1519 loco
1266 1478 1437 1534 ῘΙζΙάριον
1456 1489 1687 1530 oportuerat,
1698 1494 1772 1530 quo

335 1542 490 1577 nomine
513 1536 630 1586 Cypri
650 1538 781 1573 urbem
805 1537 1044 1587 Stephanus,
1073 1539 1250 1588 deinceps
1277 1535 1509 1590 ³:1015w67p‘
1544 1539 1682 1575 dictam
1709 1551 1772 1574 re-

335 1598 463 1634 ferens
478 1622 488 1640 ,
518 1593 664 1643 Scylax
687 1600 798 1642 atque
821 1596 889 1631 alii
909 1601 1178 1632 memorarunt.
1221 1594 1316 1631 Vide
1346 1607 1440 1644 quae
1464 1595 1546 1632 dixi
1568 1595 1615 1632 ad
1636 1594 1777 1631 Hiero-

337 1653 407 1690 clis
427 1650 654 1700 Synecdem.
673 1663 710 1699 p.
738 1653 841 1690 707.
879 1651 1013 1688 XVESS.

450 1708 556 1746 480.
588 1708 658 1746 86-
700 1706 904 1759 Συνῆψαν
932 1703 1101 1759 μάχην]
1145 1706 1411 1759 Thucydidem
1432 1707 1519 1746 vide
1541 1706 1583 1744 L.
1603 1706 1632 1744 I.
1658 1708 1778 1753 112„

341 1766 407 1813 qui
424 1777 504 1800 rem
524 1764 652 1810 paullo
672 1764 785 1800 aliter
803 1767 1035 1813 exsequitur.
1063 1764 1197 1801 VVESS.

451 1821 557 1859 480.
583 1819 656 1858 95.
686 1816 867 1872 ,Μάρκον
893 1818 1118 1871 Οὐαλέριον
1136 1820 1415 1870 Λακτοῧκαν]
1433 1821 1667 1858 Praenomen
1682 1817 1782 1855 Con-

343 1878 450 1924 sulis,
480 1883 523 1912 ut
547 1875 715 1921 decebat,
747 1878 974 1916 instauravi.
1014 1876 1235 1928 Cognomen
1253 1879 1312 1914 illi
1331 1878 1506 1914 silam-imo
1529 1880 1568 1914 in
1587 1878 1777 1927 fragmen-

342 1934 395 1970 tis
411 1939 468 1969 est
487 1930 729 1981 Capitolinis,
749 1945 820 1969 nec
839 1934 1094 1982 spernendum
1114 1941 1253 1980 tamen,
1276 1934 1374 1983 quod
1395 1941 1527 1970 auctor
1546 1934 1604 1969 illi
1627 1927 1781 1972 indidit,

344 1989 532 2037 siquidem
561 1988 800 2026 Lactucinos
829 1991 868 2026 iu
896 1991 1058 2027 Valeria
1077 1990 1248 2036 familia
1268 2003 1343 2027 non
1366 1991 1558 2041 puduisse
1585 1984 1785 2037 appellari

345 2048 456 2082 testis
476 2051 535 2081 est
556 2044 705 2082 Plinius
727 2043 767 2082 L.
788 2045 902 2082 XIX.
923 2047 965 2085 4.
997 2046 1229 2084 Monuerunt
1248 2047 1287 2083 id
1311 2048 1433 2096 ipsum
1456 2046 1651 2095 Sigonius,
1680 2041 1782 2078 Pan-

320 2126 322 2129 -
346 2104 489 2148 vinius,
508 2100 668 2152 Pighius
690 2104 729 2138 in
741 2101 867 2139 Fastis
889 2103 936 2140 ad
956 2116 1044 2140 ann.
1065 2113 1240 2139 ecxcvn.
1260 2103 1392 2139 Wizss.
1412 2099 1697 2151 V.BorgheS.p.
1711 2098 1782 2136 58.

456 2159 563 2198 480.
599 2159 638 2196 3.
673 2153 959 2209 ιΥῑῑιελοἰμβανε
986 2155 1195 2210 μάλιστα]
1238 2159 1470 2196 Adverbium
1491 2157 1554 2194 hic
1574 2155 1672 2192 nihil
1692 2155 1784 2203 agit.

346 2211 482 2253 Rflon.
515 2214 696 2251 Omnium
717 2222 896 2264 excerpta
918 2217 1115 2262 librorum,
1142 2216 1278 2265 quibus
1299 2222 1400 2262 utor,
1428 2227 1543 2263 quum
1565 2224 1699 2250 vocem
1720 2210 1785 2245 ‹le-

346 2270 530 2316 fendant,
559 2283 638 2306 non
657 2272 826 2308 elimino.
871 2271 1004 2309 Potest
1025 2275 1140 2309 etiam
1160 2274 1407 2309 concinniore
1427 2270 1589 2320 quodam
1608 2280 1679 2305 usu
1701 2260 1785 2316 μά-

347 2326 467 2364 λιστα
485 2329 565 2363 vim
585 2329 843 2373 asseverandi,
871 2336 913 2365 ut
932 2342 1055 2378 saepe,
1088 2341 1307 2376 capessere,
1342 2329 1387 2364 de
1408 2339 1481 2376 qua
1502 2329 1583 2363 eius
1601 2328 1786 2374 potestate

294 2396 297 2399 ’
348 2381 397 2417 ad
425 2381 589 2419 Luciani
619 2383 739 2420 Iudic.
769 2385 900 2421 Vocal.
928 2398 959 2422 c.
989 2386 1033 2424 4.
1068 2385 1350 2422 eruditissimus
1381 2383 1429 2423 T.
1462 2380 1782 2419 Hemsterhusius-

347 2437 483 2477 Wssss.

459 2495 567 2534 481.
591 2495 664 2534 23.
698 2494 885 2542 Καλλίας
908 2491 928 2535 ὃ
951 2492 1212 2547 Ἱππονίκου]
1243 2496 1443 2534 Familiam
1463 2501 1500 2530 οὲ
1516 2500 1638 2538 genus
1658 2489 1786 2536 0οΡἷο-

351 2551 494 2587 sissimi
512 2550 678 2588 hominis
700 2552 942 2589 declararunt
960 2553 1034 2591 Iac.
1050 2553 1428 2590 Palmenssxerozmt.
1448 2560 1483 2595 p.
1510 2545 1627 2590 754,
1649 2543 1701 2579 Io.
1721 2543 1783 2579 Fr.

352 2605 524 2646 Gronov.
549 2608 750 2645 Observat.
771 2608 814 2647 L.
838 2609 902 2645 lv.
921 2611 961 2648 7.
986 2616 1023 2646 et
1043 2610 1116 2646 Iac,
1138 2611 1313 2646 Perizon.
1335 2606 1377 2640 in
1399 2602 1549 2638 Aeliani
1570 2600 1658 2638 Var.
1683 2598 1783 2637 llist.

352 2661 393 2697 l).
416 2662 520 2699 XlV.
546 2665 617 2703 16.
657 2662 824 2713 Tempus
858 2667 1084 2716 legationis,
1122 2677 1232 2713 quam
1265 2663 1368 2710 pacis
1397 2657 1623 2695 sanciendae
1652 2668 1788 2692 caussa

353 2718 461 2765 obiit,
488 2718 558 2755 hoc
578 2732 679 2755 anno
700 2724 805 2769 prius
825 2724 911 2767 erit,
941 2724 971 2758 si
995 2727 1080 2771 post
1100 2720 1283 2769 praelium
1302 2717 1349 2752 ad
1371 2713 1693 2764 Eurymedontem
1713 2723 1787 2760 pax

354 2773 488 2811 Persas
516 2778 619 2813 inter
647 2783 683 2812 et
714 2776 967 2814 Athenienses
997 2778 1203 2822 coaluerit,
1242 2771 1554 2822 quemadmodum
1577 2769 1787 2805 clarissime
