1828 3253
252 192 346 234 752
715 187 1235 230 ANNOTATIONES

252 306 341 344 vius
363 303 406 341 L.
426 302 471 341 V.
494 305 533 345 8.
559 304 825 342 auctoritatem
844 303 1064 341 conciliant.
1104 302 1149 340 In
1168 303 1350 342 Palmerii
1376 303 1506 343 verbis
1524 305 1622 342 male
1642 304 1698 342 le-

254 363 362 412 gitur
383 356 562 411 ΖΙἸάρκος
588 359 755 414 Σέργιος
779 366 817 396 et
839 355 1045 406 Mamm.
1079 359 1214 398 WEss.

370 430 474 468 672·
504 429 579 467 42.
624 424 877 476 ἈνάξιτονῙ
926 427 1057 463 Palam
1080 433 1138 463 est
1163 427 1242 478 legi
1279 427 1415 465 debere
1448 423 1696 478 ‘Apa'ffgnma

255 484 386 522 PALM.
420 479 683 534 ζΑ,ιιοὶ’ξιτον]
726 483 914 529 Reddidi,
941 484 1124 532 probante
1145 482 1447 530 Rhodomanno,
1482 498 1591 521 suum
1612 485 1700 521 urbi

256 553 410 586 nomen,
440 542 576 576 invitis
600 543 713 577 etiam
735 541 845 576 libris
866 540 1041 576 vetustis.
1096 539 1263 588 Apparet
1285 542 1451 577 errantis
1468 541 1614 577 librarii
1636 554 1700 577 ca-

257 598 380 633 lamus
412 608 461 631 ex
487 595 668 645 Xenoph.
696 596 738 632 L.
770 595 836 632 111.
867 594 1017 632 Hellen.
1037 608 1072 643 Ρ.
1095 596 1200 636 376.
1233 597 1361 633 Plinio
1384 596 1428 633 V.
1451 597 1523 637 30.
1545 603 1582 632 et
1599 598 1698 633 aliis.

259 654 381 696 Quam
401 665 493 689 vero
514 653 572 690 Κε
557 657 680 703 ςβρνρ
685 652 749 690 ιά)
769 652 910 688 Noster
928 658 1062 699 vocat,
1094 665 1137 689 ea
1154 650 1320 703 Kesffprjv
1343 652 1617 700 Xenophonti,
1646 667 1699 691 τα

255 703 424 760 bepom
427 723 468 745 ια
498 707 694 745 Herodoto
730 707 759 743 Υ
765 710 807 746 it.
840 707 952 744 Hom.
984 722 1015 746 c.
1042 679 1117 747 20.
1151 708 1347 746 Videndus
1382 716 1440 745 est
1469 707 1701 758 Stephanus,

256 776 427 813 quaeque
446 765 505 800 illi
527 765 803 801 adstruxerunt
820 778 845 799 v
849 766 897 800 iri
918 765 1068 801 eruditi.
1098 764 1232 800 NVEss.

369 833 473 871 672.
503 832 572 870 54-
606 831 689 870 Καὶ
711 827 959 883 πεοιστῆσας
979 828 1020 868 ἓν
1041 835 1126 876 τοῖς
1148 828 1311 881 ὅπλοις]
1339 831 1520 882 Explicat
1537 831 1700 881 Polyae-

254 900 327 924 nus
357 884 608 939 περιστήσας
627 884 723 933 τοὺς
754 884 925 932 ὁπλίτας
956 886 1077 924 Strat.
1105 886 1147 923 L.
1178 887 1225 923 ll.
1256 890 1354 935 2l.‚
1391 889 1455 924 ubi
1477 889 1698 924 distinctius

255 951 410 980 enarrat
430 950 561 989 artem,
591 956 665 991 qua
686 942 915 980 Trachinios
938 956 1043 980 suam
1067 946 1105 979 in
1126 950 1350 992 potestatem
1371 943 1588 991 Erippidas,
1617 945 1699 980 sive

254 999 499 1049 Herippidas,
531 1002 584 1036 sic
605 1003 704 1036 enim
720 999 940 1047 Xenophon
963 1000 1153 1036 hominem
1172 1013 1310 1037 vocare
1332 1001 1429 1036 solet
1449 999 1539 1038 Rer.
1563 998 1699 1035 Graec.

256 1055 300 1094 L.
323 1056 387 1094 IV.
412 1070 445 1105 p.
469 1057 590 1103 401.9
619 1056 826 1107 redegerit.
858 1056 991 1092 NVESS.

367 1125 472 1163 672.
495 1125 567 1163 60.
594 1119 869 1174 κατήχθησαν
892 1121 946 1167 εἷς
968 1119 1204 1172 Βοιωτίαν]
1236 1122 1488 1159 scribendum
1513 1135 1594 1159 esse
1618 1116 1697 1160 ὑπὸ

254 1179 453 1218 Βοιωτῶν
473 1181 546 1215 iam
567 1181 657 1216 olim
680 1194 738 1216 me
760 1180 889 1216 docuit
910 1181 1141 1228 comparatio
1162 1193 1290 1215 eorum
1315 1192 1410 1227 quae
1432 1185 1521 1215 sunt
1541 1191 1576 1226 p.
1593 1179 1697 1218 706.

256 1237 330 1274 33.
349 1257 396 1262 ——
412 1236 483 1274 37.
513 1234 826 1283 Deprehenderat
847 1249 926 1272 rem
944 1243 1112 1284 apertam
1132 1237 1246 1272 etiam
1265 1234 1522 1272 Schneiderus
1537 1235 1585 1272 ad
1595 1234 1700 1272 Xen.

255 1290 357 1328 Hist.
380 1291 447 1327 Gr.
469 1290 535 1328 Ili.
560 1294 598 1331 5.
622 1294 698 1332 25.

368 1360 474 1400 673.
499 1360 571 1398 68.
607 1355 722 1400 'Ana
752 1355 969 1411 θαλάττης
991 1355 1219 1412 ἀρξάμενος
1246 1354 1362 1410 μέχρι
1392 1359 1491 1396 θαλ.
1518 1356 1699 1407 διετείχι-

253 1414 326 1466 σε]
367 1415 510 1452 Confer
530 1414 780 1464 Xenophont.
805 1415 893 1452 Rer.
916 1416 983 1452 Gr.
1004 1416 1046 1452 L.
1070 1416 1138 1454 ΙΙΙ.
1163 1429 1197 1464 p.
1222 1416 1327 1455 380.
1372 1415 1494 1462 Atque
1517 1413 1588 1450 hoc
1607 1415 1700 1451 Ma-

252 1485 348 1509 cron
374 1471 517 1509 Tichos
538 1472 706 1519 dictum,
732 1486 810 1523 qua
832 1486 857 1509 ιι
881 1473 1123 1523 Propontide
1144 1473 1198 1509 ad
1216 1472 1412 1508 stlelanem
1442 1473 1568 1507 sinum
1591 1472 1698 1507 inter

253 1531 327 1566 duo
352 1530 484 1565 maria
504 1535 721 1577 porrectus
741 1542 875 1566 murus
886 1535 1192 1579 procurrentem
1212 1528 1382 1565 exclusit
1402 1526 1697 1575 Chersonesum,

251 1585 351 1634 apud
370 1584 541 1620 Plinium
564 1583 607 1623 L.
633 1585 696 1623 1V.
724 1588 795 1625 ll.
832 1585 972 1622 NVEss.

366 1652 471 1692 673.
503 1652 577 1690 77.
616 1650 700 1689 Καὶ
729 1647 911 1701 μάλιστα
940 1652 1023 1690 τῶν
1052 1649 1282 1700 πολεμίων]
1337 1649 1397 1687 An
1417 1651 1543 1688 voluit
1571 1648 1697 1688 Cono-

251 1723 338 1747 nem
360 1709 560 1756 praecipue
582 1719 629 1743 ex
650 1709 826 1744 omnibus
852 1709 954 1758 regis
981 1707 1166 1753 hostibus,
1190 1709 1286 1743 tales
1308 1710 1408 1743 enim
1428 1706 1696 1755 Athenienses,

251 1767 418 1815 peritum
450 1765 705 1799 certaminum
732 1764 959 1800 bellicorum
987 1761 1093 1800 esse?
1136 1763 1179 1800 ld
1206 1764 1372 1800 fortasse
1401 1765 1442 1800 in
1477 1765 1698 1810 opinionem

250 1823 464 1873 legentium
493 1821 625 1857 venire
652 1827 802 1868 posset:
838 1821 903 1856 sed
937 1820 1054 1856 officit
1087 1820 1293 1857 verborum
1322 1819 1416 1855 ordo
1446 1832 1494 1855 ex
1525 1815 1695 1870 ἀγώνων

249 1891 345 1917 voce
368 1889 588 1925 suspensus.
632 1875 785 1914 Mallem
813 1878 896 1915 τῶν
927 1878 1153 1922 Ίαυτικῶι,
1180 1883 1248 1912 aut
1269 1878 1351 1914 τῶι
1373 1872 1478 1914 κατὰ
1507 1874 1579 1913 πέλ
1571 1889 1696 1926 amoq,

253 1937 439 1981 scriptum
466 1934 670 1983 legeretur.
719 1933 892 1980 Namque
926 1933 965 1968 id
990 1933 1097 1978 vult,
1132 1931 1329 1968 Cononem
1358 1933 1555 1982 egregium
1582 1944 1695 1968 usum

250 1991 483 2039 praeliorum
506 1988 682 2025 habuisse
707 1997 745 2025 et
769 1990 964 2026 navalium
995 1990 1182 2036 inprimis.
1217 1988 1275 2024 De
1305 2002 1350 2024 eo
1373 1989 1560 2025 Isocrates
1583 1989 1695 2035 plura

251 2048 319 2084 Or.
341 2046 388 2083 ad
410 2045 572 2093 Philipp.
604 2058 639 2094 Ρ.
665 2047 766 2085 137.
796 2053 833 2082 et
849 2045 950 2081 Plut.
970 2047 1010 2081 in
1033 2046 1166 2081 Artox.
1188 2058 1222 2093 p.
1250 2046 1382 2084 1021.
1400 2043 1442 2080 F
1472 2044 1609 2080 Wssss.

363 2102 467 2142 673.
502 2102 574 2141 85.
610 2098 810 2153 Zlfeydlag
837 2096 1096 2170 ὑποφαιτων
1108 2122 1155 2127 -
1178 2100 1372 2150 ἐλπίδας]
1416 2098 1483 2136 Sic
1511 2099 1693 2136 Zosimus

251 2159 293 2197 L.
315 2157 378 2194 IV·
405 2159 477 2197 52.
505 2172 573 2195 και
603 2172 676 2195 τον
701 2155 852 2208 ,o'afflh'
831 2173 876 2196 w.
905 2157 1048 2202 πείσας
1076 2151 1286 2209 υποφῆναι
1318 2171 1385 2194 και
1408 2153 1520 2209 αὖτῳ
1543 2155 1610 2193 καὶ
1632 2157 1691 2194 τῶ

250 2213 366 2254 παιδὶ
397 2212 592 2265 μερίστας
617 2212 796 2260 {anQdag
829 2212 990 2250 Tacitus
1007 2211 1153 2249 Histor.
1182 2212 1224 2249 L.
1252 2212 1298 2251 V.
1321 2213 1396 2251 24.
1427 2197 1694 2262 Ba'tavz'spa-

250 2284 346 2317 cem,
380 2270 500 2307 Civili
519 2270 674 2306 veniam
696 2277 911 2308 ostentans.
942 2269 994 2306 Et
1015 2267 1170 2304 Curtius
1189 2268 1232 2306 L.
1255 2267 1338 2305 Vll.
1361 2270 1400 2308 6.
1426 2268 1505 2313 Qui
1526 2268 1694 2304 clemen-
1720 2269 1723 2271 “

251 2330 348 2365 tiam
362 2327 485 2377 ipsius
506 2327 543 2362 iv
565 2327 730 2370 deditos..
751 2328 940 2377 simulque
961 2324 1244 2363 inexorabilem
1263 2326 1434 2361 animum
1457 2326 1497 2361 in
1518 2325 1694 2362 devictos

248 2385 509 2421 ostenderent.
535 2381 675 2422 WEss‚

364 2439 470 2479 673.
502 2440 545 2477 2
584 2435 776 2484 Σπονὸὰς
807 2433 1078 2489 ἐποιήσαντο]
1116 2435 1174 2473 De
1198 2436 1363 2473 induciis
1384 2435 1443 2473 his
1469 2435 1690 2487 diligentius

250 2494 472 2543 Xenophon
497 2492 584 2530 Rer.
606 2493 674 2533 Gr.
696 2495 738 2531 L.
764 2493 827 2531 111.
849 2506 885 2542 Ρ.
908 2495 1013 2535 382.
1047 2493 1179 2531 VVEss.

364 2552 468 2591 673
498 2553 537 2590 8.
574 2549 758 2597 Ναξίους
786 2566 835 2600 με
820 2549 861 2589 ἐν
891 2566 956 2588 και
980 2547 1248 2595 Καταναίους
1269 2569 1318 2576 -
1339 2545 1690 2602 ἐξηνδραποδίσα-

250 2607 326 2657 το]
354 2606 465 2643 Dixit
487 2607 659 2654 superius
678 2619 710 2643 c
738 2607 807 2646 15.
837 2606 970 2644 W'Ess.

366 2664 565 2703 674.14.
604 2659 726 2701 Κατὰ
757 2658 905 2713 τάχος,
934 2659 1046 2714 naor>
1075 2663 1159 2701 τῶν
1177 2656 1396 2712 Ῥηγίιαων]
1426 2659 1501 2698 Hic
1516 2661 1629 2697 unius
1650 2666 1690 2696 et

249 2721 409 2757 alterius
431 2719 537 2756 verbi
557 2722 774 2756 accessione
796 2732 942 2766 sensus„
975 2720 1143 2767 alioquin
1163 2716 1285 2763 hians,
1310 2719 1453 2766 expleri
1474 2724 1599 2765 potest
1616 2716 1688 2753 hoc

250 2789 342 2813 sane
362 2775 498 2812 modo:
520 2773 797 2827 [lipom-'Quo
821 2773 862 2814 δ’
900 2773 1060 2822 αὐτοῖς,
1090 2771 1202 2827 παρὰ
1222 2776 1303 2813 τῶν
1318 2769 1512 2825 ΗΡηγινων
1532 2767 1689 2822 λαβόν-

249 2846 316 2879 τες
337 2828 441 2887 πρὸς
463 2828 536 2871 τὸν
560 2827 741 2885 πόλεμον
762 2828 838 2873 οὐκ
858 2828 1050 2884 ἐλάχιστα
1071 2830 1139 2872 καὶ
1158 2827 1197 2870 οἱ
1217 2827 1567 2884 φυγαδευθέντες,
1596 2840 1688 2867 con·-
