1828 3253
502 156 564 195 IN
593 154 708 194 LIB.
742 155 772 195 Ι.
808 153 934 194 CAP.
972 153 1173 195 51.—53.
1491 153 1549 193 87

116 269 289 308 Diodoro
320 272 491 309 aberunt.
507 263 519 269 ’
549 269 673 318 Atque
705 272 758 306 ita
785 270 886 306 inter
917 280 982 305 eos
1002 266 1103 305 haud
1118 269 1216 306 male
1233 265 1549 305 conveniet:·sed

116 329 240 364 lacum
269 327 363 365 adeo
389 328 507 364 fuisse
540 339 715 376 capacem
751 332 790 362 et
814 326 1009 363 inferioris
1040 324 1206 374 Aegypti
1240 324 1441 361 latitudine
1470 335 1550 359 non

115 386 322 429 minorem,
366 396 459 421 vero
490 396 568 420 non
599 395 680 419 esse
721 382 844 418 simile
870 382 966 417 bene
995 381 1160 418 advertit
1191 379 1307 417 Isaac.
1326 380 1487 417 Vossius
1505 381 1548 415 in

117 439 238 477 Melae
259 439 288 476 Ι.
307 440 348 479 9.
372 439 457 476 vid.
477 439 582 476 Paul.
601 439 741 476 Lucam
764 438 852 476 ltin.
881 437 1041 487 Aegypt.
1061 435 1103 473 L.
1125 436 1171 474 V.
1197 448 1233 484 p.
1262 437 1332 475 15.
1358 436 1492 473 WVESS.

226 498 297 536 61·
324 496 397 534 97-
425 494 752 549 Κοινωᾳτέλειαν]
789 493 890 530 Huic
911 493 1095 530 Scholion
1115 493 1161 529 de
1183 490 1434 529 haereditaria
1459 491 1548 527 sede

112 553 219 588 litem
240 552 383 588 nullam
402 559 541 589 movet.
600 550 676 588 Hic
696 551 912 587 admonitus
941 557 1021 586 esto
1049 551 1190 596 lector,
1221 561 1301 594 me,
1333 551 1421 596 quia
1448 549 1546 584 mul-

111 607 273 644 titudine
292 609 560 657 glossematum
583 611 624 645 in
644 609 815 658 margine
838 608 1059 657 singulatim
1087 604 1424 642 examinandorum
1444 617 1546 641 com-

109 665 319 700 mentarius
338 676 558 701 excrescere
579 664 753 710 videtur,
780 665 1027 714 marginalia,
1054 674 1149 710 quae
1178 662 1344 698 auctoris
1365 673 1441 696 non
1463 672 1544 696 csse

107 719 350 766 indicavero,
379 721 533 757 silentio
565 722 868 768 praeteriturum.
926 719 1169 755 Contrarium
1199 718 1244 754 de
1277 715 1361 763 his,
1389 727 1483 764 quae
1505 718 1543 751 in

107 782 289 812 contextu
310 778 493 813 asterisco
513 784 551 813 et
571 777 810 823 semilunula,
835 774 1104 824 parentheseos
1123 777 1266 825 signis,
1291 779 1422 810 notata
1441 778 1544 817 sunt,

105 832 342 868 intellectum
372 833 472 870 volo.
531 836 636 877 Quae
666 834 769 869 enim
798 834 924 869 aliena
951 833 1015 870 vel
1047 831 1229 870 mendosa
1249 828 1544 879 deprehendero,

106 889 149 924 in
170 887 262 924 haee
282 889 594 926 animadvertam.
633 888 766 925 Ruon.

219 946 291 983 (il.
312 945 352 984 9.
380 945 639 1000 ’1’ρι’,τλεί)·ρω)
661 944 705 984 δὲ
725 943 771 984 τὸ
794 940 973 994 πλάτος]
1000 944 1052 983 Id
1068 951 1139 991 est,
1166 954 1245 981 ccc
1260 943 1387 994 pedes
1405 942 1543 986 latam,

105 1000 201 1036 bene
219 998 406 1039 Rhodam.
420 1029 431 1047 ,
454 1005 562 1039 cuius
581 1004 778 1040 versionis
798 1008 991 1038 auctorem
1013 1002 1126 1038 habet
1154 999 1335 1046 Suidam,
1364 1004 1402 1034 et
1421 1011 1464 1034 eo
1484 999 1542 1034 lo-

106 1058 335 1103 cupietiores
366 1056 500 1107 Polyb,
526 1059 568 1095 V.
591 1060 664 1098 25.
698 1071 742 1094 ac
768 1057 962 1095 Heronem
992 1060 1034 1096 in
1055 1058 1223 1094 Analect.
1243 1055 1480 1092 Benedictin.
1502 1066 1539 1102 p.

108 1112 212 1151 314.
242 1111 368 1149 Latini
389 1126 498 1161 saepe
521 1117 650 1164 iugero
675 1112 857 1167 πλέθρον
884 1123 1070 1163 aequant,
1097 1117 1229 1152 iurene
1258 1113 1436 1162 disquirit
1466 1110 1538 1146 lac.

103 1166 281 1206 l'erizon.
299 1171 339 1205 iu
365 1169 512 1207 Aelian.
534 1170 594 1207 ffl.
617 1171 662 1207 V.
685 1169 733 1207 Π.
759 1173 796 1210 l.
829 1170 960 1207 Vlms.

216 1225 288 1264 62.
308 1226 382 1265 21.
411 1225 638 1272 Στ·αι)“ιαιάς
663 1223 710 1265 τὸ
745 1223 882 1277 ὕψος]
914 1226 1122 1275 Utramque
1150 1225 1335 1263 Herodot.
1363 1222 1413 1260 ll.
1438 1222 1539 1262 149.

101 1290 200 1328 aqua
232 1283 398 1317 eminere
423 1285 478 1319 ait
504 1278 756 1334 πεντήκοντα
780 1280 967 1335 ὀργυιὰς,
995 1285 1151 1331 parique
1185 1284 1307 1330 spatio
1337 1281 1438 1323 infra
1457 1292 1541 1315 eam

102 1348 184 1372 esse
214 1336 433 1385 depressas:
465 1342 530 1388 qui
559 1346 710 1375 centum
729 1351 862 1386 passus
885 1340 1093 1376 conficiunt
1123 1339 1272 1375 demum
1292 1336 1454 1373 stadium
1477 1344 1538 1370 mc

99 1392 248 1441 pedum.
276 1392 378 1430 Bene
398 1407 511 1445 ergo,
531 1398 585 1432 ita
609 1398 642 1432 si
663 1397 876 1444 acceperis,
904 1395 1112 1434 σταδιαῖαι
1134 1393 1180 1434 τι)
1205 1391 1326 1443 ὕψος.
1358 1391 1493 1429 ῊἘΞΕ.

213 1451 287 1489 62.
313 1451 387 1489 24.
417 1448 505 1503 Τὴν
524 1449 590 1490 ἐπ’
615 1449 763 1505 ἀγαθῷ
784 1449 979 1503 μνήμην]
1007 1452 1103 1489 Vide
1123 1465 1203 1501 cap.
1222 1452 1263 1490 2.
1290 1449 1426 1486 VVESS.

213 1507 285 1545 62.
307 1509 381 1546 25.
421 1504 542 1560 ΙῙρός
569 1503 683 1559 μίτρα
712 1506 813 1559 etc.]
845 1509 940 1546 Erat
968 1511 1009 1545 in
1037 1522 1141 1546 more
1173 1507 1338 1558 Aegypti
1382 1504 1536 1554 regibus

101 1559 148 1596 ad
169 1564 339 1610 corporis
358 1571 533 1601 ornatum
552 1566 737 1601 uxoribus
757 1565 907 1602 urbium
929 1567 1202 1615 regionumque
1220 1563 1367 1601 reditus
1394 1561 1537 1598 descri-

100 1615 208 1653 bere:
241 1616 422 1655 lIerodot.
441 1619 488 1656 11.
510 1622 584 1660 98.
619 1621 665 1656 de
685 1621 776 1657 urbe
796 1620 1001 1672 Anthylla,
1036 1620 1091 1667 εἷς
1110 1616 1358 1671 ὑποδήματα
1379 1615 1534 1667 ἐξαίρε-

99 1686 171 1718 τος
191 1671 349 1712 δίδοται
370 1677 442 1713 τοῦ
465 1675 539 1714 αἰεὶ
562 1672 852 1726 βασιλεύοντος
873 1673 1089 1729 Αἶγύπτου
1111 1679 1161 1731 τῇ
1189 1673 1369 1728 γυναικὶ,
1400 1674 1535 1717 datur,

98 1730 243 1776 inquit,
271 1733 498 1782 Jmculiam's
527 1734 566 1769 in
595 1733 866 1771 calceamenta
892 1735 1012 1770 uoeori
1039 1737 1142 1779 eius,
1168 1735 1238 1784 qui
1265 1731 1442 1781 Aegypto
1463 1731 1534 1765 im-

88 1792 229 1835 perat.
295 1786 399 1824 Idem
428 1787 558 1824 Persis
586 1789 764 1837 deinceps
803 1792 990 1837 placuisse
1026 1802 1075 1826 ex
1111 1789 1262 1826 Platon.
1290 1786 1474 1823 Alcibiad.
1506 1783 1533 1820 1.

97 1852 134 1888 1).
175 1843 274 1881 123.
311 1850 350 1879 et
381 1842 564 1881 Cicerone
596 1844 660 1881 ΠΙ.
689 1847 730 1882 in
764 1845 872 1884 verr.
908 1846 980 1884 33.
1010 1845 1140 1882 docuit
1172 1844 1258 1881 Bar.
1284 1839 1466 1879 'lh-isson.
1500 1840 1530 1877 Ι.

97 1895 222 1948 Regu.
249 1897 398 1938 Persar.
436 1902 538 1941 108.
576 1901 699 1949 Atque
729 1914 773 1937 eo
803 1904 886 1939 sine
906 1902 1144 1938 dubitatione
1160 1901 1296 1937 referri
1317 1902 1535 1947 oportuerat

90 1951 320 1992 Philostrati
352 1954 400 1995 ll.
430 1957 506 1993 vit.
538 1956 714 2007 Apollon.
737 1958 809 1997 31.
839 1953 1004 2008 κώμας,
1035 1955 1084 2003 ἃς
1113 1955 1284 1996 ἐπέδωκε
1307 1957 1356 2008 τῇ
1376 1951 1535 2004 ἀδελφῇ

94 2004 125 2048 ὃ.
139 2008 333 2059 βασιλεὺς
350 2011 406 2058 εἷς
426 2008 568 2065 ζώνην.
623 2026 713 2050 nam
741 2015 852 2061 plane
879 2017 933 2052 ita
961 2013 1180 2064 Xenophon
1200 2013 1230 2050 Ι.
1256 2011 1354 2060 Exp.
1383 2009 1476 2059 Cyri
1498 2020 1531 2055 p.

95 2067 206 2105 200·
241 2064 285 2105 αἱ
313 2066 358 2106 δὲ
386 2070 520 2119 κῶμαι
550 2065 847 2122 Παρυσάτιδος
880 2063 1010 2122 ἦσαν,
1045 2070 1101 2116 εἷς
1137 2065 1267 2121 ζώνην
1298 2063 1530 2117 δεδομέναι·

95 2134 191 2169 quae
211 2125 305 2172 quin
337 2123 509 2163 Muretus
537 2133 576 2164 et
592 2126 895 2178 langermannus
914 2133 1015 2164 recte
1036 2127 1090 2165 ita
1108 2127 1358 2171 refinxerint,
1386 2122 1530 2159 nemini

95 2179 298 2216 obscurum
316 2187 386 2220 est,
416 2181 551 2220 wsss.

209 2236 281 2275 62.
303 2238 378 2276 27.
419 2235 633 2292 Φερούσης
663 2236 858 2295 ἀργυρίου
886 2235 1117 2289 τάλαντον]
1145 2237 1375 2276 Distinet-ius
1405 2233 1529 2270 Hero-

85 2288 175 2326 dot.
192 2289 239 2328 Π.
262 2293 363 2332 149.
391 2292 480 2331 Sale
499 2309 592 2334 vero
612 2297 756 2334 conditi
775 2300 908 2346 {pisces
935 2299 1077 2335 seriore
1105 2301 1226 2332 aetate
1253 2305 1391 2343 magna
1420 2292 1527 2337 copia

83 2356 145 2381 -ex
162 2345 337 2405 Aegypto
358 2351 401 2386 in
420 2350 621 2390 Graeciam
639 2360 751 2402 atque
768 2353 918 2391 Italiam
940 2352 1252 2401 asportabantur,
1282 2348 1333 2389 τὰ
1362 2348 1527 2388 Νειλῶα

85 2400 241 2456 -ταρίχη
259 2403 428 2443 Luciano
439 2410 488 2444 -in
507 2407 685 2460 Navigio.
715 2409 849 2447 VVESS.

211 2461 282 2500 62.
304 2461 376 2500 33.
407 2459 643 2516 Σεσόωσιν]
673 2467 962 2503 Υἰείοεειῃι-εεεε
986 2465 1085 2503 hane
1107 2465 1332 2514 scripturam
1358 2468 1401 2499 ut
1428 2459 1526 2496 iudi-

84 2525 180 2550 ·cem
197 2526 282 2553 cum
299 2515 350 2556 H.
372 2516 579 2569 Stephano,
602 2520 791 2559 Herodoti
809 2526 1014 2560 auctoritas
1034 2521 1187 2559 1.l‘1.mc
1208 2525 1345 2557 movet.
1377 2518 1420 2555 Si
1442 2517 1526 2564 quis

96 2575 224 2606 tamen
241 2583 288 2607 ex
306 2571 453 2611 Iustino
473 2575 643 2626 Martyre
659 2575 706 2617 τὸ
730 2573 986 2630 Σεσόρφςωσιν
1007 2592 1093 2617 cum
1115 2578 1176 2614 fr.
1196 2576 1418 2626 Sylburgio.,
1441 2575 1525 2608 viro

95 2627 287 2673 praeclare
314 2628 359 2664 de
388 2632 509 2668 literis
537 2633 697 2670 eruditis
737 2637 896 2683 merito,
928 2637 1137 2685 praeferat,
1174 2645 1368 2670 assensum
1400 2640 1524 2665 meum

95 2693 175 2718 non
204 2681 404 2722 difficulter
435 2686 598 2728 habebit.
633 2688 769 2729 Rflon.
826 2690 991 2729 Faveret
1030 2695 1125 2730 viris
1163 2690 1392 2727 doctissimis
1430 2683 1520 2721 cod.

78 2736 290 2785 -Vatican.,
311 2741 383 2777 sibi
404 2744 438 2778 si
456 2751 657 2784 constaret.
714 2746 957 2795 sesonchosi,
985 2763 1008 2786 a
1027 2750 1172 2786 Iustino
1195 2745 1305 2783 Mart.
1322 2744 1521 2780 paraenes.

96 2793 144 2830 ἃᾶ
173 2794 307 2832 Graec·
336 2808 371 2845 P·
405 2800 474 2839 10.
504 2799 550 2837 Ε.
579 2814 628 2838 ex
656 2815 736 2851 cap.
771 2805 843 2844 94.
872 2804 983 2842 huius
1014 2805 1103 2842 libri
1133 2803 1338 2852 producto,
1376 2799 1521 2836 auxilio
