1828 3253
336 216 398 257 IN
430 215 540 255 [ΑΒ.
570 213 698 255 XIV.
735 213 865 254 CAP.
906 216 946 256 7.
974 235 1021 246 -
1045 216 1115 258 ll.
1399 217 1489 257 723

36 333 128 379 cles,
156 330 338 382 Dionysii
357 326 557 382 κνὸεστνς
594 329 760 396 dixisse,
803 325 865 397 ὅτὶι
896 327 962 367 δεῖ
984 324 1058 368 τὸν
1079 326 1122 367 ἐκ
1144 330 1218 381 τῆς
1239 328 1480 380 τυρανιίδος

34 387 281 428 ἐκπίπτοντα
302 389 375 427 τοῦ
401 385 493 425 025>
498 400 569 432 ους
588 381 806 435 ἑλκόμενον
832 382 1014 431 amiam,
1040 384 1106 423 καὶ
1128 382 1186 437 μὴ
1212 384 1316 425 κατὰ
1336 385 1480 438 ποσαί-

34 459 145 495 (now
174 439 526 483 ἀπαλλάττεσθαι.
582 442 682 486 Quid
703 442 828 488 (lices,
861 442 1072 478 oblitumne
1097 444 1155 479 sui
1183 449 1397 489 auctorem,
1429 456 1477 479 an

34 503 132 538 alios
152 502 216 541 ibi..
226 502 429 550 scriptores
449 497 649 536 secutum?
696 498 807 542 Quod
828 498 922 535 mihi
948 510 1026 535 non
1048 498 1200 535 videtur
1223 512 1245 535 a
1269 512 1360 535 vero
1386 501 1477 536 alie-

35 570 126 594 num
149 558 197 594 ob
220 571 277 603 ea,
307 568 403 605 quae
427 554 525 592 Plnt.
548 567 596 591 ex
616 553 777 591 Philisto
797 554 924 604 prodit
943 555 1027 591 loco
1048 554 1163 593 (licto.
1198 554 1253 591 Ut
1273 563 1314 592 ut
1333 557 1477 592 consti-

34 616 175 660 tueris,
204 615 359 664 elegans
379 618 436 648 cst
458 610 584 649 ἕλκειν
605 618 643 648 et
662 613 881 666 κατασπᾷν
903 613 976 649 τοῦ
998 607 1188 657 σκέλους,
1218 613 1280 649 vel
1305 614 1379 650 τοῦ
1402 627 1476 650 πο-

33 667 119 716 ὸὸς,
149 671 454 718 illustratumque
474 667 519 704 ab
541 666 846 713 Hemsterhusio,
872 669 956 704 viro
978 668 1215 713 clarissimo,
1248 668 1294 704 ad
1316 668 1476 704 Luciani

32 724 82 762 D
107 724 352 762 Mort.XX1
382 722 841 773 l-VVESS.Compu1-ati
870 724 917 760 ab
947 736 1006 760 me
1038 722 1235 760 Demostli.
1269 738 1304 774 Ι).
1340 725 1473 764 1399.

32 778 126 828 άξια
150 795 308 820 τουτων
329 777 460 834 ᾦόντο
486 780 569 819 dm
591 794 805 831 προςηκειν
835 781 1045 825 ποιοῦντες
1067 776 1255 831 dqwflrjtm
1286 794 1381 830 quae
1413 784 1474 818 in—

30 839 253 888 terpretatio
281 838 327 874 ab
350 835 560 874 Schaefero
579 836 755 873 adhibita
775 843 833 872 est
853 835 947 872 mihi
968 849 1044 872 non
1069 836 1264 883 probatur.

145 897 187 936 6
177 895 232 934 4Γ
212 906 250 933 ·-)
270 894 344 934 92.
381 892 452 939 Εἷς
472 891 547 944 τὴν
568 892 806 944 πολιορκίαν
818 892 835 942 ]
867 890 1060 928 Conmode
1082 891 1270 941 lutei-pres
1293 892 1475 929 deficien-

29 959 105 989 tem
129 952 321 998 supplevit
338 952 565 987 sententiam
597 957 785 1000 quantam
807 950 1209 999 flagitentpecuniae
1232 951 1288 988 ad
1305 949 1474 987 obsidio-

27 1022 115 1046 nem
139 1008 242 1044 lianc
264 1007 500 1044 solvendam.
542 1005 633 1042 Mox
663 1008 694 1042 si
718 1002 1007 1060 ῥᾳθυμότερον
1038 1006 1224 1053 plerisque
1248 1019 1333 1043 cum
1353 1004 1472 1042 Codd.

27 1065 222 1110 malueris,
255 1070 453 1100 succurret
473 1063 632 1110 ipsemet
651 1069 784 1099 auctor
803 1060 846 1098 L.
868 1060 1010 1098 XVIII.
1031 1063 1072 1101 9.
1099 1061 1235 1099 wass.

141 1121 247 1162 645
279 1122 320 1160 6.
355 1114 683 1185 ΕισεΙθιΙβάσαντο
713 1115 817 1170 πρὸς
845 1114 917 1156 τὸν
944 1113 1193 1168 Λιοιύσιον]
1226 1118 1300 1156 Ριο
1325 1117 1473 1167 εἷσεβι*

26 1173 166 1230 βασαι
169 1191 214 1216 το
238 1177 324 1226 lego
349 1171 580 1243 εἷσεβιᾴσαι
585 1190 642 1213 το.
679 1173 745 1211 Sic
767 1181 892 1211 autem
916 1187 1026 1224 saepe
1047 1181 1250 1223 usurpatur
1273 1171 1472 1224 εἷσβιαζε-

27 1237 144 1274 σθαι.
171 1232 374 1270 Praeterea
396 1227 552 1284 ζ”τήίμρει
582 1231 710 1280 paullo
734 1237 822 1267 ante
844 1231 1046 1281 legendum
1066 1238 1169 1280 puto.
1196 1230 1352 1268 STEPH.
1382 1232 1472 1268 Pla-

27 1297 89 1328 cet
108 1297 323 1338 utrumque,
351 1290 488 1338 quippe
508 1289 663 1338 ingenio
685 1289 873 1339 sermonis
891 1288 1091 1326 munitum.
1124 1287 1230 1325 Infra
1248 1301 1279 1324 c.
1302 1290 1374 1328 86.
1398 1302 1471 1326 πο-

25 1341 168 1399 λιορκή
171 1359 315 1391 σαντες
342 1341 389 1384 τὸ
415 1343 592 1395 χωριᾞον
620 1341 666 1382 τὸ
692 1357 729 1381 ει
724 1357 807 1388 τος
826 1345 900 1382 τοῦ
924 1342 1266 1394 διατειχίσματος,
1295 1343 1370 1382 εἲσ
1362 1339 1470 1393 [2²16-

26 1401 160 1452 ζοντο.
212 1400 334 1438 Aliter
357 1400 415 1437 Ill.
437 1400 635 1450 Scaliger,
673 1401 734 1436 cui
765 1396 868 1451 πρὸς
892 1397 965 1438 τὸν
990 1399 1208 1436 inducenda
1226 1400 1471 1438 videbantur.

24 1459 159 1496 Wnss.
187 1456 348 1495 Deletur
367 1471 471 1508 προς
490 1470 512 1494 a
531 1455 752 1508 Scaliger-0.
790 1463 828 1492 at
849 1455 887 1491 id
908 1456 1068 1503 probum
1086 1456 1253 1504 videtur,
1280 1469 1358 1493 non
1378 1458 1469 1493 item

23 1518 82 1554 uti
101 1516 243 1552 dictum
262 1521 320 1551 est
345 1509 666 1563 εἷσεβιβάσαντο.
710 1511 817 1548 IDEM
837 1514 879 1549 in
898 1511 995 1548 Add.

139 1572 245 1612 646.
271 1571 344 1610 15.
383 1569 490 1620 Περὶ
511 1567 585 1620 τὴν
606 1566 722 1607 Νέαν
741 1565 857 1608 πόλιν
883 1566 1165 1620 καλουμένην]
1203 1567 1469 1619 Syracusanae

24 1627 131 1664 urbis
153 1640 254 1676 pars,
284 1639 379 1675 quae
401 1627 490 1675 quia
510 1632 699 1674 postrema
719 1625 921 1662 aedificata
941 1632 1035 1670 erat,
1067 1635 1269 1661 NEAPOLJS
1290 1628 1469 1663 nomina-

25 1684 140 1722 batur
160 1686 199 1720 in
211 1681 406 1720 Ciceronis
429 1681 471 1720 L.
487 1681 548 1718 IV.
569 1681 678 1720 Verr.
702 1694 732 1717 c.
749 1682 819 1720 53.
841 1689 879 1718 et
898 1681 1031 1718 Nostri
1050 1680 1094 1720 L.
1116 1681 1221 1718 XVI.
1239 1684 1310 1722 70.
1332 1682 1466 1719 Wsss.

136 1741 241 1780 646.
276 1741 351 1779 28.
379 1735 516 1785 Ἄξιον
544 1733 644 1776 εἶναι
672 1742 807 1788 τυχεῖν
836 1738 911 1789 τῆς
943 1732 1091 1787 ὁμοίας
1115 1733 1318 1790 χάριτος]
1348 1740 1470 1775 Acute

26 1797 199 1846 profecto
221 1809 265 1833 ac
285 1796 452 1842 fortiter,
479 1801 592 1842 atque
614 1800 657 1831 ut
677 1806 744 1842 pro
764 1794 941 1830 libertate
964 1806 1008 1830 ac
1031 1795 1154 1843 patria
1175 1793 1303 1831 decet!
1334 1794 1467 1831 Simile

23 1853 250 1891 Iudaeorum
276 1851 388 1898 illud,
418 1863 492 1901 quo
512 1852 596 1901 regi
619 1850 840 1888 Alexandro
862 1849 1040 1896 Iannaeo,
1067 1852 1235 1900 roganti,
1254 1852 1344 1899 quid
1363 1852 1465 1888 facto

25 1921 120 1958 opus
140 1916 263 1956 esset,
301 1914 343 1945 ut
363 1921 448 1945 cuin
472 1908 564 1957 ipsis
591 1909 632 1944 in
650 1909 813 1957 gratiam
833 1906 999 1953 rediret,
1036 1908 1341 1954 sut-clamarunt,
1369 1908 1468 1946 nihil

23 1966 142 2012 aliud,
168 1967 243 2002 nisi
265 1969 309 2001 ut
327 1970 550 2000 moreretur.
584 1961 918 2013 Πινθανομένου
942 1959 976 2000 δ’
999 1958 1127 2001 αὐτοῦ
1147 1977 1194 2001 το
1219 1960 1308 2016 ὄφει
1279 1965 1384 2003 ςῖῖον
1402 1979 1469 2016 7⁸-

22 2020 194 2069 νέσθαι,
233 2034 384 2066 παιτες
407 2016 588 2070 ἐβόησαν
618 2017 846 2060 αποθανεΐν
878 2013 1004 2058 αὐτόν
1035 2016 1183 2074 loseph.
1221 2018 1302 2058 Iud.
1335 2021 1466 2070 An‘tiq'.

22 2076 68 2118 L.
88 2077 199 2116 XIII.
231 2078 295 2117 13
322 2077 362 2116 5.
395 2076 529 2113 IVESS.

137 2134 242 2174 646.
262 2134 335 2173 38.
373 2131 432 2172 Oc
449 2129 721 2186 πορευθέντες
742 2130 798 2178 εἷς
813 2127 1073 2182 ”Εντελλαν]
1110 2130 1169 2168 De
1191 2124 1468 2181 Campanorum

22 2189 98 2228 hoc
127 2192 268 2227 scelere
296 2187 492 2238 Ephorum
519 2189 562 2228 L.
592 2188 697 2225 XVI.
727 2189 881 2225 uberius
910 2201 1234 2234 conmemorasse,
1272 2191 1393 2238 liquet
1421 2184 1468 2227 cx

26 2245 224 2295 Stephano
245 2242 514 2285 ἱιι”Εντελλα.
543 2245 664 2297 Iunge
684 2244 753 2281 Ph.
775 2243 994 2283 Cluverium
1014 2243 1123 2283 Sicil.
1144 2244 1269 2295 Antiq.
1296 2245 1339 2285 L.
1366 2246 1411 2283 II.
1433 2261 1467 2297 Ι).

25 2300 133 2342 379.
162 2302 298 2341 Wnss.

138 2359 244 2399 646
274 2357 349 2398 45
399 2357 485 2398 Και
523 2355 599 2410 τὴν
632 2354 844 2424 msericyi'jv
883 2355 951 2395 καὶ
981 2371 1057 2409 την
1088 2372 1194 2396 κατα
1222 2352 1306 2396 θα)
1313 2359 1468 2407 ατταν]

25 2413 194 2466 Egregia
219 2421 332 2463 atque
362 2415 578 2452 admirabili
602 2415 830 2451 eruditionis
851 2413 1033 2462 adparatu
1063 2413 1245 2450 distincta
1276 2414 1321 2450 de
1348 2414 1414 2462 Sp
1416 2428 1470 2450 ιι-

24 2476 205 2508 tanorum
235 2470 307 2508 hoc
335 2469 521 2509 Graeciae
549 2473 709 2519 imperio
731 2477 996 2507 conmentatur
1019 2469 1068 2509 ls.
1090 2468 1302 2507 Casaubon.
1329 2472 1369 2507 in
1392 2471 1470 2507 Po-

28 2526 106 2575 lyb.
127 2526 154 2564 1.
172 2529 213 2567 2.
244 2526 378 2565 Wess.

141 2584 246 2623 646.
283 2584 356 2623 52.
399 2579 460 2622 Οὗ
483 2579 689 2634 χρώμενοι
722 2580 973 2634 νομίσματι]
1012 2581 1108 2619 Vide
1137 2585 1243 2620 viros
1271 2583 1402 2619 doctos
1425 2582 1473 2620 ad

28 2637 180 2676 Aelian.
202 2639 294 2678 Var.
315 2638 418 2676 Hist.
436 2639 478 2677 L.
499 2640 605 2677 XIV.
627 2641 700 2679 29.
733 2638 913 2688 Spartani
939 2645 1026 2675 ante
1058 2638 1129 2676 hoc
1157 2646 1308 2687 tempus
1338 2652 1474 2676 numos

28 2706 164 2730 aureos
193 2699 230 2730 et
252 2702 454 2744 argenteos
477 2709 556 2733 non
580 2697 856 2741 admittebant,
887 2695 1024 2732 ferreis
1046 2697 1130 2742 usi,
1173 2696 1239 2732 sed
1258 2691 1475 2748 βαρυστά-

27 2752 157 2802 θμοις
180 2748 248 2787 καὶ
269 2748 673 2802 δυσπαρακομίστοις
694 2752 794 2801 apud
806 2750 1084 2802 Plut.Lysand.
1099 2751 1313 2800 p.442-D.
1336 2751 1474 2789 WEss.

144 2806 249 2846 647.
283 2807 354 2847 80.
393 2807 669 2857 λἀρίσασθάι
690 2803 944 2858 βουλόμενος
968 2805 1348 2859 Λακεδαιμοιίἣης]
1382 2806 1476 2843 Rem

29 2859 131 2899 Plut.
169 2863 290 2899 Alcib.
320 2875 358 2912 Ι).
386 2863 491 2902 213.
521 2871 558 2901 ct
588 2863 851 2914 Corn.‘Nepos
872 2864 992 2901 Alcib.
1019 2868 1050 2901 c.
1077 2866 1145 2905 10.
1175 2865 1367 2900 referunt:
1416 2863 1478 2899 hic

1169 2922 1229 2959 46
1250 2924 1269 2938 ¹⁶
