1828 3253
282 103 375 146 564
737 97 1253 139 ANNOTATIONES

287 231 364 269 ρας
392 209 608 265 θαλάττης
640 207 800 266 ἄφὲξειν
832 209 929 251 ἅνω.
970 211 1191 250 Aemulatur
1220 220 1258 250 et
1286 212 1472 250 Aristides
1497 212 1656 251 Panath.
1687 226 1723 262 p.

287 273 395 313 294.
434 268 518 309 ἀλλ’
553 268 704 320 αὐτῆς,
737 268 862 322 φησὶ,
895 268 1024 308 ἵππου
1049 265 1203 322 δρόμον
1231 266 1387 323 ἡμέρας
1407 272 1480 321 τῆς
1509 266 1724 320 θαλάττης

289 323 548 379 ἀποσχήσεις.
570 326 698 374 ltaque
716 327 812 362 male
834 320 991 376 ’ἡμέρας
1009 327 1234 363 vocabulum
1254 328 1361 363 abest
1383 339 1429 362 ex
1450 325 1614 363 Himerii
1629 325 1721 362 Cod.

287 383 606 429 Uffenbachiano,
624 394 734 430 quem
759 381 938 420 lo.}lcnr.
957 382 1080 419 Maius
1101 390 1274 419 recenset
1296 382 1518 419 Uffenbach.
1542 381 1722 419 Biblioth.

289 455 324 491 p.
348 442 466 485 fi27.‚
487 453 558 475 nec
578 445 682 475 recte
700 445 870 474 mutatui·
892 442 930 474 in
950 434 1150 489 ἡμετέρας
1173 439 1218 475 ab
1240 440 1496 476 eruditissimo
1513 437 1669 475 Kuhnio
1683 440 1725 474 in

288 499 418 535 verbis
456 495 637 532 Aristidis
667 495 714 532 ad
741 494 905 532 Pausan.
934 493 962 531 Ι.
989 497 1028 535 8.
1060 495 1151 532 Abit
1177 497 1223 533 ab
1252 495 1323 533 hac
1351 496 1517 533 formula
1536 494 1723 531 Isocrates

288 552 450 591 Panath.
475 565 511 600 p.
535 553 641 592 359.
664 549 737 590 οὐκ
757 549 850 601 ἐξῆν
873 547 1013 597 αὐτοῖς
1038 548 1130 590 οὔτε
1151 549 1420 598 ε’ντόςἌλυος
1443 552 1632 602 ποταμοῦ
1653 565 1725 590 πε-

289 610 343 661 ζῷ
367 608 642 659 καταβαίνειν,
670 608 807 656 quihus
827 610 980 656 gemina
1002 610 1043 644 in
1067 607 1336 659 Areopagitica
1355 615 1535 645 extrema.
1566 607 1610 644 ld
1629 618 1723 645 vero

288 667 516 704 Plutarchus
535 664 630 703 Cim.
654 678 688 714 p.
709 665 816 703 491.
830 662 870 700 C.
892 667 1055 712 spatium
1073 666 1324 714 amplitudine
1344 665 1555 702 stadiorum
1572 671 1726 700 trecen-

288 729 427 768 torum,
457 722 645 758 Aristides
665 719 874 757 Panathen.
896 735 929 770 p.
950 723 1056 760 267.
1086 722 1220 759 stadiis
1247 724 1466 772 quingentis
1485 723 1658 766 metitur,
1690 720 1725 756 si

287 786 413 816 tamen
443 781 590 815 numeri
617 778 819 825 utrobique
842 779 939 814 vitio
961 784 1137 824 careant,
1163 778 1209 814 de
1231 789 1304 826 quo
1326 779 1471 814 dubito.
1510 776 1642 814 Potest
1661 777 1725 813 vir

288 836 487 886 expeditus
508 835 646 871 diurno
670 835 810 870 itinere
833 833 1016 870 conmode
1035 834 1235 871 absolvere
1259 834 1382 871 stadia
1401 840 1552 870 centum
1572 840 1724 882 septua-

287 895 415 943 ginta:
445 889 588 927 Noster
606 897 731 927 autem
750 891 865 926 trium
876 890 1024 927 dierum
1042 892 1165 938 spatio
1189 903 1273 927 cum
1286 890 1421 927 Persas
1440 903 1462 926 a
1481 891 1579 926 mari
1592 889 1724 925 seiun-

287 956 367 999 gat,
395 950 530 996 opinor
550 949 590 984 in
614 945 810 984 Plutarchi
830 949 999 983 numeris
1021 953 1219 996 peccatum
1239 960 1335 994 esse,
1358 947 1472 995 idque
1493 959 1562 996 ope
1585 945 1727 981 Aristi-

287 1005 347 1042 dis
366 1003 581 1040 eluendum.
609 1003 744 1040 W⁷ESS.

398 1061 505 1099 481.
534 1061 609 1098 29.
645 1056 784 1104 Ἐντὸς
817 1054 1030 1108 Φάσιδος]
1070 1058 1204 1096 Scribe
1232 1057 1494 1110 Φασηλίδος,
1524 1070 1618 1106 quae
1636 1055 1727 1093 urbs

287 1123 345 1153 est
363 1116 624 1165 Pamphyliae,
651 1123 746 1152 teste
768 1114 977 1163 Stephano.
1003 1114 1139 1152 Rnon.
1166 1113 1306 1161 ’Evzag
1330 1113 1590 1167 Φασηλίδος]
1621 1112 1729 1150 Scri-

287 1176 341 1222 pti
363 1172 479 1211 Codd.
501 1172 572 1209 hoc
593 1174 801 1221 postulant,
824 1185 961 1221 resque
982 1173 1075 1221 ipsa.
1117 1171 1261 1210 Phasis
1280 1172 1422 1209 fluvius
1440 1172 1537 1208 nihil
1557 1171 1604 1208 ad
1625 1169 1727 1206 hunc

288 1232 427 1276 locum,
449 1231 563 1266 sicuti
583 1242 645 1265 res
668 1231 751 1278 ipsa
772 1230 922 1275 clamat,
943 1236 981 1264 et
1001 1228 1185 1266 {socrates
1207 1228 1398 1279 Panegyr.
1421 1229 1542 1278 p.93.
1566 1233 1604 1264 et
1622 1226 1726 1263 Pan-

287 1285 414 1323 athen.
446 1299 479 1334 p.
503 1286 608 1325 360.
639 1285 780 1321 Natum
801 1285 993 1321 scribendi
1015 1285 1228 1334 conpendio
1257 1288 1395 1322 vitium
1414 1285 1591 1332 videtur,
1626 1282 1728 1331 quod

287 1349 325 1379 et
349 1344 551 1390 occupavit
578 1342 671 1378 haec
690 1341 858 1392 Lycurgi
886 1341 927 1377 in
950 1341 1121 1378 Leocrat.
1146 1355 1180 1392 p.
1207 1342 1308 1381 157.
1335 1343 1481 1395 μακρῷ
1501 1339 1577 1391 μὲν
1597 1337 1728 1392 πλοίῳ

283 1395 341 1451 μὴ
364 1400 477 1437 πλεῖν
497 1395 611 1444 ἔντος
632 1395 830 1437 Κυανέων
851 1396 919 1435 καὶ
943 1393 1140 1444 Φάσιδος.
1161 1398 1344 1435 Phaselis
1363 1397 1609 1447 Pamphyliae
1638 1396 1730 1432 urbs

287 1461 369 1492 erat
401 1468 516 1504 prope
553 1462 720 1491 montem
749 1452 953 1490 Climacem
980 1455 1079 1504 apud
1111 1454 1291 1491 Strabon.
1329 1454 1371 1491 L.
1405 1453 1511 1491 XlV.
1553 1465 1590 1501 p.
1622 1453 1729 1492 982.

287 1511 349 1548 Illi
367 1513 444 1548 alto
465 1514 506 1548 in
528 1513 622 1548 mari
651 1511 827 1547 obiacent
845 1516 923 1546 tres
943 1510 1091 1547 insulae
1112 1509 1380 1557 Chelidoneae,
1403 1523 1505 1547 mare
1539 1507 1731 1558 Pamphy-

286 1570 378 1605 lium
400 1574 438 1603 et
458 1567 619 1617 Lycium
640 1567 934 1617 distinguenteS,
959 1573 1053 1603 teste
1074 1566 1244 1604 Luciano
1265 1571 1305 1605 in
1326 1567 1466 1618 Navig.
1489 1580 1522 1605 c.
1558 1569 1597 1607 8.
1616 1565 1729 1601 Unde

287 1626 517 1671 scriptorum
537 1625 616 1670 alii,
638 1622 928 1669 Demosthenes,
962 1623 1165 1671 Aristides,
1202 1623 1398 1661 Himerius
1427 1630 1465 1660 et
1501 1621 1729 1660 Plutarchus

285 1687 439 1730 pactum
464 1681 584 1717 fuisse
617 1682 745 1726 aiunt,
780 1677 893 1725 ἐντὸς
914 1678 1170 1719 λέλιὸόνέων
1191 1680 1257 1719 καὶ
1279 1678 1476 1720 Κυανέων
1501 1678 1628 1733 πλοίῳ
1648 1692 1730 1729 μα-

287 1738 372 1790 κρῷ
396 1733 452 1787 μὴ
478 1736 603 1774 πλεῖν.
636 1748 795 1784 quarum
813 1734 1067 1773 Chelidoneae
1085 1737 1283 1774 meridiem
1301 1750 1449 1784 versus,
1482 1735 1658 1786 Cyaneae
1680 1733 1729 1771 ad

287 1795 595 1841 septemtrionem
614 1792 743 1830 Persis
764 1793 976 1844 navigandi
994 1793 1091 1830 fines
1114 1800 1236 1840 erant,
1262 1800 1305 1830 ut
1324 1794 1418 1830 bene
1447 1791 1637 1829 Aristides
1656 1791 1731 1828 Pa-

287 1848 393 1886 nath.
422 1863 457 1898 p.
486 1851 592 1888 267.
620 1849 761 1888 wssss.
1106 1878 1112 1893 2
1148 1863 1150 1865 “

400 1907 507 1945 481.
534 1907 606 1946 36.
631 1901 761 1960 Νόσῳ
782 1905 1049 1957 τελευτῆσαι]
1080 1903 1169 1943 Non
1191 1904 1362 1953 deerant,
1392 1905 1456 1954 qui
1482 1916 1529 1941 ex
1558 1905 1731 1947 vulnere,

287 1962 389 2010 quod
409 1975 496 1999 cum
526 1962 697 2000 barbaris
718 1961 929 2012 confligens
947 1969 1158 2011 acceperat,
1185 1968 1375 1999 mortuum
1395 1962 1613 1998 referebant
1631 1957 1731 2007 apud

287 2017 482 2055 Plutarch.
513 2016 609 2057 Cim.
641 2031 675 2067 p.
707 2019 814 2058 491.
848 2018 892 2054 A.
940 2018 1083 2055 Nostro
1112 2018 1366 2068 adstipulatur
1401 2016 1531 2054 Schol.
1569 2015 1732 2064 Thucyr-

290 2074 391 2111 didis
414 2074 440 2110 l.
478 2076 580 2114 112.
611 2083 724 2123 atque
750 2077 831 2123 ipsc
852 2075 1092 2111 Plutarchus.
1126 2074 1260 2111 WEsS.

401 2131 508 2171 481.
539 2132 613 2170 39.
651 2125 883 2183 Ῥωμίλιον]
922 2131 1017 2169 Vide
1037 2130 1224 2169 Harduin.
1253 2132 1295 2168 in
1323 2129 1443 2167 Plinii
1474 2128 1518 2166 L.
1541 2127 1626 2167 V11.
1657 2128 1731 2167 28-

291 2185 426 2224 wass.

403 2243 510 2284 481.
538 2241 614 2283 40.
644 2238 879 2296 Κιχῶριον]
905 2243 1019 2281 Forte
1040 2243 1260 2295 Κικυρῖνον
1278 2244 1452 2292 scripsit:
1473 2241 1520 2279 ad
1549 2241 1735 2278 Graecam

293 2305 421 2336 tamen
440 2299 636 2336 inflexisse
658 2313 814 2347 vocem,
840 2307 882 2336 ut
902 2302 1012 2348 solet,
1046 2300 1210 2338 videtur.
1239 2299 1375 2335 Ram».

403 2357 489 2396 48]
503 2384 510 2391 -
537 2356 613 2395 42.
642 2356 811 2405 Κρίσων
826 2352 1053 2409 Ἱμεραῖος]
1074 2356 1199 2393 Habet
1222 2355 1323 2392 hunc
1342 2359 1527 2392 victorem
1548 2352 1731 2401 Dionysi*
1760 2361 1767 2369 “

295 2424 338 2447 us
358 2410 448 2451 Ant.
478 2410 587 2448 Rom.
615 2414 734 2460 princ.
766 2412 807 2449 L,
833 2412 904 2450 Xl.
934 2413 1082 2450 Bellum
1103 2426 1187 2449 cum
1210 2411 1497 2463 Megarensibus
1518 2411 1602 2460 geri
1622 2417 1731 2452 coep-

295 2473 376 2504 tum
394 2475 464 2513 est,
494 2481 577 2504 cum
601 2467 770 2505 Pericles
789 2472 828 2506 in
854 2469 1008 2507 Euboea
1042 2476 1184 2520 ageret,
1212 2476 1255 2505 ut
1281 2483 1363 2506 eam
1392 2468 1433 2504 in
1466 2467 1636 2503 ordinem
1668 2473 1733 2496 00-

292 2531 414 2574 geret,
445 2523 670 2574 Thucydide
691 2532 788 2562 teste
811 2526 852 2562 L.
886 2526 910 2563 l.
945 2527 1048 2566 114.
1086 2526 1223 2562 Wssss.

403 2581 510 2621 481.
539 2582 609 2620 53.
642 2577 850 2634 Ἀστέριον
877 2580 1121 2635 Φοντίνιον]
1162 2580 1319 2617 Rectius
1346 2573 1552 2624 Ἀτέριον.
1584 2570 1731 2611 Φαντί-

294 2649 378 2680 νιος
397 2643 522 2674 autem
541 2638 671 2685 posuit
705 2650 772 2685 pro
805 2635 1085 2685 Φοντινάλιος,
1104 2644 1146 2675 ut
1168 2639 1218 2673 sit
1251 2634 1477 2671 Fontinalis
1507 2629 1730 2665 Romanum.

294 2689 426 2728 RHOD.
454 2691 552 2730 Mire
567 2693 784 2741 discrepant
804 2702 979 2732 auctores
1001 2696 1040 2731 in
1062 2694 1199 2745 gentili
1219 2691 1387 2729 consulis
1406 2689 1582 2732 nomine,
1602 2692 1644 2721 ut
1664 2697 1728 2720 co-

292 2749 393 2795 piose
418 2748 622 2800 Sigonius,
649 2749 887 2798 Gebhardus,
917 2749 1097 2788 anerus
1128 2757 1165 2786 ct
1185 2744 1523 2785 Drakenborchius
1549 2741 1596 2777 ad
1624 2740 1726 2777 Livii
