<?xml version="1.0" encoding="UTF-8"?>
<!DOCTYPE html PUBLIC "-//W3C//DTD XHTML 1.0 Transitional//EN"
    "http://www.w3.org/TR/xhtml1/DTD/xhtml1-transitional.dtd">
<html xmlns="http://www.w3.org/1999/xhtml" xml:lang="en" lang="en">
 <head>
  <title>
</title>
<meta http-equiv="Content-Type" content="text/html;charset=utf-8" />
  <meta name='ocr-system' content='tesseract 3.04.00' />
  <meta name='ocr-capabilities' content='ocr_page ocr_carea ocr_par ocr_line ocrx_word'/>
</head>
<body>
  <div class='ocr_page' id='page_1' title='image "./bibliothecahisto04dioduoft_0730.png"; bbox 0 0 1828 3253; ppageno 0'>
   <div class='ocr_carea' id='block_1_1' title="bbox 265 127 1257 172">
    <p class='ocr_par' dir='ltr' id='par_1_1' title="bbox 265 127 1257 172">
     <span class='ocr_line' id='line_1_1' title="bbox 265 127 1257 172; baseline -0.001 -2"><span class='ocrx_word' id='word_1_1' title='bbox 265 129 356 171; x_wconf 76' lang='lat'>690</span> <span class='ocrx_word' id='word_1_2' title='bbox 737 127 1257 172; x_wconf 77' lang='lat' dir='ltr'>ANNOTATIONES</span> 
     </span>
    </p>
   </div>
   <div class='ocr_carea' id='block_1_2' title="bbox 268 241 1722 350">
    <p class='ocr_par' dir='ltr' id='par_1_2' title="bbox 268 241 1722 350">
     <span class='ocr_line' id='line_1_2' title="bbox 268 241 1722 292; baseline 0.004 -14"><span class='ocrx_word' id='word_1_3' title='bbox 268 241 396 280; x_wconf 75' lang='lat' dir='ltr'>Vales.</span> <span class='ocrx_word' id='word_1_4' title='bbox 418 254 452 290; x_wconf 89' lang='lat' dir='ltr'>p.</span> <span class='ocrx_word' id='word_1_5' title='bbox 476 242 581 284; x_wconf 80' lang='grc'><strong>306.</strong></span> <span class='ocrx_word' id='word_1_6' title='bbox 612 242 762 281; x_wconf 85' lang='lat' dir='ltr'>Poterit</span> <span class='ocrx_word' id='word_1_7' title='bbox 782 246 909 290; x_wconf 77' lang='lat' dir='ltr'>etium,</span> <span class='ocrx_word' id='word_1_8' title='bbox 937 241 1011 280; x_wconf 87' lang='lat' dir='ltr'>hoc</span> <span class='ocrx_word' id='word_1_9' title='bbox 1031 242 1184 292; x_wconf 83' lang='lat' dir='ltr'>quidem</span> <span class='ocrx_word' id='word_1_10' title='bbox 1204 244 1304 291; x_wconf 85' lang='lat'><strong>1000,</strong></span> <span class='ocrx_word' id='word_1_11' title='bbox 1332 249 1413 282; x_wconf 86' lang='lat' dir='ltr'>arte</span> <span class='ocrx_word' id='word_1_12' title='bbox 1439 246 1617 283; x_wconf 86' lang='lat' dir='ltr'>connecti</span> <span class='ocrx_word' id='word_1_13' title='bbox 1635 258 1722 284; x_wconf 86' lang='lat' dir='ltr'>cum</span> 
     </span>
     <span class='ocr_line' id='line_1_3' title="bbox 275 295 976 350; baseline -0.001 -15"><span class='ocrx_word' id='word_1_14' title='bbox 275 300 450 347; x_wconf 82' lang='lat' dir='ltr'><strong>sequenti</strong></span> <span class='ocrx_word' id='word_1_15' title='bbox 471 295 587 337; x_wconf 61' lang='lat'><em>0635*</em></span> <span class='ocrx_word' id='word_1_16' title='bbox 558 313 612 344; x_wconf 61' lang='grc' dir='ltr'>εις</span> <span class='ocrx_word' id='word_1_17' title='bbox 633 295 800 350; x_wconf 72' lang='grc' dir='ltr'><strong>ἐτόλμα.</strong></span> <span class='ocrx_word' id='word_1_18' title='bbox 837 299 886 337; x_wconf 91' lang='lat' dir='ltr'>W</span> <span class='ocrx_word' id='word_1_19' title='bbox 892 309 976 335; x_wconf 77' lang='lat' dir='ltr'>Ess.</span> 
     </span>
    </p>
   </div>
   <div class='ocr_carea' id='block_1_3' title="bbox 277 350 1751 2814">
    <p class='ocr_par' dir='ltr' id='par_1_3' title="bbox 277 350 1728 738">
     <span class='ocr_line' id='line_1_4' title="bbox 391 350 1720 425; baseline 0.002 -32"><span class='ocrx_word' id='word_1_20' title='bbox 391 355 497 396; x_wconf 83' lang='lat'><strong>615.</strong></span> <span class='ocrx_word' id='word_1_21' title='bbox 526 355 599 395; x_wconf 72' lang='lat'>30</span> <span class='ocrx_word' id='word_1_22' title='bbox 638 353 716 421; x_wconf 68' lang='lat' dir='ltr'>May</span> <span class='ocrx_word' id='word_1_23' title='bbox 749 360 972 407; x_wconf 71' lang='grc' dir='ltr'>περιμεῖναι</span> <span class='ocrx_word' id='word_1_24' title='bbox 1004 352 1077 395; x_wconf 81' lang='grc' dir='ltr'>τὸν</span> <span class='ocrx_word' id='word_1_25' title='bbox 1106 352 1212 396; x_wconf 81' lang='grc' dir='ltr'><em>κατὰ</em></span> <span class='ocrx_word' id='word_1_26' title='bbox 1239 351 1336 401; x_wconf 75' lang='grc' dir='ltr'><em>τοὺς</em></span> <span class='ocrx_word' id='word_1_27' title='bbox 1359 350 1514 406; x_wconf 78' lang='grc' dir='ltr'>νόμους</span> <span class='ocrx_word' id='word_1_28' title='bbox 1538 353 1720 425; x_wconf 78' lang='grc' dir='ltr'>κλῆρον]</span> 
     </span>
     <span class='ocr_line' id='line_1_5' title="bbox 277 407 1723 463; baseline 0.004 -17"><span class='ocrx_word' id='word_1_29' title='bbox 277 408 598 461; x_wconf 67' lang='lat' dir='ltr'>Interp.m10‹)2</span> <span class='ocrx_word' id='word_1_30' title='bbox 619 415 748 449; x_wconf 83' lang='lat' dir='ltr'>verius</span> <span class='ocrx_word' id='word_1_31' title='bbox 778 414 971 450; x_wconf 76' lang='lat' dir='ltr'><strong>censuisse</strong></span> <span class='ocrx_word' id='word_1_32' title='bbox 990 411 1163 450; x_wconf 82' lang='lat' dir='ltr'>videtur:</span> <span class='ocrx_word' id='word_1_33' title='bbox 1193 426 1264 463; x_wconf 82' lang='lat' dir='ltr'>ego</span> <span class='ocrx_word' id='word_1_34' title='bbox 1286 411 1383 449; x_wconf 88' lang='lat' dir='ltr'>nihil</span> <span class='ocrx_word' id='word_1_35' title='bbox 1403 419 1522 450; x_wconf 87' lang='lat' dir='ltr'>muto.</span> <span class='ocrx_word' id='word_1_36' title='bbox 1547 407 1595 451; x_wconf 80' lang='lat' dir='ltr'>‘O</span> <span class='ocrx_word' id='word_1_37' title='bbox 1617 409 1723 451; x_wconf 79' lang='grc' dir='ltr'><em>κατὰ</em></span> 
     </span>
     <span class='ocr_line' id='line_1_6' title="bbox 280 462 1726 519; baseline 0.001 -14"><span class='ocrx_word' id='word_1_38' title='bbox 280 464 379 511; x_wconf 76' lang='grc' dir='ltr'><em>τοὺς</em></span> <span class='ocrx_word' id='word_1_39' title='bbox 402 462 554 516; x_wconf 73' lang='grc' dir='ltr'>ιὸιιους</span> <span class='ocrx_word' id='word_1_40' title='bbox 582 468 732 519; x_wconf 60' lang='lat'>2711909</span> <span class='ocrx_word' id='word_1_41' title='bbox 751 469 990 505; x_wconf 82' lang='lat' dir='ltr'>sortitionem</span> <span class='ocrx_word' id='word_1_42' title='bbox 1013 468 1205 515; x_wconf 78' lang='lat' dir='ltr'>iudicum,</span> <span class='ocrx_word' id='word_1_43' title='bbox 1250 480 1344 516; x_wconf 88' lang='lat' dir='ltr'>quae</span> <span class='ocrx_word' id='word_1_44' title='bbox 1374 480 1421 505; x_wconf 84' lang='lat' dir='ltr'>ex</span> <span class='ocrx_word' id='word_1_45' title='bbox 1442 468 1589 518; x_wconf 85' lang='lat' dir='ltr'>legibus</span> <span class='ocrx_word' id='word_1_46' title='bbox 1612 471 1726 507; x_wconf 89' lang='lat' dir='ltr'>insti-</span> 
     </span>
     <span class='ocr_line' id='line_1_7' title="bbox 280 523 1726 575; baseline 0 -14"><span class='ocrx_word' id='word_1_47' title='bbox 280 523 482 567; x_wconf 74' lang='lat' dir='ltr'>tuebatur.</span> <span class='ocrx_word' id='word_1_48' title='bbox 518 523 689 560; x_wconf 87' lang='lat' dir='ltr'>indicare</span> <span class='ocrx_word' id='word_1_49' title='bbox 709 531 846 571; x_wconf 85' lang='lat' dir='ltr'>potest.</span> <span class='ocrx_word' id='word_1_50' title='bbox 893 523 1003 561; x_wconf 85' lang='lat' dir='ltr'>Hanc</span> <span class='ocrx_word' id='word_1_51' title='bbox 1032 523 1244 575; x_wconf 88' lang='lat' dir='ltr'>Dionysius</span> <span class='ocrx_word' id='word_1_52' title='bbox 1273 524 1566 573; x_wconf 82' lang='lat' dir='ltr'>exspectandam</span> <span class='ocrx_word' id='word_1_53' title='bbox 1597 531 1726 575; x_wconf 85' lang='lat' dir='ltr'>negat,</span> 
     </span>
     <span class='ocr_line' id='line_1_8' title="bbox 281 578 1726 629; baseline 0.002 -15"><span class='ocrx_word' id='word_1_54' title='bbox 281 586 413 626; x_wconf 80' lang='lat' dir='ltr'><strong>utpote</strong></span> <span class='ocrx_word' id='word_1_55' title='bbox 445 578 619 626; x_wconf 86' lang='lat' dir='ltr'>dubiam,</span> <span class='ocrx_word' id='word_1_56' title='bbox 658 587 694 616; x_wconf 92' lang='lat' dir='ltr'>et</span> <span class='ocrx_word' id='word_1_57' title='bbox 726 580 928 628; x_wconf 75' lang='lat' dir='ltr'>cupiditati</span> <span class='ocrx_word' id='word_1_58' title='bbox 955 582 1128 629; x_wconf 79' lang='lat' dir='ltr'>imperii,</span> <span class='ocrx_word' id='word_1_59' title='bbox 1165 592 1238 629; x_wconf 88' lang='lat' dir='ltr'>qua</span> <span class='ocrx_word' id='word_1_60' title='bbox 1269 580 1449 627; x_wconf 78' lang='lat' dir='ltr'>ardebat,</span> <span class='ocrx_word' id='word_1_61' title='bbox 1483 583 1726 617; x_wconf 87' lang='lat' dir='ltr'>contrariam.</span> 
     </span>
     <span class='ocr_line' id='line_1_9' title="bbox 282 634 1728 687; baseline 0.003 -17"><span class='ocrx_word' id='word_1_62' title='bbox 282 634 441 674; x_wconf 79' lang='lat' dir='ltr'>Praeter</span> <span class='ocrx_word' id='word_1_63' title='bbox 461 641 607 672; x_wconf 82' lang='lat' dir='ltr'>ceteros</span> <span class='ocrx_word' id='word_1_64' title='bbox 631 642 756 673; x_wconf 85' lang='lat' dir='ltr'>autem</span> <span class='ocrx_word' id='word_1_65' title='bbox 776 634 1026 686; x_wconf 82' lang='lat' dir='ltr'>Daphnaeum</span> <span class='ocrx_word' id='word_1_66' title='bbox 1050 650 1135 675; x_wconf 87' lang='lat' dir='ltr'>cum</span> <span class='ocrx_word' id='word_1_67' title='bbox 1154 639 1318 675; x_wconf 79' lang='lat' dir='ltr'>maxime</span> <span class='ocrx_word' id='word_1_68' title='bbox 1340 650 1448 675; x_wconf 87' lang='lat' dir='ltr'>reum</span> <span class='ocrx_word' id='word_1_69' title='bbox 1467 638 1558 687; x_wconf 85' lang='lat' dir='ltr'>egit,</span> <span class='ocrx_word' id='word_1_70' title='bbox 1587 636 1728 674; x_wconf 81' lang='lat' dir='ltr'>docen-</span> 
     </span>
     <span class='ocr_line' id='line_1_10' title="bbox 286 690 1012 738; baseline 0.003 -11"><span class='ocrx_word' id='word_1_71' title='bbox 286 696 327 727; x_wconf 84' lang='lat' dir='ltr'>te</span> <span class='ocrx_word' id='word_1_72' title='bbox 347 690 580 738; x_wconf 75' lang='lat' dir='ltr'>philosopho</span> <span class='ocrx_word' id='word_1_73' title='bbox 604 691 717 730; x_wconf 82' lang='lat' dir='ltr'>Polit.</span> <span class='ocrx_word' id='word_1_74' title='bbox 738 691 784 727; x_wconf 89' lang='lat' dir='ltr'>V.</span> <span class='ocrx_word' id='word_1_75' title='bbox 807 693 847 731; x_wconf 84' lang='lat'>5.</span> <span class='ocrx_word' id='word_1_76' title='bbox 878 692 1012 729; x_wconf 65' lang='lat' dir='ltr'><strong>VVESS.</strong></span> 
     </span>
    </p>

    <p class='ocr_par' dir='ltr' id='par_1_4' title="bbox 285 742 1737 1302">
     <span class='ocr_line' id='line_1_11' title="bbox 399 742 1728 801; baseline -0.002 -14"><span class='ocrx_word' id='word_1_77' title='bbox 399 748 506 787; x_wconf 78' lang='lat'><strong>615.</strong></span> <span class='ocrx_word' id='word_1_78' title='bbox 535 748 606 788; x_wconf 57' lang='lat'><strong>34).</strong></span> <span class='ocrx_word' id='word_1_79' title='bbox 630 742 678 785; x_wconf 75' lang='lat' dir='ltr'>‘O</span> <span class='ocrx_word' id='word_1_80' title='bbox 707 745 781 793; x_wconf 66' lang='grc' dir='ltr'>τὰς</span> <span class='ocrx_word' id='word_1_81' title='bbox 817 746 999 799; x_wconf 74' lang='grc' dir='ltr'><strong><em>ἱστορίας</em></strong></span> <span class='ocrx_word' id='word_1_82' title='bbox 1025 744 1198 799; x_wconf 70' lang='grc' dir='ltr'>ὕστερον</span> <span class='ocrx_word' id='word_1_83' title='bbox 1220 743 1490 801; x_wconf 74' lang='grc' dir='ltr'><em>συγγράψας]</em></span> <span class='ocrx_word' id='word_1_84' title='bbox 1521 748 1617 785; x_wconf 84' lang='lat' dir='ltr'>Vide</span> <span class='ocrx_word' id='word_1_85' title='bbox 1638 749 1728 786; x_wconf 81' lang='lat' dir='ltr'>infr.</span> 
     </span>
     <span class='ocr_line' id='line_1_12' title="bbox 287 802 1729 853; baseline 0.003 -16"><span class='ocrx_word' id='word_1_86' title='bbox 287 815 321 840; x_wconf 85' lang='lat' dir='ltr'>c.</span> <span class='ocrx_word' id='word_1_87' title='bbox 355 804 454 842; x_wconf 87' lang='lat'><strong>103.</strong></span> <span class='ocrx_word' id='word_1_88' title='bbox 492 802 596 839; x_wconf 85' lang='lat' dir='ltr'>Hine</span> <span class='ocrx_word' id='word_1_89' title='bbox 626 816 718 840; x_wconf 81' lang='lat' dir='ltr'>vero</span> <span class='ocrx_word' id='word_1_90' title='bbox 750 806 842 841; x_wconf 87' lang='lat' dir='ltr'>satis</span> <span class='ocrx_word' id='word_1_91' title='bbox 869 805 1051 852; x_wconf 76' lang='lat' dir='ltr'>adparet,</span> <span class='ocrx_word' id='word_1_92' title='bbox 1077 804 1284 842; x_wconf 86' lang='lat' dir='ltr'>Philistum</span> <span class='ocrx_word' id='word_1_93' title='bbox 1305 805 1416 841; x_wconf 82' lang='lat' dir='ltr'>domo</span> <span class='ocrx_word' id='word_1_94' title='bbox 1443 803 1729 853; x_wconf 82' lang='lat' dir='ltr'>Syracusanum</span> 
     </span>
     <span class='ocr_line' id='line_1_13' title="bbox 285 859 1731 911; baseline 0.001 -16"><span class='ocrx_word' id='word_1_95' title='bbox 285 859 428 907; x_wconf 84' lang='lat' dir='ltr'>fuisse,</span> <span class='ocrx_word' id='word_1_96' title='bbox 469 872 545 895; x_wconf 90' lang='lat' dir='ltr'>non</span> <span class='ocrx_word' id='word_1_97' title='bbox 567 859 819 897; x_wconf 83' lang='lat' dir='ltr'>Naucratiten</span> <span class='ocrx_word' id='word_1_98' title='bbox 840 873 888 896; x_wconf 83' lang='lat' dir='ltr'>ex</span> <span class='ocrx_word' id='word_1_99' title='bbox 908 861 1104 911; x_wconf 80' lang='lat' dir='ltr'>Aegypto,</span> <span class='ocrx_word' id='word_1_100' title='bbox 1134 861 1235 908; x_wconf 85' lang='lat' dir='ltr'>quod</span> <span class='ocrx_word' id='word_1_101' title='bbox 1258 873 1306 897; x_wconf 86' lang='lat' dir='ltr'>ex</span> <span class='ocrx_word' id='word_1_102' title='bbox 1327 861 1412 897; x_wconf 84' lang='lat' dir='ltr'>aliis</span> <span class='ocrx_word' id='word_1_103' title='bbox 1436 859 1576 897; x_wconf 83' lang='lat' dir='ltr'>Suidas</span> <span class='ocrx_word' id='word_1_104' title='bbox 1600 861 1731 909; x_wconf 87' lang='lat' dir='ltr'>prodi-</span> 
     </span>
     <span class='ocr_line' id='line_1_14' title="bbox 290 914 1732 967; baseline 0.001 -16"><span class='ocrx_word' id='word_1_105' title='bbox 290 914 358 951; x_wconf 86' lang='lat' dir='ltr'>dit.</span> <span class='ocrx_word' id='word_1_106' title='bbox 385 917 571 958; x_wconf 67' lang='lat' dir='ltr'>Quieniin</span> <span class='ocrx_word' id='word_1_107' title='bbox 589 919 813 966; x_wconf 81' lang='lat' dir='ltr'>peregrinus</span> <span class='ocrx_word' id='word_1_108' title='bbox 832 919 873 955; x_wconf 91' lang='lat' dir='ltr'>in</span> <span class='ocrx_word' id='word_1_109' title='bbox 891 920 1008 954; x_wconf 86' lang='lat' dir='ltr'>tantis</span> <span class='ocrx_word' id='word_1_110' title='bbox 1030 918 1163 964; x_wconf 86' lang='lat' dir='ltr'>opibus</span> <span class='ocrx_word' id='word_1_111' title='bbox 1182 924 1362 964; x_wconf 85' lang='lat' dir='ltr'>tantaque</span> <span class='ocrx_word' id='word_1_112' title='bbox 1376 919 1501 966; x_wconf 82' lang='lat' dir='ltr'>gratia</span> <span class='ocrx_word' id='word_1_113' title='bbox 1519 918 1628 967; x_wconf 82' lang='lat' dir='ltr'>vulgi</span> <span class='ocrx_word' id='word_1_114' title='bbox 1648 930 1732 953; x_wconf 90' lang='lat' dir='ltr'>esse</span> 
     </span>
     <span class='ocr_line' id='line_1_15' title="bbox 288 970 1732 1021; baseline 0.002 -15"><span class='ocrx_word' id='word_1_115' title='bbox 288 973 475 1019; x_wconf 85' lang='lat' dir='ltr'>potuisset</span> <span class='ocrx_word' id='word_1_116' title='bbox 498 970 716 1020; x_wconf 73' lang='lat' dir='ltr'>Syracusis,</span> <span class='ocrx_word' id='word_1_117' title='bbox 730 979 768 1010; x_wconf 86' lang='lat' dir='ltr'>et</span> <span class='ocrx_word' id='word_1_118' title='bbox 789 976 988 1021; x_wconf 78' lang='lat' dir='ltr'>praecipue</span> <span class='ocrx_word' id='word_1_119' title='bbox 1011 971 1258 1011; x_wconf 63' lang='lat' dir='ltr'>adolescens?</span> <span class='ocrx_word' id='word_1_120' title='bbox 1287 986 1374 1011; x_wconf 81' lang='lat' dir='ltr'>nani</span> <span class='ocrx_word' id='word_1_121' title='bbox 1392 972 1732 1019; x_wconf 84' lang='lat' dir='ltr'>adolescentulum,</span> 
     </span>
     <span class='ocr_line' id='line_1_16' title="bbox 290 1027 1733 1078; baseline 0.002 -15"><span class='ocrx_word' id='word_1_122' title='bbox 290 1040 377 1063; x_wconf 89' lang='lat' dir='ltr'>cum</span> <span class='ocrx_word' id='word_1_123' title='bbox 406 1027 495 1064; x_wconf 85' lang='lat' dir='ltr'>haec</span> <span class='ocrx_word' id='word_1_124' title='bbox 525 1027 898 1076; x_wconf 75' lang='lat' dir='ltr'>administrarentur,</span> <span class='ocrx_word' id='word_1_125' title='bbox 925 1030 1059 1075; x_wconf 82' lang='lat' dir='ltr'>fuisse,</span> <span class='ocrx_word' id='word_1_126' title='bbox 1086 1042 1202 1075; x_wconf 82' lang='lat' dir='ltr'>mors,</span> <span class='ocrx_word' id='word_1_127' title='bbox 1235 1041 1330 1077; x_wconf 88' lang='lat' dir='ltr'>quae</span> <span class='ocrx_word' id='word_1_128' title='bbox 1360 1028 1550 1066; x_wconf 87' lang='lat' dir='ltr'>hominem</span> <span class='ocrx_word' id='word_1_129' title='bbox 1582 1027 1733 1078; x_wconf 73' lang='lat' dir='ltr'>Olymp-</span> 
     </span>
     <span class='ocr_line' id='line_1_17' title="bbox 290 1084 1734 1137; baseline 0.004 -20"><span class='ocrx_word' id='word_1_130' title='bbox 290 1093 371 1118; x_wconf 74' lang='lat' dir='ltr'><strong>cxl.</strong></span> <span class='ocrx_word' id='word_1_131' title='bbox 391 1096 494 1120; x_wconf 87' lang='lat' dir='ltr'>anno</span> <span class='ocrx_word' id='word_1_132' title='bbox 514 1086 635 1132; x_wconf 86' lang='lat' dir='ltr'>primo</span> <span class='ocrx_word' id='word_1_133' title='bbox 656 1088 857 1132; x_wconf 78' lang='lat' dir='ltr'>oppressit,</span> <span class='ocrx_word' id='word_1_134' title='bbox 884 1091 1109 1137; x_wconf 79' lang='lat' dir='ltr'>argumento</span> <span class='ocrx_word' id='word_1_135' title='bbox 1131 1092 1202 1122; x_wconf 90' lang='lat' dir='ltr'>est.</span> <span class='ocrx_word' id='word_1_136' title='bbox 1230 1085 1364 1123; x_wconf 84' lang='lat' dir='ltr'>Putem</span> <span class='ocrx_word' id='word_1_137' title='bbox 1390 1084 1617 1135; x_wconf 85' lang='lat' dir='ltr'>Aegyptiam</span> <span class='ocrx_word' id='word_1_138' title='bbox 1637 1084 1734 1123; x_wconf 82' lang='lat' dir='ltr'>hanc</span> 
     </span>
     <span class='ocr_line' id='line_1_18' title="bbox 290 1115 1735 1193; baseline 0.002 -17"><span class='ocrx_word' id='word_1_139' title='bbox 290 1141 479 1188; x_wconf 76' lang='lat' dir='ltr'>originem</span> <span class='ocrx_word' id='word_1_140' title='bbox 498 1141 555 1176; x_wconf 88' lang='lat' dir='ltr'>illi</span> <span class='ocrx_word' id='word_1_141' title='bbox 577 1142 780 1189; x_wconf 83' lang='lat' dir='ltr'>inpositam</span> <span class='ocrx_word' id='word_1_142' title='bbox 805 1142 922 1178; x_wconf 87' lang='lat' dir='ltr'>fuisse</span> <span class='ocrx_word' id='word_1_143' title='bbox 928 1115 1103 1189; x_wconf 58' lang='lat' dir='ltr'>25propter</span> <span class='ocrx_word' id='word_1_144' title='bbox 1122 1141 1417 1193; x_wconf 74' lang='grc' dir='ltr'>Αἶγυπτιακῶν</span> <span class='ocrx_word' id='word_1_145' title='bbox 1448 1148 1486 1176; x_wconf 89' lang='lat' dir='ltr'>et</span> <span class='ocrx_word' id='word_1_146' title='bbox 1507 1139 1596 1192; x_wconf 77' lang='grc' dir='ltr'>πεοὶ</span> <span class='ocrx_word' id='word_1_147' title='bbox 1619 1141 1735 1179; x_wconf 84' lang='grc' dir='ltr'><em>Ναυ-</em></span> 
     </span>
     <span class='ocr_line' id='line_1_19' title="bbox 291 1191 1737 1246; baseline 0.001 -14"><span class='ocrx_word' id='word_1_148' title='bbox 291 1191 472 1246; x_wconf 71' lang='grc' dir='ltr'><em>κοάτεως</em></span> <span class='ocrx_word' id='word_1_149' title='bbox 495 1196 633 1243; x_wconf 74' lang='lat' dir='ltr'>libros,</span> <span class='ocrx_word' id='word_1_150' title='bbox 667 1197 712 1233; x_wconf 90' lang='lat' dir='ltr'>de</span> <span class='ocrx_word' id='word_1_151' title='bbox 734 1199 870 1246; x_wconf 80' lang='lat' dir='ltr'>quibus</span> <span class='ocrx_word' id='word_1_152' title='bbox 897 1197 1053 1243; x_wconf 68' lang='lat' dir='ltr'>suidas,</span> <span class='ocrx_word' id='word_1_153' title='bbox 1081 1197 1195 1234; x_wconf 80' lang='lat' dir='ltr'>modo</span> <span class='ocrx_word' id='word_1_154' title='bbox 1225 1204 1351 1234; x_wconf 85' lang='lat' dir='ltr'>tamen</span> <span class='ocrx_word' id='word_1_155' title='bbox 1383 1196 1552 1233; x_wconf 85' lang='lat' dir='ltr'>eiusdem</span> <span class='ocrx_word' id='word_1_156' title='bbox 1582 1195 1737 1235; x_wconf 83' lang='lat' dir='ltr'>Philisti</span> 
     </span>
     <span class='ocr_line' id='line_1_20' title="bbox 292 1252 1621 1302; baseline 0 -14"><span class='ocrx_word' id='word_1_157' title='bbox 292 1253 373 1288; x_wconf 80' lang='lat' dir='ltr'>sint</span> <span class='ocrx_word' id='word_1_158' title='bbox 390 1252 530 1298; x_wconf 82' lang='lat' dir='ltr'>foetus,</span> <span class='ocrx_word' id='word_1_159' title='bbox 561 1252 606 1288; x_wconf 89' lang='lat' dir='ltr'>de</span> <span class='ocrx_word' id='word_1_160' title='bbox 629 1265 703 1300; x_wconf 87' lang='lat' dir='ltr'>quo</span> <span class='ocrx_word' id='word_1_161' title='bbox 725 1267 803 1290; x_wconf 82' lang='lat' dir='ltr'>non</span> <span class='ocrx_word' id='word_1_162' title='bbox 823 1267 925 1291; x_wconf 87' lang='lat' dir='ltr'>1n1u1</span> <span class='ocrx_word' id='word_1_163' title='bbox 929 1267 964 1291; x_wconf 81' lang='lat' dir='ltr'>ia</span> <span class='ocrx_word' id='word_1_164' title='bbox 984 1254 1157 1291; x_wconf 86' lang='lat' dir='ltr'>dubitare</span> <span class='ocrx_word' id='word_1_165' title='bbox 1180 1267 1289 1302; x_wconf 86' lang='lat' dir='ltr'>posse</span> <span class='ocrx_word' id='word_1_166' title='bbox 1308 1252 1454 1289; x_wconf 86' lang='lat' dir='ltr'>videor.</span> <span class='ocrx_word' id='word_1_167' title='bbox 1482 1252 1621 1290; x_wconf 81' lang='lat' dir='ltr'>W&#39;Ess.</span> 
     </span>
    </p>

    <p class='ocr_par' dir='ltr' id='par_1_5' title="bbox 291 1305 1734 1459">
     <span class='ocr_line' id='line_1_21' title="bbox 407 1305 1734 1361; baseline -0.001 -14"><span class='ocrx_word' id='word_1_168' title='bbox 407 1309 513 1347; x_wconf 87' lang='lat'>615.</span> <span class='ocrx_word' id='word_1_169' title='bbox 535 1309 608 1348; x_wconf 78' lang='grc'>42.</span> <span class='ocrx_word' id='word_1_170' title='bbox 628 1307 719 1348; x_wconf 74' lang='grc' dir='ltr'>Ὀτι</span> <span class='ocrx_word' id='word_1_171' title='bbox 743 1331 790 1337; x_wconf 89' lang='lat'>—-</span> <span class='ocrx_word' id='word_1_172' title='bbox 814 1309 982 1348; x_wconf 71' lang='grc' dir='ltr'>ἐκτίσειν</span> <span class='ocrx_word' id='word_1_173' title='bbox 1003 1305 1244 1361; x_wconf 61' lang='lat' dir='ltr'>vdoyzsspzov]</span> <span class='ocrx_word' id='word_1_174' title='bbox 1276 1308 1342 1345; x_wconf 80' lang='lat' dir='ltr'>Sic</span> <span class='ocrx_word' id='word_1_175' title='bbox 1363 1308 1404 1346; x_wconf 92' lang='lat' dir='ltr'>L.</span> <span class='ocrx_word' id='word_1_176' title='bbox 1426 1308 1471 1345; x_wconf 86' lang='lat' dir='ltr'>V.</span> <span class='ocrx_word' id='word_1_177' title='bbox 1497 1309 1567 1348; x_wconf 91' lang='lat'>55</span> <span class='ocrx_word' id='word_1_178' title='bbox 1598 1305 1660 1347; x_wconf 82' lang='grc' dir='ltr'>ὅτι</span> <span class='ocrx_word' id='word_1_179' title='bbox 1685 1330 1734 1338; x_wconf 85' lang='lat'>—··</span> 
     </span>
     <span class='ocr_line' id='line_1_22' title="bbox 292 1360 1738 1415; baseline 0 -14"><span class='ocrx_word' id='word_1_180' title='bbox 292 1360 559 1415; x_wconf 67' lang='grc' dir='ltr'>ζεοογοιῆσαι.</span> <span class='ocrx_word' id='word_1_181' title='bbox 582 1365 682 1406; x_wconf 90' lang='lat' dir='ltr'>etL.</span> <span class='ocrx_word' id='word_1_182' title='bbox 703 1365 793 1404; x_wconf 87' lang='lat' dir='ltr'>XII</span> <span class='ocrx_word' id='word_1_183' title='bbox 820 1367 892 1406; x_wconf 85' lang='lat'><strong>39.</strong></span> <span class='ocrx_word' id='word_1_184' title='bbox 915 1363 977 1406; x_wconf 84' lang='grc' dir='ltr'>ὅτι</span> <span class='ocrx_word' id='word_1_185' title='bbox 1000 1387 1048 1394; x_wconf 91' lang='grc'>--</span> <span class='ocrx_word' id='word_1_186' title='bbox 1072 1364 1226 1413; x_wconf 56' lang='lat' dir='ltr'>dagam.</span> <span class='ocrx_word' id='word_1_187' title='bbox 1277 1364 1355 1403; x_wconf 83' lang='lat' dir='ltr'>Sed</span> <span class='ocrx_word' id='word_1_188' title='bbox 1383 1364 1485 1402; x_wconf 82' lang='lat' dir='ltr'>conf.</span> <span class='ocrx_word' id='word_1_189' title='bbox 1514 1371 1594 1403; x_wconf 88' lang='lat' dir='ltr'>not.</span> <span class='ocrx_word' id='word_1_190' title='bbox 1623 1367 1665 1402; x_wconf 88' lang='lat' dir='ltr'>in</span> <span class='ocrx_word' id='word_1_191' title='bbox 1694 1364 1738 1402; x_wconf 90' lang='lat' dir='ltr'>L.</span> 
     </span>
     <span class='ocr_line' id='line_1_23' title="bbox 291 1417 622 1460; baseline 0.009 -5"><span class='ocrx_word' id='word_1_192' title='bbox 291 1417 358 1455; x_wconf 85' lang='lat' dir='ltr'>IV.</span> <span class='ocrx_word' id='word_1_193' title='bbox 378 1422 452 1460; x_wconf 82' lang='lat'>26</span> <span class='ocrx_word' id='word_1_194' title='bbox 486 1420 622 1460; x_wconf 54' lang='lat' dir='ltr'><strong>WVESS.</strong></span> 
     </span>
    </p>

    <p class='ocr_par' dir='ltr' id='par_1_6' title="bbox 292 1473 1745 1976">
     <span class='ocr_line' id='line_1_24' title="bbox 411 1473 1739 1529; baseline 0 -13"><span class='ocrx_word' id='word_1_195' title='bbox 411 1478 515 1516; x_wconf 86' lang='lat'>615.</span> <span class='ocrx_word' id='word_1_196' title='bbox 544 1478 619 1516; x_wconf 76' lang='lat'><strong>44.</strong></span> <span class='ocrx_word' id='word_1_197' title='bbox 649 1474 822 1516; x_wconf 68' lang='grc' dir='ltr'>Ἀνέσειε</span> <span class='ocrx_word' id='word_1_198' title='bbox 850 1475 901 1516; x_wconf 79' lang='grc' dir='ltr'>τὰ</span> <span class='ocrx_word' id='word_1_199' title='bbox 931 1474 1104 1529; x_wconf 63' lang='grc' dir='ltr'>πληθη]</span> <span class='ocrx_word' id='word_1_200' title='bbox 1143 1476 1285 1514; x_wconf 90' lang='lat' dir='ltr'>Verum</span> <span class='ocrx_word' id='word_1_201' title='bbox 1306 1475 1380 1513; x_wconf 85' lang='lat' dir='ltr'>hoo</span> <span class='ocrx_word' id='word_1_202' title='bbox 1402 1482 1484 1523; x_wconf 79' lang='lat' dir='ltr'>est,</span> <span class='ocrx_word' id='word_1_203' title='bbox 1512 1478 1620 1513; x_wconf 87' lang='lat' dir='ltr'>cuius</span> <span class='ocrx_word' id='word_1_204' title='bbox 1645 1473 1739 1516; x_wconf 57' lang='lat' dir='ltr'>‹ivg-</span> 
     </span>
     <span class='ocr_line' id='line_1_25' title="bbox 292 1531 1737 1584; baseline -0.001 -14"><span class='ocrx_word' id='word_1_205' title='bbox 292 1545 404 1570; x_wconf 77' lang='grc' dir='ltr'><em>πεισε</em></span> <span class='ocrx_word' id='word_1_206' title='bbox 431 1531 548 1570; x_wconf 78' lang='lat' dir='ltr'>Coisl.</span> <span class='ocrx_word' id='word_1_207' title='bbox 581 1533 756 1570; x_wconf 88' lang='lat' dir='ltr'>scholion</span> <span class='ocrx_word' id='word_1_208' title='bbox 783 1544 820 1571; x_wconf 93' lang='lat' dir='ltr'>et</span> <span class='ocrx_word' id='word_1_209' title='bbox 848 1536 1238 1582; x_wconf 81' lang='lat' dir='ltr'>interpretamentum.</span> <span class='ocrx_word' id='word_1_210' title='bbox 1277 1532 1319 1572; x_wconf 86' lang='lat' dir='ltr'>S.</span> <span class='ocrx_word' id='word_1_211' title='bbox 1347 1532 1499 1570; x_wconf 82' lang='lat' dir='ltr'>Marcus</span> <span class='ocrx_word' id='word_1_212' title='bbox 1528 1532 1677 1584; x_wconf 85' lang='lat' dir='ltr'>Evang.</span> <span class='ocrx_word' id='word_1_213' title='bbox 1705 1547 1737 1570; x_wconf 87' lang='lat' dir='ltr'><strong>c.</strong></span> 
     </span>
     <span class='ocr_line' id='line_1_26' title="bbox 292 1586 1739 1641; baseline 0.003 -16"><span class='ocrx_word' id='word_1_214' title='bbox 292 1587 383 1627; x_wconf 87' lang='lat' dir='ltr'>XV.</span> <span class='ocrx_word' id='word_1_215' title='bbox 412 1591 481 1628; x_wconf 92' lang='lat' dir='ltr'>ll.</span> <span class='ocrx_word' id='word_1_216' title='bbox 513 1586 552 1627; x_wconf 77' lang='grc' dir='ltr'>οἳ</span> <span class='ocrx_word' id='word_1_217' title='bbox 573 1588 617 1628; x_wconf 72' lang='grc' dir='ltr'>δὲ</span> <span class='ocrx_word' id='word_1_218' title='bbox 646 1587 844 1641; x_wconf 69' lang='grc' dir='ltr'>ἀρχιερεῖς</span> <span class='ocrx_word' id='word_1_219' title='bbox 870 1587 1080 1629; x_wconf 73' lang='grc' dir='ltr'><em>ἀνέσεισαν</em></span> <span class='ocrx_word' id='word_1_220' title='bbox 1110 1587 1183 1628; x_wconf 81' lang='grc' dir='ltr'>τὸν</span> <span class='ocrx_word' id='word_1_221' title='bbox 1214 1586 1349 1639; x_wconf 74' lang='grc' dir='ltr'><strong>ὄχλον.</strong></span> <span class='ocrx_word' id='word_1_222' title='bbox 1386 1596 1423 1626; x_wconf 90' lang='lat' dir='ltr'>et</span> <span class='ocrx_word' id='word_1_223' title='bbox 1454 1588 1495 1625; x_wconf 84' lang='lat' dir='ltr'>S.</span> <span class='ocrx_word' id='word_1_224' title='bbox 1515 1588 1637 1625; x_wconf 89' lang='lat' dir='ltr'>Lucas</span> <span class='ocrx_word' id='word_1_225' title='bbox 1665 1589 1739 1629; x_wconf 82' lang='lat' dir='ltr'>EV.</span> 
     </span>
     <span class='ocr_line' id='line_1_27' title="bbox 294 1641 1741 1696; baseline 0.003 -17"><span class='ocrx_word' id='word_1_226' title='bbox 294 1643 489 1681; x_wconf 52' lang='lat' dir='ltr'>mxxiii.</span> <span class='ocrx_word' id='word_1_227' title='bbox 514 1646 552 1683; x_wconf 86' lang='lat'>5.</span> <span class='ocrx_word' id='word_1_228' title='bbox 581 1643 775 1696; x_wconf 68' lang='grc' dir='ltr'>λέγοντες,</span> <span class='ocrx_word' id='word_1_229' title='bbox 808 1643 870 1685; x_wconf 80' lang='grc' dir='ltr'>ὅτι</span> <span class='ocrx_word' id='word_1_230' title='bbox 892 1644 1065 1685; x_wconf 73' lang='grc' dir='ltr'><em>ἀνασείει</em></span> <span class='ocrx_word' id='word_1_231' title='bbox 1088 1643 1161 1685; x_wconf 83' lang='grc' dir='ltr'>τὸν</span> <span class='ocrx_word' id='word_1_232' title='bbox 1186 1641 1300 1684; x_wconf 80' lang='grc' dir='ltr'><strong>λαόν.</strong></span> <span class='ocrx_word' id='word_1_233' title='bbox 1328 1657 1489 1693; x_wconf 87' lang='lat' dir='ltr'>quorum</span> <span class='ocrx_word' id='word_1_234' title='bbox 1510 1647 1636 1695; x_wconf 91' lang='lat' dir='ltr'>priore</span> <span class='ocrx_word' id='word_1_235' title='bbox 1656 1647 1741 1683; x_wconf 90' lang='lat' dir='ltr'>loco</span> 
     </span>
     <span class='ocr_line' id='line_1_28' title="bbox 295 1699 1743 1752; baseline 0.001 -16"><span class='ocrx_word' id='word_1_236' title='bbox 295 1712 345 1736; x_wconf 85' lang='lat' dir='ltr'>ex</span> <span class='ocrx_word' id='word_1_237' title='bbox 368 1699 460 1737; x_wconf 87' lang='grc' dir='ltr'>Μ88.</span> <span class='ocrx_word' id='word_1_238' title='bbox 486 1703 623 1738; x_wconf 84' lang='lat' dir='ltr'>similis</span> <span class='ocrx_word' id='word_1_239' title='bbox 644 1703 774 1752; x_wconf 82' lang='lat' dir='ltr'>glossa</span> <span class='ocrx_word' id='word_1_240' title='bbox 798 1709 1023 1740; x_wconf 87' lang='lat' dir='ltr'>ostentatur.</span> <span class='ocrx_word' id='word_1_241' title='bbox 1068 1702 1210 1739; x_wconf 86' lang='lat' dir='ltr'>Noster</span> <span class='ocrx_word' id='word_1_242' title='bbox 1231 1701 1273 1738; x_wconf 86' lang='lat' dir='ltr'>L.</span> <span class='ocrx_word' id='word_1_243' title='bbox 1297 1701 1403 1738; x_wconf 84' lang='lat' dir='ltr'><strong>XIV.</strong></span> <span class='ocrx_word' id='word_1_244' title='bbox 1431 1702 1500 1741; x_wconf 91' lang='grc'>10.</span> <span class='ocrx_word' id='word_1_245' title='bbox 1533 1701 1578 1738; x_wconf 91' lang='lat' dir='ltr'>de</span> <span class='ocrx_word' id='word_1_246' title='bbox 1600 1701 1743 1749; x_wconf 90' lang='lat' dir='ltr'>Aristo,</span> 
     </span>
     <span class='ocr_line' id='line_1_29' title="bbox 293 1752 1740 1825; baseline 0.001 -30"><span class='ocrx_word' id='word_1_247' title='bbox 293 1752 392 1825; x_wconf 58' lang='grc' dir='ltr'><em>’ξούς</em></span> <span class='ocrx_word' id='word_1_248' title='bbox 418 1771 460 1795; x_wconf 76' lang='grc' dir='ltr'>τε</span> <span class='ocrx_word' id='word_1_249' title='bbox 481 1755 790 1809; x_wconf 76' lang='grc' dir='ltr'>Συοακουσίους</span> <span class='ocrx_word' id='word_1_250' title='bbox 821 1756 1036 1798; x_wconf 70' lang='grc' dir='ltr'>ἀνασειωι</span> <span class='ocrx_word' id='word_1_251' title='bbox 1084 1758 1136 1795; x_wconf 83' lang='lat' dir='ltr'>Et</span> <span class='ocrx_word' id='word_1_252' title='bbox 1156 1757 1443 1797; x_wconf 81' lang='lat' dir='ltr'><strong>L.XV11.62.</strong></span> <span class='ocrx_word' id='word_1_253' title='bbox 1481 1756 1669 1808; x_wconf 76' lang='grc' dir='ltr'>Μέμιων</span> <span class='ocrx_word' id='word_1_254' title='bbox 1691 1779 1740 1786; x_wconf 89' lang='lat'>--·</span> 
     </span>
     <span class='ocr_line' id='line_1_30' title="bbox 295 1809 1743 1881; baseline 0.003 -31"><span class='ocrx_word' id='word_1_255' title='bbox 295 1809 476 1851; x_wconf 74' lang='grc' dir='ltr'>ἀνέσεισε</span> <span class='ocrx_word' id='word_1_256' title='bbox 498 1811 574 1863; x_wconf 75' lang='grc' dir='ltr'>μὲν</span> <span class='ocrx_word' id='word_1_257' title='bbox 595 1811 693 1859; x_wconf 74' lang='grc' dir='ltr'><em>τοὺς</em></span> <span class='ocrx_word' id='word_1_258' title='bbox 715 1811 967 1881; x_wconf 72' lang='grc' dir='ltr'>βαρβάρους.</span> <span class='ocrx_word' id='word_1_259' title='bbox 1004 1814 1055 1852; x_wconf 88' lang='lat' dir='ltr'>Et</span> <span class='ocrx_word' id='word_1_260' title='bbox 1075 1817 1117 1851; x_wconf 92' lang='lat' dir='ltr'>in</span> <span class='ocrx_word' id='word_1_261' title='bbox 1139 1814 1321 1862; x_wconf 85' lang='lat' dir='ltr'>Excerpt.</span> <span class='ocrx_word' id='word_1_262' title='bbox 1341 1813 1477 1851; x_wconf 88' lang='lat' dir='ltr'>Ursini</span> <span class='ocrx_word' id='word_1_263' title='bbox 1505 1826 1540 1862; x_wconf 90' lang='lat' dir='ltr'>p</span> <span class='ocrx_word' id='word_1_264' title='bbox 1564 1815 1668 1853; x_wconf 88' lang='grc'>333</span> <span class='ocrx_word' id='word_1_265' title='bbox 1703 1811 1743 1854; x_wconf 78' lang='grc' dir='ltr'>οἳ</span> 
     </span>
     <span class='ocr_line' id='line_1_31' title="bbox 293 1866 1745 1936; baseline 0.001 -30"><span class='ocrx_word' id='word_1_266' title='bbox 293 1883 386 1920; x_wconf 74' lang='grc' dir='ltr'>πεοι</span> <span class='ocrx_word' id='word_1_267' title='bbox 407 1866 479 1907; x_wconf 81' lang='grc' dir='ltr'>τὸν</span> <span class='ocrx_word' id='word_1_268' title='bbox 499 1868 737 1936; x_wconf 66' lang='grc' dir='ltr'><em>Λασθένην</em></span> <span class='ocrx_word' id='word_1_269' title='bbox 762 1892 809 1899; x_wconf 84' lang='lat'>—-</span> <span class='ocrx_word' id='word_1_270' title='bbox 836 1868 1015 1910; x_wconf 76' lang='grc' dir='ltr'>ἀιέσειον</span> <span class='ocrx_word' id='word_1_271' title='bbox 1038 1868 1090 1910; x_wconf 82' lang='grc' dir='ltr'>τὰ</span> <span class='ocrx_word' id='word_1_272' title='bbox 1120 1866 1277 1922; x_wconf 68' lang='grc' dir='ltr'><strong>πληθη.</strong></span> <span class='ocrx_word' id='word_1_273' title='bbox 1310 1883 1404 1920; x_wconf 88' lang='lat' dir='ltr'>quae</span> <span class='ocrx_word' id='word_1_274' title='bbox 1429 1869 1569 1908; x_wconf 79' lang='lat' dir='ltr'>suidas</span> <span class='ocrx_word' id='word_1_275' title='bbox 1594 1872 1745 1908; x_wconf 85' lang='lat' dir='ltr'>exscri-</span> 
     </span>
     <span class='ocr_line' id='line_1_32' title="bbox 295 1922 1603 1976; baseline 0 -15"><span class='ocrx_word' id='word_1_276' title='bbox 295 1927 374 1975; x_wconf 86' lang='lat' dir='ltr'>psit</span> <span class='ocrx_word' id='word_1_277' title='bbox 391 1927 433 1962; x_wconf 90' lang='lat' dir='ltr'>in</span> <span class='ocrx_word' id='word_1_278' title='bbox 453 1939 490 1962; x_wconf 88' lang='lat' dir='ltr'>v.</span> <span class='ocrx_word' id='word_1_279' title='bbox 502 1922 715 1973; x_wconf 70' lang='grc' dir='ltr'>Ἀνέσειον,</span> <span class='ocrx_word' id='word_1_280' title='bbox 746 1934 790 1964; x_wconf 88' lang='lat' dir='ltr'>ut</span> <span class='ocrx_word' id='word_1_281' title='bbox 814 1929 944 1975; x_wconf 87' lang='lat' dir='ltr'>pulcre</span> <span class='ocrx_word' id='word_1_282' title='bbox 966 1927 1017 1966; x_wconf 88' lang='lat' dir='ltr'>H.</span> <span class='ocrx_word' id='word_1_283' title='bbox 1040 1926 1218 1964; x_wconf 89' lang='lat' dir='ltr'>Valesius</span> <span class='ocrx_word' id='word_1_284' title='bbox 1239 1928 1444 1976; x_wconf 83' lang='lat' dir='ltr'>perspexit.</span> <span class='ocrx_word' id='word_1_285' title='bbox 1468 1925 1603 1965; x_wconf 80' lang='lat' dir='ltr'>WEss.</span> 
     </span>
    </p>

    <p class='ocr_par' dir='ltr' id='par_1_7' title="bbox 295 1978 1746 2425">
     <span class='ocr_line' id='line_1_33' title="bbox 413 1978 1744 2034; baseline -0.002 -13"><span class='ocrx_word' id='word_1_286' title='bbox 413 1978 854 2028; x_wconf 60' lang='lat' dir='ltr'>615.t!).01‘zaovg</span> <span class='ocrx_word' id='word_1_287' title='bbox 884 1980 1007 2028; x_wconf 65' lang='grc' dir='ltr'>ὄντας</span> <span class='ocrx_word' id='word_1_288' title='bbox 1039 1980 1298 2034; x_wconf 76' lang='grc' dir='ltr'>ὀλιγαρχίας]</span> <span class='ocrx_word' id='word_1_289' title='bbox 1338 1981 1422 2019; x_wconf 84' lang='lat' dir='ltr'>Hoc</span> <span class='ocrx_word' id='word_1_290' title='bbox 1445 1983 1641 2031; x_wconf 73' lang='lat' dir='ltr'>praefero,</span> <span class='ocrx_word' id='word_1_291' title='bbox 1671 1982 1744 2019; x_wconf 85' lang='lat' dir='ltr'>etsi</span> 
     </span>
     <span class='ocr_line' id='line_1_34' title="bbox 296 2037 1744 2106; baseline 0 -32"><span class='ocrx_word' id='word_1_292' title='bbox 296 2038 376 2074; x_wconf 74' lang='lat' dir='ltr'>vul(</span> <span class='ocrx_word' id='word_1_293' title='bbox 367 2044 497 2086; x_wconf 52' lang='lat' dir='ltr'>ovatum</span> <span class='ocrx_word' id='word_1_294' title='bbox 520 2050 552 2085; x_wconf 83' lang='lat' dir='ltr'>p</span> <span class='ocrx_word' id='word_1_295' title='bbox 545 2040 733 2077; x_wconf 68' lang='grc' dir='ltr'>ιῑτοείηἰο</span> <span class='ocrx_word' id='word_1_296' title='bbox 754 2051 832 2076; x_wconf 89' lang='lat' dir='ltr'>non</span> <span class='ocrx_word' id='word_1_297' title='bbox 857 2047 995 2078; x_wconf 85' lang='lat' dir='ltr'>careat.</span> <span class='ocrx_word' id='word_1_298' title='bbox 1030 2038 1087 2075; x_wconf 89' lang='lat' dir='ltr'>De</span> <span class='ocrx_word' id='word_1_299' title='bbox 1109 2038 1335 2106; x_wconf 52' lang='lat' dir='ltr'>Damoph&#39;ilo</span> <span class='ocrx_word' id='word_1_300' title='bbox 1357 2037 1575 2075; x_wconf 87' lang='lat' dir='ltr'>Athenaeus</span> <span class='ocrx_word' id='word_1_301' title='bbox 1595 2050 1644 2074; x_wconf 83' lang='lat' dir='ltr'>ex</span> <span class='ocrx_word' id='word_1_302' title='bbox 1664 2038 1744 2074; x_wconf 82' lang='lat' dir='ltr'>Po-</span> 
     </span>
     <span class='ocr_line' id='line_1_35' title="bbox 299 2091 1744 2162; baseline 0 -32"><span class='ocrx_word' id='word_1_303' title='bbox 299 2093 454 2130; x_wconf 85' lang='lat' dir='ltr'>sidonio</span> <span class='ocrx_word' id='word_1_304' title='bbox 476 2094 517 2131; x_wconf 96' lang='lat' dir='ltr'>L.</span> <span class='ocrx_word' id='word_1_305' title='bbox 543 2093 633 2133; x_wconf 81' lang='lat' dir='ltr'>XH</span> <span class='ocrx_word' id='word_1_306' title='bbox 665 2097 733 2135; x_wconf 89' lang='lat' dir='ltr'><strong>ll.</strong></span> <span class='ocrx_word' id='word_1_307' title='bbox 754 2107 789 2143; x_wconf 87' lang='lat' dir='ltr'>p.</span> <span class='ocrx_word' id='word_1_308' title='bbox 820 2096 921 2135; x_wconf 84' lang='lat'><strong>530.</strong></span> <span class='ocrx_word' id='word_1_309' title='bbox 941 2094 983 2132; x_wconf 89' lang='grc' dir='ltr'>Β.</span> <span class='ocrx_word' id='word_1_310' title='bbox 1008 2091 1069 2134; x_wconf 80' lang='grc' dir='ltr'>ὅτι</span> <span class='ocrx_word' id='word_1_311' title='bbox 1089 2097 1249 2162; x_wconf 71' lang='grc' dir='ltr'>τριφῆς</span> <span class='ocrx_word' id='word_1_312' title='bbox 1268 2094 1318 2145; x_wconf 70' lang='grc' dir='ltr'>ἣν</span> <span class='ocrx_word' id='word_1_313' title='bbox 1340 2094 1496 2139; x_wconf 64' lang='lat' dir='ltr'>Ol&#39;netog.</span> <span class='ocrx_word' id='word_1_314' title='bbox 1527 2093 1568 2130; x_wconf 87' lang='lat' dir='ltr'>S.</span> <span class='ocrx_word' id='word_1_315' title='bbox 1586 2093 1744 2130; x_wconf 85' lang='lat' dir='ltr'>Paullus</span> 
     </span>
     <span class='ocr_line' id='line_1_36' title="bbox 295 2145 1743 2203; baseline 0.002 -18"><span class='ocrx_word' id='word_1_316' title='bbox 295 2147 419 2195; x_wconf 85' lang='lat' dir='ltr'>Epist.</span> <span class='ocrx_word' id='word_1_317' title='bbox 441 2149 488 2186; x_wconf 83' lang='lat' dir='ltr'>ad</span> <span class='ocrx_word' id='word_1_318' title='bbox 512 2149 639 2189; x_wconf 83' lang='lat' dir='ltr'>Galat.</span> <span class='ocrx_word' id='word_1_319' title='bbox 663 2164 696 2187; x_wconf 85' lang='lat' dir='ltr'>c</span> <span class='ocrx_word' id='word_1_320' title='bbox 718 2152 762 2188; x_wconf 83' lang='lat' dir='ltr'>V.</span> <span class='ocrx_word' id='word_1_321' title='bbox 789 2153 857 2191; x_wconf 93' lang='grc'>10.</span> <span class='ocrx_word' id='word_1_322' title='bbox 893 2147 1153 2203; x_wconf 68' lang='grc' dir='ltr'>ἐογαζόμεθα</span> <span class='ocrx_word' id='word_1_323' title='bbox 1174 2147 1220 2189; x_wconf 82' lang='grc' dir='ltr'>τὸ</span> <span class='ocrx_word' id='word_1_324' title='bbox 1247 2147 1409 2202; x_wconf 70' lang='grc' dir='ltr'><em>ἀγαθὸν</em></span> <span class='ocrx_word' id='word_1_325' title='bbox 1440 2147 1543 2202; x_wconf 81' lang='grc' dir='ltr'><em>ποὸς</em></span> <span class='ocrx_word' id='word_1_326' title='bbox 1573 2145 1743 2195; x_wconf 79' lang='grc' dir='ltr'><em>πάντας,</em></span> 
     </span>
     <span class='ocr_line' id='line_1_37' title="bbox 296 2201 1746 2258; baseline 0.001 -17"><span class='ocrx_word' id='word_1_327' title='bbox 296 2201 480 2255; x_wconf 62' lang='grc' dir='ltr'>μαὶιστα</span> <span class='ocrx_word' id='word_1_328' title='bbox 502 2205 573 2244; x_wconf 57' lang='grc' dir='ltr'>δὲ.</span> <span class='ocrx_word' id='word_1_329' title='bbox 564 2204 667 2257; x_wconf 81' lang='grc' dir='ltr'>ποὸς</span> <span class='ocrx_word' id='word_1_330' title='bbox 688 2222 786 2254; x_wconf 69' lang='grc' dir='ltr'><em>τους</em></span> <span class='ocrx_word' id='word_1_331' title='bbox 805 2207 975 2253; x_wconf 74' lang='grc' dir='ltr'>οἰκείους</span> <span class='ocrx_word' id='word_1_332' title='bbox 995 2209 1069 2258; x_wconf 72' lang='grc' dir='ltr'>τῆς</span> <span class='ocrx_word' id='word_1_333' title='bbox 1089 2205 1273 2252; x_wconf 19' lang='grc' dir='ltr'>πιᾝστεως</span> <span class='ocrx_word' id='word_1_334' title='bbox 1315 2206 1381 2243; x_wconf 91' lang='lat' dir='ltr'>ubi</span> <span class='ocrx_word' id='word_1_335' title='bbox 1413 2209 1479 2254; x_wconf 84' lang='lat' dir='ltr'>qui</span> <span class='ocrx_word' id='word_1_336' title='bbox 1515 2207 1746 2245; x_wconf 81' lang='lat' dir='ltr'>domesticos</span> 
     </span>
     <span class='ocr_line' id='line_1_38' title="bbox 296 2261 1744 2311; baseline 0.001 -14"><span class='ocrx_word' id='word_1_337' title='bbox 296 2261 397 2307; x_wconf 76' lang='lat' dir='ltr'>fidei</span> <span class='ocrx_word' id='word_1_338' title='bbox 424 2264 748 2311; x_wconf 72' lang='lat' dir='ltr'>interpretantur,</span> <span class='ocrx_word' id='word_1_339' title='bbox 781 2277 917 2301; x_wconf 86' lang='lat' dir='ltr'>vereor</span> <span class='ocrx_word' id='word_1_340' title='bbox 946 2270 988 2300; x_wconf 90' lang='lat' dir='ltr'>ut</span> <span class='ocrx_word' id='word_1_341' title='bbox 1017 2265 1097 2300; x_wconf 86' lang='lat' dir='ltr'>vim</span> <span class='ocrx_word' id='word_1_342' title='bbox 1127 2264 1332 2300; x_wconf 86' lang='lat' dir='ltr'>locutionis</span> <span class='ocrx_word' id='word_1_343' title='bbox 1360 2263 1470 2311; x_wconf 89' lang='lat' dir='ltr'>plane</span> <span class='ocrx_word' id='word_1_344' title='bbox 1492 2265 1744 2310; x_wconf 88' lang='lat' dir='ltr'>perceperint.</span> 
     </span>
     <span class='ocr_line' id='line_1_39' title="bbox 296 2316 1746 2370; baseline 0.003 -18"><span class='ocrx_word' id='word_1_345' title='bbox 296 2316 326 2353; x_wconf 64' lang='lat' dir='ltr'>l«</span> <span class='ocrx_word' id='word_1_346' title='bbox 331 2317 429 2362; x_wconf 81' lang='lat' dir='ltr'>idei,</span> <span class='ocrx_word' id='word_1_347' title='bbox 463 2321 703 2366; x_wconf 81' lang='lat' dir='ltr'>puriorisque</span> <span class='ocrx_word' id='word_1_348' title='bbox 723 2322 924 2370; x_wconf 79' lang='lat' dir='ltr'>religionis</span> <span class='ocrx_word' id='word_1_349' title='bbox 948 2320 1109 2356; x_wconf 86' lang='lat' dir='ltr'>studiosi</span> <span class='ocrx_word' id='word_1_350' title='bbox 1130 2319 1420 2365; x_wconf 80' lang='lat' dir='ltr'>describuntur,</span> <span class='ocrx_word' id='word_1_351' title='bbox 1457 2326 1499 2356; x_wconf 87' lang='lat' dir='ltr'>nt</span> <span class='ocrx_word' id='word_1_352' title='bbox 1519 2318 1655 2359; x_wconf 74' lang='grc' dir='ltr'>οἶκεΐοι</span> <span class='ocrx_word' id='word_1_353' title='bbox 1677 2333 1746 2358; x_wconf 83' lang='grc' dir='ltr'>τυ-</span> 
     </span>
     <span class='ocr_line' id='line_1_40' title="bbox 298 2372 1471 2425; baseline 0.002 -15"><span class='ocrx_word' id='word_1_354' title='bbox 298 2372 503 2424; x_wconf 62' lang='grc' dir='ltr'>ραννίδος,</span> <span class='ocrx_word' id='word_1_355' title='bbox 533 2377 595 2421; x_wconf 82' lang='lat' dir='ltr'>qni</span> <span class='ocrx_word' id='word_1_356' title='bbox 619 2377 817 2425; x_wconf 79' lang='lat' dir='ltr'>tyrannidi</span> <span class='ocrx_word' id='word_1_357' title='bbox 837 2376 1003 2422; x_wconf 79' lang='lat' dir='ltr'>student,</span> <span class='ocrx_word' id='word_1_358' title='bbox 1033 2375 1075 2412; x_wconf 88' lang='lat' dir='ltr'>L.</span> <span class='ocrx_word' id='word_1_359' title='bbox 1096 2373 1212 2412; x_wconf 81' lang='lat' dir='ltr'><strong>XIX.</strong></span> <span class='ocrx_word' id='word_1_360' title='bbox 1236 2376 1307 2414; x_wconf 89' lang='grc'><strong>70.</strong></span> <span class='ocrx_word' id='word_1_361' title='bbox 1337 2374 1471 2412; x_wconf 73' lang='lat' dir='ltr'><strong>VVESS.</strong></span> 
     </span>
    </p>

    <p class='ocr_par' dir='ltr' id='par_1_8' title="bbox 298 2429 1747 2589">
     <span class='ocr_line' id='line_1_41' title="bbox 416 2429 1744 2484; baseline 0 -17"><span class='ocrx_word' id='word_1_362' title='bbox 416 2432 519 2468; x_wconf 77' lang='lat'>615.</span> <span class='ocrx_word' id='word_1_363' title='bbox 547 2432 619 2469; x_wconf 66' lang='lat'><strong>430.</strong></span> <span class='ocrx_word' id='word_1_364' title='bbox 663 2429 748 2470; x_wconf 76' lang='grc' dir='ltr'>Διά</span> <span class='ocrx_word' id='word_1_365' title='bbox 769 2429 814 2471; x_wconf 78' lang='grc' dir='ltr'>τὸ</span> <span class='ocrx_word' id='word_1_366' title='bbox 839 2431 972 2470; x_wconf 69' lang='grc' dir='ltr'>δοκεῖν</span> <span class='ocrx_word' id='word_1_367' title='bbox 992 2432 1274 2484; x_wconf 70' lang='grc' dir='ltr'>προίστασθαι</span> <span class='ocrx_word' id='word_1_368' title='bbox 1298 2432 1371 2470; x_wconf 81' lang='grc' dir='ltr'>τοῦ</span> <span class='ocrx_word' id='word_1_369' title='bbox 1393 2429 1603 2482; x_wconf 74' lang='grc' dir='ltr'>πολέμου]</span> <span class='ocrx_word' id='word_1_370' title='bbox 1638 2429 1744 2468; x_wconf 84' lang='lat' dir='ltr'>Haec</span> 
     </span>
     <span class='ocr_line' id='line_1_42' title="bbox 298 2486 1747 2538; baseline 0.002 -18"><span class='ocrx_word' id='word_1_371' title='bbox 298 2498 374 2521; x_wconf 85' lang='lat' dir='ltr'>una</span> <span class='ocrx_word' id='word_1_372' title='bbox 398 2498 493 2522; x_wconf 81' lang='lat' dir='ltr'>voce</span> <span class='ocrx_word' id='word_1_373' title='bbox 516 2486 664 2524; x_wconf 82' lang='lat' dir='ltr'>defecta</span> <span class='ocrx_word' id='word_1_374' title='bbox 685 2495 784 2524; x_wconf 88' lang='lat' dir='ltr'>sunt.</span> <span class='ocrx_word' id='word_1_375' title='bbox 817 2487 1020 2524; x_wconf 75' lang='lat' dir='ltr'>Addideris</span> <span class='ocrx_word' id='word_1_376' title='bbox 1041 2489 1176 2532; x_wconf 76' lang='grc' dir='ltr'><em>κακῶς</em></span> <span class='ocrx_word' id='word_1_377' title='bbox 1197 2488 1502 2536; x_wconf 64' lang='grc' dir='ltr'>προΐστασθαι,</span> <span class='ocrx_word' id='word_1_378' title='bbox 1535 2490 1617 2524; x_wconf 85' lang='lat' dir='ltr'>sine</span> <span class='ocrx_word' id='word_1_379' title='bbox 1637 2501 1747 2538; x_wconf 89' lang='lat' dir='ltr'>prae-</span> 
     </span>
     <span class='ocr_line' id='line_1_43' title="bbox 300 2541 1608 2589; baseline 0.002 -13"><span class='ocrx_word' id='word_1_380' title='bbox 300 2543 432 2589; x_wconf 86' lang='lat' dir='ltr'>cipitio</span> <span class='ocrx_word' id='word_1_381' title='bbox 454 2542 630 2579; x_wconf 82' lang='lat' dir='ltr'>decurret</span> <span class='ocrx_word' id='word_1_382' title='bbox 653 2547 789 2583; x_wconf 87' lang='lat' dir='ltr'>oratio.</span> <span class='ocrx_word' id='word_1_383' title='bbox 822 2543 972 2580; x_wconf 82' lang='lat' dir='ltr'>Mecum</span> <span class='ocrx_word' id='word_1_384' title='bbox 995 2545 1113 2580; x_wconf 83' lang='lat' dir='ltr'>sentit</span> <span class='ocrx_word' id='word_1_385' title='bbox 1132 2541 1445 2581; x_wconf 87' lang='lat' dir='ltr'>Rhodomannus.</span> <span class='ocrx_word' id='word_1_386' title='bbox 1477 2543 1608 2580; x_wconf 74' lang='lat' dir='ltr'><strong>VVESS.</strong></span> 
     </span>
    </p>

    <p class='ocr_par' dir='ltr' id='par_1_9' title="bbox 298 2595 1751 2814">
     <span class='ocr_line' id='line_1_44' title="bbox 412 2595 1748 2650; baseline -0.003 -13"><span class='ocrx_word' id='word_1_387' title='bbox 412 2600 517 2637; x_wconf 81' lang='grc'><strong>616.</strong></span> <span class='ocrx_word' id='word_1_388' title='bbox 544 2599 615 2638; x_wconf 84' lang='grc'><strong>70.</strong></span> <span class='ocrx_word' id='word_1_389' title='bbox 655 2595 728 2645; x_wconf 69' lang='grc' dir='ltr'>ί,Ως</span> <span class='ocrx_word' id='word_1_390' title='bbox 752 2598 1093 2650; x_wconf 71' lang='grc' dir='ltr'>ὁίαπεμπομένων</span> <span class='ocrx_word' id='word_1_391' title='bbox 1118 2597 1282 2648; x_wconf 78' lang='grc' dir='ltr'><em>αὐτῶν]</em></span> <span class='ocrx_word' id='word_1_392' title='bbox 1321 2599 1372 2636; x_wconf 90' lang='lat' dir='ltr'>Et</span> <span class='ocrx_word' id='word_1_393' title='bbox 1393 2599 1484 2637; x_wconf 86' lang='lat' dir='ltr'>haec</span> <span class='ocrx_word' id='word_1_394' title='bbox 1504 2599 1632 2637; x_wconf 88' lang='lat' dir='ltr'>hiulca</span> <span class='ocrx_word' id='word_1_395' title='bbox 1653 2611 1748 2645; x_wconf 86' lang='lat' dir='ltr'>esse,</span> 
     </span>
     <span class='ocr_line' id='line_1_45' title="bbox 298 2651 1750 2708; baseline 0 -19"><span class='ocrx_word' id='word_1_396' title='bbox 298 2651 504 2701; x_wconf 80' lang='lat' dir='ltr'>additoque</span> <span class='ocrx_word' id='word_1_397' title='bbox 533 2652 740 2706; x_wconf 73' lang='grc' dir='ltr'><em>ἀγγέλους,</em></span> <span class='ocrx_word' id='word_1_398' title='bbox 766 2663 832 2693; x_wconf 85' lang='lat' dir='ltr'>aut</span> <span class='ocrx_word' id='word_1_399' title='bbox 849 2651 1170 2708; x_wconf 68' lang='grc' dir='ltr'>βιβλιοφόρους,</span> <span class='ocrx_word' id='word_1_400' title='bbox 1197 2655 1386 2703; x_wconf 86' lang='lat' dir='ltr'>explenda.</span> <span class='ocrx_word' id='word_1_401' title='bbox 1406 2657 1506 2693; x_wconf 87' lang='lat' dir='ltr'>idem</span> <span class='ocrx_word' id='word_1_402' title='bbox 1524 2657 1588 2694; x_wconf 85' lang='lat' dir='ltr'>vir</span> <span class='ocrx_word' id='word_1_403' title='bbox 1608 2655 1750 2691; x_wconf 86' lang='lat' dir='ltr'>doctis-</span> 
     </span>
     <span class='ocr_line' id='line_1_46' title="bbox 301 2710 1748 2760; baseline 0.005 -17"><span class='ocrx_word' id='word_1_404' title='bbox 301 2710 419 2745; x_wconf 85' lang='lat' dir='ltr'>simus</span> <span class='ocrx_word' id='word_1_405' title='bbox 443 2711 485 2746; x_wconf 90' lang='lat' dir='ltr'>in</span> <span class='ocrx_word' id='word_1_406' title='bbox 506 2717 586 2747; x_wconf 88' lang='lat' dir='ltr'>not.</span> <span class='ocrx_word' id='word_1_407' title='bbox 606 2710 779 2749; x_wconf 83' lang='lat' dir='ltr'>Addend.</span> <span class='ocrx_word' id='word_1_408' title='bbox 804 2714 1023 2749; x_wconf 84' lang='lat' dir='ltr'>arbitratur.</span> <span class='ocrx_word' id='word_1_409' title='bbox 1059 2711 1141 2748; x_wconf 84' lang='lat' dir='ltr'>Nec</span> <span class='ocrx_word' id='word_1_410' title='bbox 1161 2712 1363 2760; x_wconf 87' lang='lat' dir='ltr'>persuadet</span> <span class='ocrx_word' id='word_1_411' title='bbox 1382 2720 1520 2750; x_wconf 89' lang='lat' dir='ltr'>tamen.</span> <span class='ocrx_word' id='word_1_412' title='bbox 1565 2710 1687 2760; x_wconf 85' lang='lat' dir='ltr'>Saepe</span> <span class='ocrx_word' id='word_1_413' title='bbox 1707 2712 1748 2746; x_wconf 80' lang='lat' dir='ltr'>in</span> 
     </span>
     <span class='ocr_line' id='line_1_47' title="bbox 299 2765 1751 2814; baseline 0.001 -15"><span class='ocrx_word' id='word_1_414' title='bbox 299 2770 464 2814; x_wconf 80' lang='lat' dir='ltr'>utroque</span> <span class='ocrx_word' id='word_1_415' title='bbox 490 2779 664 2804; x_wconf 87' lang='lat' dir='ltr'>sermone</span> <span class='ocrx_word' id='word_1_416' title='bbox 685 2781 730 2805; x_wconf 87' lang='lat' dir='ltr'>ea</span> <span class='ocrx_word' id='word_1_417' title='bbox 749 2769 936 2806; x_wconf 85' lang='lat' dir='ltr'>vocabula</span> <span class='ocrx_word' id='word_1_418' title='bbox 956 2770 1177 2806; x_wconf 81' lang='lat' dir='ltr'>reticentur.</span> <span class='ocrx_word' id='word_1_419' title='bbox 1222 2767 1410 2808; x_wconf 82' lang='lat' dir='ltr'>Herodot.</span> <span class='ocrx_word' id='word_1_420' title='bbox 1431 2769 1462 2809; x_wconf 89' lang='grc' dir='ltr'>Ι.</span> <span class='ocrx_word' id='word_1_421' title='bbox 1487 2769 1559 2809; x_wconf 89' lang='grc'><strong>75.</strong></span> <span class='ocrx_word' id='word_1_422' title='bbox 1589 2765 1751 2803; x_wconf 88' lang='lat' dir='ltr'>Croesus</span> 
     </span>
    </p>
   </div>
  </div>
 </body>
</html>
