1828 3253
311 203 400 245 176
782 201 1297 243 ANNOTATIONES

428 317 531 357 127.
556 318 629 358 82.
656 313 980 370 Παραγενομένη
1006 313 1048 356 δ’
1081 315 1137 365 εἷς
1157 311 1418 368 Ἐκβάτανα]
1456 316 1693 356 Herodotum
1721 317 1752 357 1.

313 374 386 413 98.
413 376 446 409 si
467 373 590 419 audis,
613 374 711 410 falsa
730 373 823 411 haec
845 381 953 411 sunt:
983 373 1147 411 Deioces
1168 378 1271 411 enim
1292 373 1414 411 Medis
1434 377 1624 422 persuasit
1649 375 1750 412 hanc

310 430 444 465 urbem
466 436 509 465 ut
529 430 749 467 conderent.
803 429 881 466 Sed
903 430 994 478 quid
1016 432 1048 467 si
1076 431 1210 467 urbem
1238 432 1272 467 is
1292 431 1499 467 instaurari
1516 443 1561 467 ac
1583 431 1751 482 diligen-

309 488 388 522 tius
416 487 558 522 muniri
586 484 765 523 iusserit?
812 488 865 523 ita
895 487 1048 534 quidem
1076 493 1176 523 certe
1205 489 1354 523 censuit
1379 494 1513 524 auctor
1554 485 1750 535 historiae,

311 543 420 577 cuius
451 540 601 578 Iuditha
631 544 875 590 praecipuum
905 549 1191 593 argumentum,
1226 556 1257 579 c.
1289 545 1324 582 l.
1345 544 1386 581 2.
1440 542 1541 579 Urbs
1563 550 1644 579 erat
1667 556 1750 581 am·-

310 599 374 647 pla
398 598 614 646 ambituque
637 601 770 636 extimi
790 601 902 645 muri,
926 601 1054 648 plures
1074 601 1176 636 enim
1194 605 1318 645 erant,
1338 598 1587 646 Athenarum,
1611 605 1655 636 ut
1669 598 1750 636 He·-

309 653 435 693 rodot.
457 653 597 701 refert,
635 656 821 702 aequabat
839 656 958 691 ferme
978 655 1304 705 magnitudinem3
1354 667 1449 703 quae
1471 666 1515 690 cc
1535 655 1632 692 stad.
1661 667 1749 693 cum

310 711 542 756 confecerit,
571 709 803 748 testeDione
822 709 1021 760 Chrysost.
1047 712 1113 748 Or.
1133 711 1197 747 Vl.
1219 724 1254 759 p.
1279 713 1350 751 87.
1371 710 1425 758 C.,
1453 711 1555 748 haud
1577 712 1748 759 profecto

308 767 407 803 male
427 767 472 803 de
497 766 704 803 Ecbatanis
723 768 826 804 infra
846 767 972 804 XVII.
991 769 1093 807 110.
1124 767 1289 804 Interior
1304 780 1435 804 murus
1458 770 1604 817 regiam
1623 770 1751 804 incin-

309 823 445 873 gebat,
483 824 682 866 superbam
702 825 861 860 orientis
884 825 1041 871 spoliiS,
1084 826 1239 872 eiusque
1265 823 1602 872 tectafulgebant
1619 823 1750 861 eboris

308 881 421 926 nive,
450 881 628 930 agnoscis
649 879 803 927 Apuleii
822 893 853 915 c.
877 882 917 919 6.
937 879 983 915 de
1006 879 1138 916 Mund.
1158 880 1288 926 verba,
1319 882 1482 929 argenti
1504 881 1605 926 luce,
1624 880 1750 929 flam-

308 938 382 973 mis
413 949 462 972 ex
490 948 591 972 auro
619 936 685 972 vel
715 937 857 972 electri
883 935 1086 972 claritate.
1143 934 1251 972 Coeli
1270 935 1422 973 habitus
1441 939 1482 973 in
1510 936 1580 973 hac
1601 938 1749 974 vicinia
1810 939 1812 944 ⁷

309 998 393 1029 erat
412 991 611 1042 frigidior,
643 992 742 1028 unde
763 1005 845 1028 mos
864 993 1020 1042 regibus
1040 991 1267 1038 Persarum,
1308 999 1492 1029 aestatem
1517 994 1559 1029 in
1579 1005 1623 1028 ea
1640 993 1749 1029 urbis

305 1051 414 1099 regia
436 1049 644 1084 absumere.
705 1046 919 1098 Θέρίζουσι
953 1047 1140 1086 ἐνταῦθα
1173 1045 1211 1086 οἱ
1237 1049 1432 1097 βασιλεῖς.
1459 1045 1604 1098 ψυχρὰ
1621 1045 1700 1099 γὰρ
1720 1042 1747 1099 ἦ

306 1103 473 1155 ΖΙῚηὸἰά.
512 1101 558 1143 τὸ
582 1101 625 1142 δὲ
641 1099 855 1153 χειμάδιον
877 1102 988 1142 ἐστὶν
1010 1100 1150 1149 αὐτοῖς
1170 1102 1211 1142 ἓν
1236 1103 1475 1159 Σελευκείᾳ,
1517 1102 1657 1140 Strabo
1674 1102 1746 1141 XI.

307 1173 343 1209 p.
367 1161 471 1200 794.
495 1160 540 1197 A.
570 1161 645 1206 ait,
677 1160 744 1196 sed
766 1164 831 1209 qui
851 1161 923 1197 sibi
944 1160 1055 1209 plane
1076 1161 1292 1197 contrarius
1317 1167 1398 1208 est,
1440 1160 1553 1197 modo
1574 1173 1622 1196 ne
1640 1161 1748 1197 locus

308 1220 360 1255 sit
380 1217 573 1263 defectus,
614 1216 715 1264 quod
739 1217 854 1253 etiam
882 1224 995 1264 atque
1029 1218 1144 1253 etiam
1172 1219 1369 1264 suspicor,
1407 1230 1493 1254 cum
1523 1230 1559 1265 p.
1582 1218 1685 1256 795.
1705 1215 1749 1254 Β.

305 1272 373 1312 καὶ
393 1266 444 1324 ἦν
470 1270 522 1311 τὰ
553 1267 784 1322 Ἐκβάτανα
807 1268 1022 1324 χειμάδιον
1051 1277 1138 1319 τοῖς
1159 1271 1357 1326 Πέρσαις.
1386 1271 1496 1310 Conf.
1515 1272 1557 1310 Β.
1576 1271 1748 1310 Brisson.

304 1328 352 1367 R.
369 1329 475 1366 Pers.
496 1329 523 1365 Ι.
545 1330 618 1369 69.
646 1328 781 1366 Wssss.

422 1397 525 1436 127.
549 1397 622 1436 90.
647 1392 701 1435 Ὃ
731 1397 806 1434 κα)
812 1400 913 1435 εἷται
938 1394 1014 1447 ιιὲν
1029 1391 1258 1450 Ὀρόντης]
1288 1395 1436 1433 Mediae
1456 1395 1558 1433 hunc
1579 1403 1749 1435 montem

303 1452 406 1491 haud
434 1454 691 1502 neglexerunt
717 1451 878 1492 Ptolem.
902 1434 1031 1493 V'1.2.
1055 1467 1090 1503 p.
1120 1455 1223 1493 170.
1258 1459 1295 1490 et
1323 1452 1510 1490 Ammian.
1531 1452 1681 1490 XXIII.
1705 1455 1746 1494 6.

305 1510 530 1560 Opportune
553 1522 646 1547 vero
665 1508 800 1558 Polyb.
822 1508 874 1546 X.
895 1510 969 1548 24.
1002 1510 1047 1546 de
1070 1509 1302 1556 Ecbatanis,
1331 1514 1457 1548 κεῖται
1477 1507 1561 1564 μὲν
1573 1501 1646 1548 οἷν
1663 1505 1745 1549 {mci

299 1581 378 1618 την
411 1563 646 1617 παρωρειάν
673 1580 749 1616 την
776 1562 890 1617 παρὰ
918 1580 992 1604 τον
1007 1561 1231 1618 Ὀρόντηι
1260 1562 1486 1616 ἀτείχιστος
1515 1564 1635 1612 οὐσα,
1667 1568 1747 1603 sita

305 1630 367 1660 est
395 1623 434 1659 in
464 1628 652 1658 montana
679 1623 864 1671 regione,
897 1635 998 1672 quae
1027 1622 1231 1660 radicibus
1262 1622 1427 1660 Orontis
1455 1622 1657 1669 subiacet5
1691 1625 1746 1660 ita

303 1681 408 1716 enim
437 1681 576 1727 optime
605 1680 724 1715 vertit
746 1677 794 1714 Is.
815 1677 989 1725 Casaub.,
1010 1686 1070 1725 et,
1099 1679 1200 1727 quod
1220 1680 1367 1729 vulgo
1357 1691 1397 1715 in
1422 1677 1584 1728 Polybio
1604 1680 1746 1729 legitur

291 1732 435 1786 ’‘09011,
458 1735 506 1771 ad
529 1748 614 1771 eum
632 1734 787 1771 modum
808 1735 1101 1772 instaurandum
1121 1735 1370 1785 significavit.
1400 1734 1529 1771 Minus
1550 1735 1745 1772 commode

302 1791 490 1828 Ammian.
531 1798 572 1827 et
597 1791 830 1838 Ecbatana,
875 1791 942 1828 sub
963 1791 1126 1829 Iasonio
1155 1799 1283 1828 monte
1308 1793 1347 1829 in
1376 1793 1498 1828 terris
1516 1790 1746 1841 Syro-Me·-

301 1850 461 1894 dorum,
502 1848 579 1884 nisi
598 1850 631 1884 si
649 1849 751 1884 inter
767 1854 970 1897 utrumque
990 1855 1183 1896 montem,
1222 1851 1378 1898 propius
1398 1854 1525 1884 tamen
1545 1847 1745 1896 Orontem,

298 1905 457 1943 fuerint.
496 1903 629 1941 IVESS.

415 1973 518 2011 128
557 1972 596 2010 3.
636 1969 721 2010 Καὶ
751 1986 826 2017 τας
854 1987 1049 2025 αποροω,
1052 1986 1100 2019 ας
1127 1968 1309 2024 πέτρας]
1347 1970 1490 2008 Vocem
1517 1971 1693 2010 ultimam
1721 1984 1743 2009 e

299 2027 392 2066 Mss.
414 2027 557 2074 addidi,
586 2029 772 2075 probante
792 2027 964 2065 Diodoro
983 2028 1051 2066 III.
1079 2030 1148 2069 15
1169 2029 1305 2079 Polyb.
1324 2027 1370 2065 V.
1391 2029 1463 2068 59.
1481 2027 1637 2067 Philon.
1658 2028 1740 2101 Iud.

298 2084 329 2122 I.
353 2085 431 2123 Vit.
453 2084 549 2120 Mos.
577 2097 613 2133 p.
635 2085 740 2124 632.
761 2083 802 2121 C.
830 2085 964 2121 ussss.

413 2154 517 2191 128.
544 2147 802 2198 5.Πόλεις
784 2166 826 2189 εν
846 2157 931 2198 τοῖς
951 2149 1000 2190 ἂν
1005 2165 1215 2203 αστημασι
1235 2159 1306 2188 etc.
1317 2150 1335 2203 ]
1376 2150 1558 2191 Strabon.
1578 2150 1670 2189 XII.
1697 2164 1736 2200 p.

300 2210 404 2248 811.
423 2207 464 2244 C.
484 2208 572 2245 vide
603 2214 641 2243 et
658 2208 969 2255 inscriptionem,
1008 2221 1121 2257 quam
1142 2211 1251 2258 cippo
1273 2211 1354 2245 eius
1375 2210 1606 2257 insculptam
1624 2207 1739 2246 habet

295 2265 480 2314 Polyaen.
502 2264 533 2300 l
538 2263 605 2302 III.
631 2262 749 2301 Strat.
766 2267 840 2304 26.
878 2265 1014 2304 1171158.

376 2351 379 2356 s
413 2335 516 2372 128.
556 2332 624 2372 13.
665 2332 899 2384 Παρῆλθεν
929 2331 984 2379 εἷς
1003 2329 1235 2383 Ἄμμωνα]
1283 2330 1432 2370 Tuetur
1465 2331 1538 2369 hoc
1577 2330 1738 2371 Diodor.

294 2388 441 2427 XVIII.
467 2390 507 2427 3.
531 2395 569 2425 et
588 2390 677 2435 28„
704 2401 775 2425 nec
797 2395 924 2426 tamen
942 2392 1202 2427 reiectaneum
1222 2388 1278 2435 εἰς
1288 2386 1529 2441 Ἄμμωνος,
1569 2390 1672 2439 quod
1697 2397 1736 2428 et

294 2446 410 2483 habet
427 2444 551 2481 XVII.
573 2445 648 2483 49.
685 2444 821 2485 W1-:ss.

412 2514 515 2552 128.
541 2514 609 2552 18.
641 2508 740 2551 Ἀπὸ
764 2511 808 2551 δὲ
826 2508 986 2553 τούτων
1009 2509 1234 2566 γενομένη]
1275 2511 1396 2562 Saepe
1413 2511 1598 2560 Diodor.,
1640 2511 1733 2551 Plu-

293 2567 440 2616 tarch,
475 2567 684 2615 Herodot.,
720 2568 903 2619 Iosephus
925 2570 997 2607 hoc
1019 2583 1158 2621 genere
1183 2577 1364 2616 utuntur,
1401 2571 1516 2606 sicuti
1546 2572 1733 2618 exempla,

295 2639 318 2663 a
337 2625 379 2662 P.
402 2624 597 2674 Leopardo
617 2624 700 2660 Vll.
719 2624 879 2665 Emend.
909 2628 947 2666 l.
971 2633 1209 2673 coacervata,
1236 2626 1385 2662 docent.
1413 2625 1524 2662 Addo
1546 2638 1594 2662 ex
1614 2626 1732 2676 Poly-

294 2683 382 2728 bio,
422 2688 464 2717 ut
482 2682 540 2717 1111
560 2681 832 2720 subveniaml.
858 2684 897 2722 7.
928 2681 1009 2722 ἐπεὶ
1041 2682 1084 2722 δὲ
1114 2680 1194 2722 ἀπὸ
1224 2697 1383 2722 τουτων
1388 2679 1619 2749 ἐγένοντο,
1643 2695 1731 2720 cum

294 2751 388 2776 vero
410 2737 471 2773 leis
493 2737 860 2788 essentperfuncti.
911 2746 949 2775 et
970 2753 1001 2776 c.
1024 2740 1112 2786 24,
1152 2735 1232 2778 ἀπὸ
1260 2737 1303 2777 ὸέ
1326 2753 1485 2778 τουτων
1503 2733 1726 2790 γενόμενοι.

291 2793 386 2831 haec
417 2793 525 2830 bene.
581 2805 660 2829 non
691 2794 780 2831 item
805 2794 870 2831 III.
897 2797 999 2835 100.
1031 2790 1247 2847 γἐιόμενος
1271 2793 1304 2833 ὸ
1330 2810 1393 2834 em
1413 2809 1584 2833 τουτων
1626 2794 1728 2843 quod

291 2856 511 2900 opo1tuerat
540 2845 619 2889 ἀπὸ
649 2845 830 2901 τούτων,
874 2853 1166 2901 praesciuntque
1184 2852 1365 2899 schedae,
1401 2851 1538 2901 quibus
1556 2863 1648 2889 usus
1669 2857 1728 2888 est
