1828 3253
448 190 509 232 {N
543 189 652 232 MR.
676 189 805 232 xlv.
841 189 1278 235 CAP.105.-109.
1506 197 1598 239 709

146 301 340 356 δαίμονα.
379 308 419 341 et
434 303 543 356 Virg.
563 301 717 342 Aemll.
735 303 842 345 637.
885 303 1072 354 Abnegat
1101 307 1260 356 excisa,
1298 307 1423 346 vitam
1441 310 1601 361 produ..

147 374 240 399 cere
272 359 397 398 Troia
428 359 700 412 Exsiliumque
724 363 836 412 pati.
877 369 962 399 tum
990 360 1083 401 ΧΠ.
1120 364 1221 403 149.
1272 361 1387 402 Nuno
1419 367 1599 405 invenem

144 416 364 470 imparibus
391 417 522 456 video
537 429 780 455 concurrere
796 416 924 464 fatis.
991 415 1181 456 Fraudem
1210 426 1361 467 autem,
1399 432 1473 471 qua
1502 421 1599 462 Dio-

142 475 279 524 nysius
304 471 503 525 Rheginos
527 486 680 546 pessum
700 473 824 522 dedit,
850 472 1061 512 Frontinus
1083 472 1201 512 Strat.
1222 476 1289 513 111.
1317 477 1360 517 4.
1383 477 1425 518 3.
1454 483 1597 531 tangit

141 529 192 568 W
195 539 283 568 ess.

256 584 363 625 723.
397 584 473 625 41
510 580 688 626 Δόντων
706 583 773 634 δὲ,
798 584 974 635 νομίζειν
995 581 1089 638 etc.]
1120 584 1224 639 Lego
1243 587 1419 639 νομίζων
1437 602 1507 641 pro
1530 606 1598 632 2¹0-

140 639 282 692 μιζειν.
336 639 471 678 Potest
489 641 606 678 etiam
625 640 739 692 legi
721 656 762 680 εν
766 638 860 692 opus
861 657 914 681 εν
972 640 1128 679 ΞΤΕΡΗ.

256 696 362 738 724.
391 697 467 737 48.
490 691 823 749 ιΥπονοήσιιντες
847 695 975 737 αὐτοῦ
997 695 1073 749 τὴν
1095 696 1237 749 me'o7.
1241 696 1319 751 ὴν]
1373 699 1463 739 Non
1484 715 1598 751 sper-

141 764 272 790 nerem
290 749 368 804 τῆν
385 749 622 820 3n1ss0v77213
651 755 686 790 si
707 767 726 789 e
747 757 900 802 scriptis
918 756 1083 802 repetita
1101 763 1201 792 esset
1217 757 1467 796 membranis:
1500 772 1596 808 quae

140 820 228 845 cum
247 807 346 846 nihil
365 807 576 858 demutent,
606 811 650 847 in
671 811 844 860 vulgato,
863 812 1116 863 propositum
1135 817 1173 849 et
1193 813 1418 851 institutum
1437 819 1598 866 tyranni

139 864 360 912 indicante,
387 865 643 915 acquiescam.
699 866 833 903 wizss.

254 921 362 961 724·
397 921 470 961 54.
496 918 698 961 ’Ἀπιστον
717 926 804 968 τοῖς
824 919 1044 975 μεγέθεσι]
1078 920 1228 960 Poteris
1247 931 1286 961 et
1304 920 1490 965 ἀπίστων
1507 931 1597 973 τοῖς

137 975 356 1044 μεγέθεσι,
394 979 428 1014 si
449 978 576 1028 aptius
607 976 647 1014 id
674 981 894 1026 putaveris,
925 979 1124 1028 amplecti:
1167 994 1305 1032 κητεσι
1334 982 1504 1028 πολ7οΐς
1528 998 1596 1021 και

139 1029 329 1080 ἀπίστοις
368 1030 416 1073 τὸ
459 1032 639 1086 μέγεθος
676 1033 1018 1089 συγκεκυρηκέναι
1056 1035 1216 1073 habebis
1254 1036 1448 1075 L.XV11.
1493 1041 1596 1080 106.

138 1088 279 1127 wass.

255 1144 361 1186 724.
393 1145 466 1186 56.
509 1141 714 1192 Obscum]
752 1144 899 1183 Eadem
927 1148 1139 1196 scripturae
1167 1148 1338 1194 varietas
1371 1148 1472 1198 apud
1503 1148 1598 1188 Phi-

139 1201 345 1239 lostratum
371 1200 416 1241 L.
431 1201 459 1241 1.
494 1199 572 1238 Vit.
594 1202 720 1251 Apou.
746 1216 777 1239 c.
796 1203 870 1243 35.
903 1209 941 1239 et
968 1202 1011 1241 L.
1026 1201 1108 1241 Vll.
1132 1205 1198 1253 2.,
1232 1206 1464 1243 membranis
1483 1207 1597 1244 modo

144 1257 363 1305 (Bokana,
392 1256 494 1306 quod
520 1265 559 1294 et
577 1259 678 1307 apud
699 1257 888 1296 Suidam
876 1272 919 1296 in
938 1257 1159 1310 Αἰσχίνης,
1185 1261 1301 1298 modo
1326 1258 1507 1302 Φῦτωια
1529 1275 1597 1311 ap-

138 1314 384 1364 pellantibus,
403 1315 517 1351 sicuti
529 1312 685 1351 clariss.
696 1314 874 1352 ¹]learius
886 1315 1066 1352 ostendit.
1096 1314 1310 1368 Utrumque
1321 1317 1512 1355 Graecum
1525 1326 1597 1367 est,

137 1376 342 1418 manetque
361 1370 402 1406 in
421 1369 552 1417 dubio,
577 1376 706 1407 utrum
724 1384 860 1408 verum
883 1373 948 1408 sit.
1011 1367 1168 1411 Φύτιον
1191 1371 1422 1424 Rheginum,
1450 1374 1597 1425 Pytha-

136 1437 255 1476 gorae
275 1431 515 1472 sectatorem,
536 1432 723 1463 memorat
736 1417 967 1465 lamblichus
988 1426 1067 1465 Vit.
1088 1427 1206 1479 Pyth.
1227 1436 1320 1467 sect.
1334 1432 1441 1471 267.
1432 1457 1464 1479 .,
1484 1443 1598 1482 quem.

138 1481 303 1519 eundem
320 1493 400 1518 non
419 1480 568 1518 dixero.
626 1482 769 1521 WEss.

235 1537 342 1578 724.
353 1538 426 1578 76.
437 1534 627 1588 ’Ἐπεμψε
639 1537 684 1577 δὲ
695 1537 761 1576 καὶ
777 1534 1006 1592 ῥαψωδοῦς
1018 1552 1117 1586 τους
1130 1539 1391 1592 κοατίστους]
1407 1540 1597 1580 Haeserat

138 1593 231 1631 olim
254 1590 470 1648 ῥαψῳδῶν
488 1595 625 1631 titulus
645 1595 725 1632 illis
747 1596 949 1642 inprimis,
977 1596 1043 1644 qui
1064 1597 1241 1634 versibus
1263 1596 1481 1636 Homericis
1504 1612 1598 1636 can-

139 1649 269 1688 tandis
285 1656 485 1700 quaestum
500 1650 708 1698 faciebant,
733 1652 892 1688 transiit
907 1650 1000 1693 inde
1011 1649 1058 1687 ad
1073 1653 1234 1689 aliorum
1247 1656 1444 1701 poetarum
1458 1658 1598 1693 earmi-

125 1714 231 1744 ‘num
243 1708 482 1744 recitatores.
522 1704 625 1744 Nota
644 1719 688 1744 ea
707 1719 769 1744 res
789 1713 848 1744 est
865 1718 914 1744 ex
928 1705 1125 1744 Athenaeo
1148 1707 1190 1745 L.
1200 1708 1310 1746 XIV.
1329 1710 1369 1749 3.
1390 1717 1428 1747 et
1443 1709 1598 1749 Schmi-

139 1763 202 1800 dio
233 1762 282 1800 ad
309 1761 472 1800 Pindari
488 1759 672 1800 Nemeon.
701 1761 775 1799 od.
799 1764 842 1804 2.
887 1762 1035 1801 Auctor
1059 1765 1142 1813 ipse
1170 1761 1485 1819 εὐφωνοτάτους
1512 1769 1597 1807 τῶν

137 1813 372 1871 υποκριτῶν
393 1824 593 1869 nuncupat
610 1817 655 1858 L.
667 1818 754 1856 XV.
778 1821 819 1859 7.
879 1818 1018 1857 Wssss.
1555 1841 1557 1844 <

256 1875 360 1915 724.
403 1876 477 1916 86.
520 1871 895 1928 Ἀναθεωροῦντες
925 1872 1001 1928 τὴν
1031 1873 1180 1915 κακίαν
1212 1878 1297 1917 τῶν
1324 1873 1594 1931 ποιημάτιον]

136 1930 226 1970 Vid.
249 1931 292 1968 L.
304 1929 392 1968 XV.
423 1932 464 1971 6.
519 1929 663 1968 Wrss.

255 1988 360 2028 724.
392 1988 466 2028 89.
504 1986 589 2026 Καὶ
609 1982 687 2040 γὰο
704 1981 921 2033 Λυσίαςε
902 2002 923 2026 ο
947 1980 1085 2040 ῥήτωρ
1109 1986 1206 2039 etc.]
1248 1987 1475 2040 Opportune
1499 1989 1597 2029 Dio-

140 2045 281 2094 nysius
311 2042 357 2081 T.
370 2043 418 2083 Π.
442 2055 479 2092 p.
495 2044 569 2084 92.
590 2040 712 2082 ''Ecm
732 2039 783 2095 δή
800 2056 861 2089 τις
882 2040 995 2098 αὐτῷ
1023 2043 1210 2099 (Λυσία)
1229 2044 1506 2113 71‘0'3772'9‘2‘39
1527 2043 1599 2087 λό-

137 2114 239 2164 γος,
259 2097 302 2139 ἓν
321 2115 353 2140 ω
375 2098 510 2139 πείθει
529 2096 629 2146 τοὺς
636 2095 788 2150 “Ἐ7.7.ην
791 2113 863 2146 ας,
905 2084 1108 2166 ἀγομένης
1129 2086 1395 2153 Ὀλυμπιασι
1406 2105 1481 2154 τῆς
1512 2119 1597 2143 πα-

84 2203 87 2205 ,
138 2153 368 2209 νηγύρεως,
402 2151 613 2206 ἐκβάλλειν
642 2151 868 2195 Διονύσιον
896 2153 971 2194 τὸν
1001 2151 1205 2208 τύραννον
1233 2159 1309 2209 τῆς
1335 2155 1490 2210 ἀρχῆς,
1528 2159 1598 2199 καὶ

141 2210 332 2251 Σικελίαν
360 2210 663 2263 ἐλευθερῶσαι,
696 2208 916 2277 ἄρξασθαί
938 2225 981 2251 τε
1004 2213 1089 2280 τῆς
1118 2209 1276 2265 ἔχθρας
1297 2211 1445 2253 αὐτίκα
1466 2211 1597 2266 μάλα,

130 2263 456 2334 ’διαρπάσανΐας
476 2267 553 2334 τὴν
571 2282 646 2308 TO‘U
666 2262 869 2319 τυράννου
891 2264 1060 2320 σκηνὴν,
1080 2271 1226 2337 χρυσῷ
1244 2284 1288 2309 τε
1312 2285 1380 2309 καί
1399 2285 1598 2340 πορφυρᾶ

140 2323 210 2364 καὶ
245 2320 357 2364 ἄλλω
390 2319 556 2391 πλούτῳ
590 2324 730 2364 πολλῶ
751 2322 1082 2390 κεκοσμημέιην.
1119 2323 1278 2376 ἔπεμψε
1302 2323 1381 2380 γὰρ
1409 2325 1598 2381 θεωροὺς

142 2379 199 2427 εἷς
224 2377 302 2432 τὴν
325 2365 556 2433 πανήγυρίν
585 2376 606 2420 ὃ
630 2366 873 2427 Διονύσιος,
906 2377 1083 2432 c’iyovtag
1107 2380 1266 2421 θυσίαν
1295 2383 1356 2421 τῶ
1385 2383 1474 2437 θεῷ
1509 2391 1597 2432 ete.,

142 2447 239 2485 quae
266 2436 322 2474 ibi
351 2438 431 2488 legi
457 2443 640 2487 possunt:
678 2443 770 2473 sunt
789 2437 894 2474 enim
911 2437 959 2473 ad
978 2435 1081 2474 hunc
1098 2438 1226 2476 locum
1244 2424 1596 2479 accommodatissi-

144 2506 222 2531 ma.
262 2491 440 2531 Meminit
457 2501 496 2531 et
517 2492 644 2540 Plut.‚
667 2492 735 2529 sed
753 2492 897 2541 obiter,
930 2491 977 2529 T.
991 2492 1038 2532 11.
1060 2506 1095 2544 p.
1111 2495 1216 2564 836.
1236 2493 1285 2531 D.
1343 2493 1484 2532 Wssss.

256 2549 364 2589 725.
397 2551 442 2589 2.
477 2546 608 2589 Am..)
626 2563 702 2588 συν
719 2544 883 2594 τούτοις
902 2546 1111 2601 τέθριππα
1130 2565 1198 2589 και
1217 2545 1242 2602 ἥ
1265 2552 1367 2597 ναῦς
1384 2549 1593 2602 ἐξέπεσον]

143 2603 248 2643 Mala
274 2605 448 2654 profecto
474 2593 666 2653 carmina,
704 2617 799 2654 quae
819 2616 896 2642 una
919 2618 1004 2642 eum
1025 2606 1222 2657 quadrigis
1242 2619 1319 2644 nm
1322 2619 1381 2644 em
1402 2609 1444 2644 in
1463 2607 1598 2645 brevia

142 2659 352 2711 inpellunt!
402 2660 482 2699 Sed
501 2661 622 2700 haec
610 2674 696 2698 loco
717 2659 967 2712 Syracusani.
1008 2658 1231 2710 Ἐξέπεσον
1252 2675 1332 2700 non
1349 2670 1474 2702 muto:
1502 2677 1596 2714 pen-

146 2717 210 2755 det
234 2729 282 2755 ex
308 2719 512 2765 prioribus.
567 2718 703 2756 WVESS.

257 2774 362 2814 725.
386 2773 427 2814 3'·
464 2770 721 2825 Πυθόμενος
738 2770 812 2815 τὸν
827 2776 912 2815 τῶν
930 2769 1170 2827 ποιημάτων
1189 2771 1478 2827 διασυριγμόν]
1508 2774 1595 2813 Hoc

141 2830 303 2867 retineo.
344 2827 643 2882 Ἐκσυρίττειν,
673 2830 1007 2886 κατασυρίττειν,
1041 2830 1314 2885 διασυρίττειν
1341 2838 1379 2868 et
1407 2832 1595 2884 κλωσμο-
