1828 3253
279 56 372 100 646
628 82 631 85 ,
744 55 1265 101 ANNOTATIONES

397 167 500 210 560.
525 169 598 210 73.
625 164 767 210 Ἀλλὰ
786 167 1023 224 πράξαντας
1042 169 1184 225 δεινὰ]
1218 173 1341 211 Locus
1360 172 1425 211 hic
1445 173 1601 212 videtur
1619 187 1728 225 posse

283 226 460 273 restitui,
487 228 519 262 si
541 231 627 275 post
646 227 966 280 φιλανθρωπίας
987 230 1180 279 lega111u8‚
1212 229 1318 282 μηδὲ
1338 228 1434 275 τοὺς
1456 227 1605 276 ἄλλους
1626 227 1731 282 πρά-

287 282 437 328 ξαντας
461 280 570 320 δεινὰ
592 289 662 320 etc.
695 283 840 321 Sensus
862 286 993 322 saltem
1014 287 1099 322 loco
1120 293 1229 336 aptus
1259 299 1308 324 ex
1330 286 1397 323 hac
1418 288 1582 323 lectione
1603 288 1733 323 elicie-

287 344 361 374 tur.
386 336 540 377 STEPH.
579 338 679 390 Lege
703 338 798 378 οὐδὲ
819 336 1066 392 πράξαντας.
1101 340 1236 381 ΒΗυῡ.

406 395 508 434 560.
543 395 616 434 74.
666 393 797 449 Παρὰ
826 393 922 443 τοὺς
951 399 1034 436 τῶν
1060 393 1267 450 Ἑλλήνων
1301 395 1527 450 ἐθισμοὺς]
1574 397 1663 435 vid.
1692 397 1736 434 L.

291 448 408 487 XIX.
431 451 504 492 63.
545 449 682 488 WEss.

407 507 509 547 560.
553 509 625 547 82.
672 503 837 553 Πάντες
869 506 912 547 δὲ
946 505 1227 550 ἀνατείνονται
1247 513 1346 558 ete]
1395 509 1532 547 Dicam
1560 510 1663 547 infra
1692 508 1737 550 L.

292 559 402 601 XIV.
428 563 468 601 3.
516 561 634 600 Refer
656 563 729 599 hue
749 563 1005 603 Ovidianum:

408 619 493 666 Quo
514 621 601 669 quis
623 622 722 657 enim
743 622 893 667 maior,
924 624 1051 671 magis
1071 629 1133 659 est
1147 622 1368 674 placabilis
1387 625 1500 670 irae‚·

464 674 685 722 Etfaeiles
704 683 830 713 motas
851 690 956 715 mens
985 692 1180 727 generosa
1202 681 1323 731 capit.

413 730 592 782 Corpora
613 735 863 781 magnanimo
887 737 989 771 satis
1010 742 1070 771 est
1085 743 1317 785 prostrasse
1337 737 1464 780 leoni,-

464 787 606 837 Pagna
631 801 740 825 saum
753 790 904 838 finem,
936 804 1021 828 eam
1045 793 1154 829 iacet
1174 791 1320 838 hostis,
1348 791 1477 829 habet.

298 839 419 879 Trist.
441 842 483 879 L.
510 844 575 882 III.
602 845 639 883 5.
663 846 735 884 31.
772 846 911 883 Wnss.

414 899 515 941 560.
550 901 622 940 92-
661 899 856 947 Πολλοὺς
884 904 967 941 τῶν
998 901 1350 954 Λακεδαιμονιίον
1380 899 1746 953 κατακλείσαντες]

297 951 394 991 Vide
416 954 456 992 L.
479 955 568 993 XII.
592 957 665 996 63.
699 964 810 1006 atque
830 966 932 995 artes
956 962 1120 996 oratoris
1141 960 1417 998 animadverte.
1446 959 1582 995 Wssss.

416 1012 518 1051 560.
545 1015 584 1052 6.
616 1010 698 1051 ”Ide
720 1011 794 1065 τὴν
818 1011 944 1065 τἰἦχην
966 1011 1159 1055 ἁπάντων
1183 1010 1313 1055 οὖσαν
1335 1013 1509 1066 κυρίαν]
1553 1013 1636 1052 Sed
1653 1027 1752 1065 pro-

292 1063 411 1113 fecto
434 1067 616 1106 Fortuna
640 1071 679 1106 in
705 1073 810 1107 οηιιιί
831 1085 874 1108 re
895 1073 1132 1110 dominatur.
1173 1086 1219 1110 ea
1250 1085 1315 1109 res
1337 1079 1501 1109 cunctas
1521 1085 1570 1108 ea:
1592 1071 1752 1108 libidine

301 1126 449 1172 magis,
479 1138 595 1175 qaam
628 1139 677 1162 ea:
708 1140 802 1164 vero
836 1129 1012 1166 celebrat
1042 1129 1327 1179 obscuratque„
1367 1129 1421 1164 ait
1452 1127 1609 1164 Sallust.
1644 1126 1754 1164 Catil.

304 1191 336 1214 c.
364 1184 402 1220 S.
437 1180 620 1219 Libanius
640 1181 686 1218 T.
709 1182 756 1220 II.
786 1195 823 1232 p.
851 1185 955 1224 644.
976 1184 1023 1221 D.
1057 1184 1126 1223 καὶ
1157 1184 1365 1224 ἐπαινοῦσι
1390 1181 1439 1234 δὴ
1470 1179 1541 1223 τόν
1573 1179 1754 1230 εἰπόντα,

306 1231 450 1287 Τύχην
479 1234 531 1275 τὰ
560 1236 992 1291 θιίπῶνπράγιιατα.
1022 1243 1088 1290 qui
1118 1241 1271 1290 quidem
1292 1241 1461 1278 nobilem
1491 1240 1684 1276 senarium
1712 1241 1755 1276 in

305 1295 433 1330 animo
456 1300 568 1342 atque
593 1296 715 1331 oeulis
736 1294 881 1342 habuit,

477 1345 592 1400 Τύχη
614 1348 666 1388 τὰ
686 1352 855 1402 θνητῶν
876 1348 1095 1404 πράγματ’,
1125 1349 1199 1391 οὐκ
1220 1349 1426 1401 εὐβουλία.

303 1404 484 1451 nobilem,
506 1408 673 1455 inquam.
714 1408 934 1444 Vexabatur
953 1411 1054 1445 enim
1082 1408 1378 1458 Theophrastus
1399 1414 1439 1444 et
1458 1406 1572 1444 libris
1589 1413 1630 1443 et
1645 1406 1759 1443 scho-

305 1459 355 1497 lis
380 1463 546 1498 υιιιηὶιιηι
571 1462 918 1516 philosophorum,
946 1466 1051 1516 quod
1081 1467 1120 1504 in
1144 1464 1386 1503 Callisthene
1416 1476 1485 1502 suo
1504 1464 1686 1502 laudarit
1709 1464 1759 1501 il-

308 1515 388 1554 lam
420 1521 670 1565 sententiam,

482 1574 610 1612 Vitam
635 1577 745 1624 regit
761 1575 967 1624 Fortuna,
996 1589 1071 1615 non
1093 1578 1307 1628 sapientia.

309 1625 442 1665 Cicero
464 1628 621 1667 Tuscul.
644 1631 794 1681 Disput.
812 1633 855 1671 V.
882 1634 922 1672 9.
959 1633 1044 1670 Vid.
1071 1633 1170 1670 Plut.
1194 1632 1241 1669 T.
1261 1632 1310 1671 ΙΙ.
1337 1645 1371 1682 p.
1396 1633 1469 1672 97.
1510 1630 1688 1668 Eustath.
1711 1631 1759 1669 de

308 1683 449 1724 Ismen.
482 1685 612 1725 Amor.
643 1688 686 1727 L.
718 1687 823 1726 Vssl.
862 1703 897 1740 p.
920 1691 1024 1730 317.
1056 1696 1095 1728 et
1127 1688 1326 1728 Demosth.
1360 1687 1589 1739 Olynth.11.
1624 1700 1660 1737 p.
1686 1690 1759 1729 16.

311 1738 447 1780 Vv'ssss,

428 1799 530 1838 560.
560 1800 600 1838 9.
638 1796 723 1839 Διά
748 1798 791 1839 δὲ
812 1803 895 1840 τῶν
916 1796 1126 1852 τυχόντων
1147 1798 1279 1849 ξύλων
1304 1796 1465 1840 {oz-(ivon
1486 1797 1539 1839 τὰ
1560 1796 1761 1853 τρόπαια]

310 1851 512 1892 Veteribus
543 1855 725 1892 Graeciae
746 1859 916 1895 moribus
946 1859 985 1895 id
1004 1859 1157 1906 quidem
1187 1860 1321 1896 valuit.
1362 1856 1638 1893 statuebantur
1661 1859 1763 1894 enim

311 1910 353 1946 in
382 1910 545 1958 finibus,
573 1915 759 1950 victoriae
779 1914 891 1951 modo
912 1917 953 1951 in
983 1917 1201 1964 praesentia
1223 1913 1473 1950 declarandae
1497 1926 1655 1959 caussa⁷
1683 1925 1762 1950 non

310 1971 356 2001 ut
376 1967 416 2003 in
434 1975 655 2018 perpetuum
677 1970 766 2006 belli
795 1972 977 2007 memoria
994 1978 1184 2008 maneret:
1218 1977 1346 2007 tamen
1367 1976 1522 2016 tropaea
1552 1975 1590 2005 et
1608 1981 1655 2005 ex
1674 1981 1761 2005 aere

312 2028 350 2058 et
370 2023 495 2071 lapide
516 2032 641 2061 erecta
660 2034 844 2063 memorat
862 2026 1024 2063 Pausan.
1046 2027 1093 2065 II.
1117 2029 1190 2067 21.
1214 2038 1249 2074 p.
1281 2027 1382 2066 159.
1397 2038 1400 2044 ¹
1418 2025 1463 2061 V.
1488 2026 1563 2064 27.
1594 2037 1629 2072 p.
1654 2026 1761 2064 450.

312 2077 414 2115 VH!-
442 2082 510 2120 10.
541 2094 576 2129 p.
605 2083 711 2122 619.
754 2089 791 2119 et
825 2083 925 2120 Plut.
949 2084 1071 2120 Alcib.
1105 2095 1140 2132 p.
1161 2085 1267 2123 207.
1290 2081 1339 2121 D.
1384 2082 1618 2129 Quamquam
1649 2082 1765 2129 primi

313 2146 357 2170 ea
378 2148 426 2173 ex
448 2140 606 2174 materia
630 2142 693 2187 qui
712 2146 943 2187 posuerunt,
976 2141 1074 2177 male
1094 2146 1174 2178 tota
1196 2139 1360 2176 Graecia
1381 2137 1623 2174 audiverunt.
1669 2134 1765 2176 οὐδὲ

311 2187 387 2242 γὰρ
412 2191 706 2245 παρ’(Έλλιίσιν
724 2194 762 2234 οἳ
783 2197 936 2249 πρῶτοι
960 2195 1120 2234 λίθινον
1139 2195 1206 2234 καὶ
1222 2196 1405 2245 χαλκοῦν
1427 2188 1651 2244 στήσαντες
1671 2188 1766 2245 τρό-

312 2261 435 2285 παιον
460 2247 743 2299 εὐδοκιμοῦσιν
764 2252 957 2289 Plutarch.
984 2253 1138 2296 Quaest.
1162 2251 1271 2288 Rom.
1292 2265 1325 2300 p.
1349 2251 1455 2289 273.
1474 2249 1523 2286 D.
1557 2250 1658 2293 Quin
1679 2262 1766 2286 eum

315 2300 511 2352 Thebani,
543 2305 855 2346 Lacedaemoniis
876 2310 974 2346 bello
1009 2311 1218 2356 superatis⁷
1248 2320 1407 2344 aeneum
1437 2307 1662 2342 statuissent
1681 2312 1764 2342 tro-

312 2371 469 2407 paeum,
507 2366 675 2400 accusati
705 2365 802 2413 apud
839 2365 1140 2416 Amphictyonas
1170 2371 1279 2410 sunt,
1317 2362 1499 2399 Cicerone
1535 2362 1579 2398 de
1612 2361 1762 2399 Invent.

314 2413 357 2451 L·
378 2415 424 2453 II·
446 2419 520 2456 23.
554 2426 720 2456 auctare.
752 2421 859 2457 Adde
891 2421 1121 2469 casaubon„
1153 2423 1216 2458 cui
1237 2420 1329 2457 hacc
1359 2432 1438 2455 non
1464 2421 1683 2465 latuerunt,
1717 2417 1766 2454 ad

315 2470 494 2511 Strabon.
516 2474 557 2510 L.
584 2474 646 2511 iv.
667 2488 701 2523 p.
728 2478 833 2517 283.
866 2478 1002 2518 WEss.

431 2531 535 2570 561·
556 2532 630 2570 26.
668 2533 918 2580 Τριακοσιάς
937 2529 1114 2586 τριήρεις
1134 2528 1393 2584 αὐτάνδρους
1413 2528 1646 2579 ἀπολέσας]
1682 2529 1764 2566 Nu-

313 2596 443 2622 merus
474 2588 686 2623 triremium
709 2592 810 2625 iusto
842 2592 991 2627 auctior
1019 2596 1097 2626 est:
1143 2590 1327 2626 ducentas
1353 2590 1537 2625 miserant
1566 2589 1607 2623 in
1637 2585 1765 2635 Aegy-

312 2646 429 2687 ptum.
458 2642 547 2680 vid.
570 2642 612 2679 L.
634 2643 707 2680 XI.
731 2646 802 2684 71.
842 2646 974 2696 Neque
998 2646 1038 2683 id
1058 2659 1150 2684 vero
1171 2646 1378 2693 consentit,
1391 2657 1509 2681 naves
1529 2655 1593 2679 eas
1615 2638 1766 2680 αὐτάν-

312 2695 439 2747 δρους
472 2700 569 2750 ipsis
597 2713 683 2737 cam
711 2700 928 2740 hominibus
955 2703 1130 2752 periisse.
1173 2700 1386 2740 Redierunt
1404 2699 1573 2738 Athenas
1597 2709 1646 2735 ex
1667 2699 1766 2735 clas-
