1828 3253
441 116 502 153 IN
538 115 647 153 LIB.
680 116 735 152 II.
778 114 904 153 CAP
935 116 1007 156 36.
1038 116 1110 156 37
1390 118 1484 159 203

156 229 258 270 150.
285 228 357 272 58
398 223 504 268 Ουτε
522 226 905 298 δενδροτομοῦσιν]
939 225 1088 266 Similis
1107 227 1325 268 humanitas
1349 227 1484 268 'rimo-

40 284 140 332 thei,
167 287 233 335 qui
253 282 328 324 οὐκ
349 281 537 336 ἐπέτρεπε
557 280 650 323 οὔτε
669 282 823 330 οικιάν,
857 280 949 322 ου’τε
973 280 1140 324 ἔπαυλιν
1159 286 1399 338 καθαιρεῖν,
1435 283 1485 326 οὖ

41 338 125 393 μὴν
147 339 280 380 οὐδὲ
262 337 415 393 ἥμερον
436 338 647 393 δένδρον
629 335 849 387 ἐκκόπτειν,
873 341 915 376 in
933 338 1120 390 Polyaoni
1140 340 1206 378 III.
1227 340 1396 393 Stratag.
1413 344 1484 383 10.

45 398 84 437 5.
98 408 108 445 3
149 400 212 434 eui
240 402 498 434 consentanea
526 397 590 433 Iex
614 395 748 434 divina
767 394 1138 436 Deuter.XX.19-
1194 396 1290 435 Vide
1308 397 1359 435 H.
1381 398 1483 436 Gro-

42 455 140 492 tium
160 452 228 491 111.
249 452 324 490 Iur.
346 451 446 489 Belli
469 465 511 489 ac
532 451 622 489 Pac.
646 453 717 492 12.
744 454 780 492 l.
820 451 953 490 VVEss.

158 511 261 550 150.
282 508 356 549 65.
387 505 446 548 Τὸ
468 504 624 554 πλάτος
642 503 858 560 γενόμενος
880 506 1060 548 σταδίων
1077 503 1326 559 τριάκοντα]
1365 509 1484 550 Addit

41 564 84 603 L.
108 564 233 602 XVII.
257 565 330 604 93.
365 564 440 602 duo
467 564 612 611 stadia,
650 577 764 614 quam
784 574 909 602 xxxu
930 564 1140 602 stadiorum
1159 565 1401 603 latitudinem
1423 569 1485 605 ei-

42 621 128 658 dem
147 621 266 658 fluvio
289 621 426 658 tribuit
442 620 637 659 Plutarch.
658 619 846 658 Alexand.
865 632 901 668 p.
922 621 1027 660 699.
1047 619 1093 658 Ε.
1132 620 1212 658 Alii
1233 620 1332 659 haud
1353 625 1482 672 paullo

41 679 263 727 ampliorem
290 676 492 726 perhibent
520 679 562 714 in
593 675 772 713 Strabon.
791 675 878 713 XV.
899 688 936 726 p.
960 678 1094 718 1027.
1113 675 1154 713 C.
1186 676 1340 716 Arrian.
1362 679 1482 717 lndic.

42 747 77 773 e.
94 734 139 773 4.
170 740 208 771 et
227 733 375 770 Aelian.
395 733 487 772 XII.
515 732 565 770 H.
584 731 628 769 A.
650 733 726 773 41.
764 732 898 770 Wnss.

158 791 260 830 150.
281 791 356 829 68.
401 786 461 828 Το
485 786 609 836 ἔθνος
637 787 684 828 τὸ
707 791 790 828 τῶν
811 787 1110 841 Γανδαριδῶν]
1139 787 1207 826 Sic
1225 802 1336 838 saepe
1355 789 1482 829 XVII.

43 846 116 885 93.
108 873 139 895 .‚
181 857 408 895 quamquam
431 845 549 882 editio
567 844 799 883 Basileensis
821 844 1111 897 Γαῃαοιδῶι,
1150 845 1198 882 ad
1227 859 1370 884 morem
1400 861 1485 884 mo-

43 901 204 951 dumque
225 901 471 948 LatInorum,
511 904 577 950 qui
604 901 886 951 Gangaridas,
915 909 1097 950 tanquam
1117 914 1138 938 a
1161 901 1318 952 Gange,
1355 905 1486 952 appel-

43 959 124 994 lare
144 959 364 1007 plerumque
385 959 520 997 solent.
558 956 835 1008 Γαργαρίδας,
858 959 915 994 uti
934 955 998 994 Co.
1022 965 1059 994 et
1080 957 1234 1004 Mutin.‚
1256 957 1370 995 habet
1389 958 1485 996 Dio-

43 1016 178 1063 nysius
200 1013 391 1063 Perieges.
410 1028 447 1051 v.
471 1014 606 1054 1144.
639 1013 734 1050 Vide
755 1012 810 1050 Cl.
830 1012 993 1052 Salmas.
1017 1016 1058 1050 in
1079 1013 1202 1051 Solin.
1224 1016 1329 1055 698.
1349 1015 1482 1054 Wnss.

158 1071 261 1110 150.
292 1070 364 1109 73.
393 1067 503 1115 Τοτῖς
525 1069 788 1120 Ιαιὸαρίὸας
809 1067 883 1108 οἰκ
903 1068 998 1108 ἐπο7
991 1068 1125 1120 {atym
1110 1069 1152 1119 ]
1187 1071 1388 1108 Videbitur
1404 1073 1487 1109 for-

42 1131 145 1161 tasse
168 1125 239 1162 hoc
262 1126 510 1163 insolentius·
543 1125 610 1162 sed
635 1133 673 1162 et
691 1128 720 1162 iz
711 1134 745 1162 a
764 1124 946 1174 Iosephus
966 1124 1011 1161 ΙΙ.
1031 1125 1072 1161 Β.
1094 1125 1120 1161 Ι.
1148 1128 1216 1166 10
1240 1127 1282 1168 1.
1301 1124 1485 1179 nomm!-

43 1194 102 1219 σει
123 1177 205 1220 δὲι
185 1183 294 1233 υμᾶς
315 1176 336 1220 ὃ
357 1179 527 1232 πέμψας
548 1179 630 1232 ἐμὲ,
661 1179 734 1220 οὐκ
761 1177 852 1232 ἐγώ.
883 1181 1095 1249 Appianas
1094 1181 1157 1218 IV.
1168 1181 1211 1219 Β.
1234 1181 1274 1219 C.
1293 1196 1327 1232 p.
1346 1185 1480 1223 1065.

42 1251 111 1275 και
131 1233 255 1282 ὅσους
275 1235 397 1275 ἐπολ’
363 1251 555 1289 εμησαν,
584 1235 624 1282 ἐς
645 1235 886 1288 σιμμαχιάν
908 1234 1060 1283 αὐτους
1082 1235 1258 1277 ἔπεισαν.
1297 1238 1415 1277 Plura
1435 1240 1485 1277 ad

42 1292 107 1333 lv.
129 1293 202 1334 63.
231 1293 282 1330 W
285 1303 366 1330 Ess.

158 1349 261 1392 150.
294 1351 367 1389 76.
399 1349 760 1401 Τετρακισχιλίονς
788 1347 1038 1402 ἐλέφαντας]
1080 1349 1225 1387 Eadem
1251 1349 1346 1388 haee
1374 1350 1489 1390 habet

42 1404 86 1445 L.
106 1404 228 1443 XVII.
253 1406 326 1446 93.
354 1411 469 1453 atque
489 1405 579 1443 inde
600 1405 755 1443 Curtius
778 1405 846 1444 IX.
866 1407 909 1445 2.
951 1405 1086 1443 wass.

159 1463 261 1501 150.
298 1462 369 1502 83.
400 1458 576 1500 ‘'Ynavtv
606 1461 674 1501 καὶ
699 1457 914 1513 Ἴ’ὁ”άσπην
944 1461 1010 1500 καὶ
1034 1459 1269 1513 Ἀκεσῖνον]
1315 1463 1489 1503 Priorem

34 1513 217 1569 ‘'anmv
245 1517 370 1556 XVII.
402 1518 476 1557 93.
505 1525 641 1565 vocat,
689 1517 874 1569 Hypasin
904 1518 1052 1556 Plinius
1074 1518 1138 1555 VI.
1164 1521 1233 1559 17.
1267 1525 1305 1555 et
1333 1518 1488 1557 Curtius

43 1571 116 1611 XI.
149 1575 208 1620 1.‚
253 1573 353 1621 quod
385 1586 526 1610 nomen
552 1576 672 1611 latere
698 1574 854 1612 videtur
885 1576 925 1611 in
954 1575 1097 1614 vitleso.
1126 1573 1243 1611 Coisl.
1275 1582 1315 1613 et
1344 1574 1485 1615 Mutin.

45 1630 257 1678 scriptura,
290 1625 467 1667 ‘'Ynamv
495 1627 634 1666 Strabo
656 1629 744 1667 XV.
770 1643 804 1679 p.
835 1631 991 1677 1025,
981 1641 990 1649 ·
1017 1638 1060 1667 ut
1080 1633 1270 1670 variatum
1291 1644 1336 1670 eo
1359 1634 1400 1670 in
1418 1645 1489 1669 no-

44 1686 150 1721 mine
169 1686 289 1722 fuisse
308 1684 497 1724 videatur.
530 1682 729 1723 Alterum⁰
736 1687 933 1733 Υὸασπιν,
964 1687 1152 1735 quomodo
1172 1686 1309 1726 Mutin
1330 1694 1367 1724 et
1378 1687 1489 1738 Reg.‚

46 1739 78 1779 I.
101 1741 176 1781 41.
168 1768 198 1788 .‚
237 1741 303 1778 sed
333 1742 471 1779 melius
503 1741 630 1778 XVII.
654 1743 728 1782 96.
766 1742 1013 1794 Hydaspem.
1074 1742 1252 1782 Tertium
1282 1743 1488 1781 Acesinen.

38 1792 248 1848 Ἀκεσίνην
287 1797 458 1835 eiusdem
488 1799 579 1834 libri
611 1811 642 1834 c.
666 1800 761 1844 95..
793 1801 908 1835 sicuti
938 1800 1108 1848 plerique
1140 1812 1272 1836 omnes
1293 1807 1486 1839 veterum:

45 1864 161 1904 quare
182 1860 220 1890 et
240 1852 302 1890 hio
321 1854 590 1903 corrigendum
609 1855 787 1893 arbitror.
818 1854 867 1891 W
871 1865 952 1892 Ess.

162 1910 264 1951 150.
289 1910 361 1950 85.
389 1909 517 1948 Ποιεΐ
530 1906 790 1961 κατάοὸυτον
806 1906 1037 1962 κηπεύμασι
1058 1925 1125 1948 και
1147 1910 1346 1963 καρποῖς]
1386 1911 1492 1950 Novi

44 1965 121 2018 γῆν
140 1961 337 2033 ἔνδροσόν
357 1978 399 2004 τε
419 1980 487 2004 και
508 1962 692 2019 κατάρρι
697 1981 768 2006 τον
788 1967 942 2004 Aeliani
963 1966 1015 2004 X
1036 1965 1085 2003 H.
1106 1969 1151 2003 A.
1179 1968 1251 2006 37.
1274 1974 1313 2003 et
1334 1983 1491 2018 κηπους

47 2017 232 2074 καταὸρέ
237 2036 332 2067 τους
350 2020 548 2070 Euripidis
567 2021 689 2058 Elect.
714 2035 751 2059 v.
774 2024 900 2064 777.·
891 2051 901 2070 ‚
949 2023 1015 2059 sed
1035 2022 1108 2058 hoe
1129 2025 1241 2073 singu
1230 2025 1325 2060 lare
1345 2031 1424 2071 est,
1453 2032 1492 2063 et

47 2076 267 2116 affluentem
290 2079 438 2127 copiam
452 2105 464 2124 ,
492 2078 593 2126 quod
615 2077 662 2114 G.
688 2077 842 2117 Budaeo
863 2080 1012 2125 visum,
1039 2079 1208 2116 iudicat·
1200 2107 1210 2126 ‚
1265 2092 1341 2128 qua
1361 2086 1492 2117 trans-

48 2133 191 2170 latione
215 2133 374 2171 Plautus
392 2133 543 2182 Epidio.
566 2134 595 2171 1.
621 2136 752 2175 218.
804 2135 926 2180 Quem
949 2136 1104 2186 quidem
1126 2148 1197 2185 ego
1222 2136 1414 2175 hominem
1434 2138 1493 2174 ir·-

50 2190 226 2238 rigatum
241 2191 382 2241 plagis
394 2192 530 2257 pistor
534 2192 550 2227 i
566 2191 678 2228 dabo.
707 2190 846 2228 Wssss.

165 2246 268 2285 150.
291 2247 365 2286 90
398 2242 487 2297 Τήν
507 2261 550 2285 τε
572 2246 754 2285 Σκυθῶν
774 2246 842 2286 καὶ
856 2247 1128 2298 Βακτριανῶν
1148 2246 1234 2297 εἴα]
1255 2246 1366 2285 Conf.
1381 2246 1492 2288 Stra-

51 2297 140 2337 bon.
157 2300 244 2340 XV.
266 2315 301 2352 p.
330 2303 463 2342 1021
500 2301 557 2341 CI.
576 2302 837 2343 Ptolemaeum
859 2302 944 2341 VII.
967 2302 1183 2355 Geograph.
1210 2307 1246 2345 l.
1266 2311 1304 2341 et
1323 2304 1493 2356 Agathe-

52 2368 144 2393 mer.
164 2355 214 2395 11.
234 2359 276 2398 6.
305 2357 442 2396 wass.

169 2414 270 2453 151.
292 2414 365 2458 95.
390 2409 719 2465 Ὀνομαζομενον
741 2414 918 2466 Σίλλαν]
940 2413 1007 2453 Sic
1028 2422 1066 2452 et
1084 2415 1238 2454 Arrian.
1262 2415 1382 2454 Indie.
1401 2431 1433 2454 e.
1451 2419 1492 2457 6.

53 2466 194 2506 Strabo
217 2467 358 2511 Siliam
378 2469 465 2507 XV.
486 2483 521 2520 p·
547 2472 684 2511 1029.
704 2484 870 2518 vocans,
899 2483 995 2519 quae
1016 2471 1061 2508 de
1087 2485 1133 2510 eo
1155 2472 1384 2519 traduntur,
1413 2471 1492 2509 De-

52 2525 216 2561 mocrito
238 2531 275 2561 et
297 2525 519 2574 Aristoteli,
557 2528 656 2564 viris
676 2527 1008 2577 prudentissimis,
1045 2527 1187 2565 fabulis
1208 2530 1352 2568 similia
1371 2530 1493 2567 fuisse

54 2581 141 2618 visa
159 2587 263 2617 recte
283 2581 401 2619 addit.
442 2580 671 2631 corruptum
691 2584 813 2621 fontis
835 2590 873 2620 et
893 2583 1062 2623 fluminis
1083 2596 1222 2621 nomen
1243 2592 1300 2621 est
1319 2587 1360 2622 in
1381 2584 1493 2621 Anti-

54 2649 156 2687 gono
173 2635 351 2686 Carystio
371 2636 472 2674 Hist.
497 2638 633 2676 Mirab.
654 2653 687 2677 c.
711 2642 815 2680 161
805 2650 839 2686 3
866 2652 955 2677 nam
974 2639 1027 2676 Io.
1050 2639 1211 2678 Meursii
1231 2641 1434 2687 medicina,
1451 2647 1494 2678 ut

55 2705 232 2744 magnam
251 2700 397 2743 partem
416 2696 654 2744 praestabilis
673 2703 744 2743 est,
764 2696 818 2733 ita
837 2697 963 2732 locum
980 2694 1081 2733 haud
1100 2703 1290 2745 persanat.
1322 2694 1383 2735 Tu
1395 2698 1492 2748 Iege,

55 2745 131 2801 τὴν
152 2747 235 2790 δὲ
218 2763 260 2788 εν
280 2754 366 2795 τοῖς
382 2747 564 2797 Ἰνδικοῖς
583 2765 736 2804 κρηνην
761 2751 889 2790 Σίλαν
913 2758 1086 2789 etc.u.1a
1107 2751 1295 2790 duntaxat
1316 2753 1498 2790 adiuncta
