1828 3253
445 200 507 238 IN
539 199 648 239 LIB.
679 200 754 238 IV.
785 199 912 239 CAP.
953 203 1025 242 67.
1049 204 1122 243 68.
1422 205 1514 246 383

194 314 300 354 312.
326 313 400 354 93.
449 310 544 360 Υἱὸς
570 306 621 365 ἦν
652 314 728 353 τοῦ
747 310 954 365 τἝλληνος
982 309 1173 368 Αἶόλου]
1216 314 1421 354 Salmonea
1440 329 1520 356 non

84 369 273 417 Hellenis‚
315 370 381 406 sed
408 369 519 406 Aeoli
540 370 661 406 filium
693 382 774 407 esse
803 382 851 406 ex
871 370 1095 419 Apollodori
1124 370 1166 409 L.
1189 371 1219 410 I.
1244 375 1282 411 7.
1307 374 1348 412 3.
1390 373 1518 411 Strab.

84 426 187 463 vlu.
208 439 243 475 p.
259 427 360 466 547.
380 425 554 462 Eustath.
575 425 793 463 Parecbolis
812 427 853 462 in
873 427 1013 476 Odyss.
1032 425 1103 463 XI.
1133 438 1169 474 p.
1194 430 1326 469 1681.
1353 436 1516 467 constat.

83 481 217 519 Scribe
238 483 358 534 igitur
381 478 472 527 υἱὸς
489 476 651 520 Αἰόλου
670 478 972 533 τοῦ”Ελληνος.
988 480 1121 519 ΚΗΟΙ).
1150 481 1243 529 Υἱὸς
1261 481 1422 524 Αἰόλου
1443 487 1518 525 τοῦ

74 535 306 590 ’Ἑλληνοῃ
346 536 534 584 Restitui‚
561 537 662 586 quod
693 544 825 575 auctor
852 541 932 587 ipse
966 537 1140 575 dederat:
1182 546 1295 589 atque
1320 541 1358 578 id
1379 544 1411 578 si
1434 544 1520 591 plu-

81 595 184 632 rium
201 596 427 631 auctoritate
447 594 733 631 constabilitum
752 595 884 631 videre
904 607 1008 642 aves,
1029 595 1160 631 confer
1183 594 1229 632 Τ.
1240 596 1457 635 Hemsterh.
1476 601 1519 636 in

84 650 248 687 Luciani
267 649 457 700 Halcyon.
489 664 522 687 c.
548 652 586 691 1.
613 649 750 690 WEss,

196 707 388 746 312.96.
417 704 679 757 Σαλμωνίαν]
709 704 1047 742 StrabonemVIII.
1069 719 1104 755 p.
1119 705 1275 747 545.Β.
1296 707 1520 746 secutiSte-

83 760 229 810 phanus
248 769 286 798 et
303 761 478 799 Eustath.
499 765 540 799 in
561 761 715 800 Homer.
735 774 770 810 p.
790 763 923 802 1682.
952 762 1175 800 Sulmonem
1203 771 1356 801 vocant.
1381 765 1517 805 IVEss.

193 819 299 858 312.
328 819 401 858 99.
432 814 521 869 Τὴν
541 815 846 869 ὀνομαζομένην
867 816 1050 871 Σιδηρώ]
1086 818 1171 856 Hoc
1191 821 1333 857 iustum
1357 828 1395 857 et
1420 820 1520 857 Sca-

81 874 192 924 ligeri
219 876 440 912 coniectura
468 877 657 912 munitum
689 880 758 911 est.
795 873 1005 924 Sophocles
1030 878 1071 912 in
1093 874 1319 914 Rhetor.11.
1349 888 1387 925 p.
1415 878 1518 918 110.

79 928 311 977 Aristotelis,

247 986 404 1040 Σαφῶς
426 982 592 1039 Σιδηρώ
616 984 684 1024 καὶ
714 988 903 1040 φοροῦσα
934 983 1129 1038 τοῦνομα.

81 1040 195 1079 Latet
222 1042 262 1080 id
292 1055 452 1088 nomen,
482 1049 526 1080 ut
555 1044 650 1080 alias
677 1045 832 1089 monui,
858 1044 899 1079 in
931 1041 989 1080 his
1017 1042 1241 1092 Apollodori
1269 1042 1299 1081 I.
1320 1044 1361 1084 9.
1385 1046 1424 1085 8.
1450 1043 1520 1084 καὶ

82 1113 158 1150 τηι
185 1096 391 1150 μητρυιὰν
419 1097 673 1146 ἀπέκτεηον,
705 1099 831 1136 Pelias
860 1106 898 1135 et
926 1098 1089 1146 Neleus,
1119 1095 1286 1153 σιὸἡοω.
1315 1107 1353 1137 et
1384 1099 1518 1138 Tzctz.

82 1155 124 1191 in
154 1154 395 1204 lycophron.
426 1167 462 1193 v.
493 1156 592 1194 174.
622 1154 689 1193 καὶ
720 1153 795 1206 τὴν
817 1154 967 1206 ἐκείνης
992 1153 1196 1208 μητρυιὰι
1229 1170 1428 1195 κτειιουσι
1460 1171 1522 1195 σι-

83 1205 210 1264 ὁηρῳ,
230 1210 372 1263 καίπερ
393 1213 607 1276 φυγοῦσαν
626 1209 670 1250 ἐν
688 1212 746 1249 τῶ
764 1213 838 1263 τῆς
850 1207 984 1264 ’.Ηρας
1001 1211 1165 1263 τεμένει.
1185 1211 1401 1262 Scripserat
1418 1216 1521 1252 enim

83 1273 240 1315 uterque
269 1262 447 1319 Σιδηρω.
481 1266 613 1303 WESS.

196 1322 302 1362 313.
326 1323 369 1361 4.
401 1322 562 1374 71ἴ[ι)ει“ς,
593 1320 636 1374 ἐ)
639 1319 792 1374 ἔννησε]
825 1318 1070 1372 Interpone
1051 1339 1071 1363 ο
1094 1319 1325 1364 Ποσειδῶν.
1354 1324 1397 1362 Id
1418 1329 1521 1364 enim

84 1390 133 1416 ex
160 1378 321 1415 Homeri
349 1378 470 1428 Odys.
493 1378 566 1416 XI.
584 1379 694 1418 240.
727 1380 819 1416 satis
840 1387 984 1416 certum
1005 1386 1074 1416 est.
1105 1378 1240 1417 RHOD.
1278 1380 1438 1418 Mancus
1462 1389 1522 1419 est

82 1434 146 1472 hic
173 1437 302 1481 locus,
337 1441 375 1471 et
403 1441 489 1484 post
517 1449 646 1487 μιγεις
672 1434 779 1472 deest
804 1448 943 1472 nomen
971 1438 1092 1485 patris
1120 1437 1260 1474 Peliae.
1299 1436 1441 1487 Supple
1471 1450 1521 1475 ex

83 1492 259 1528 omnibus
279 1492 499 1528 auctoribus
520 1492 688 1540 antiquis
717 1489 845 1544 μιγεὶς
874 1488 1105 1532 Ποσειδῶν.
1144 1492 1236 1529 Fuit
1253 1495 1356 1530 enim
1373 1493 1522 1543 Neptu-

81 1560 155 1584 nus
174 1547 302 1584 Peliae
323 1554 361 1583 et
380 1544 490 1584 Nelei
508 1554 617 1596 pater
637 1559 684 1584 ex
703 1546 810 1597 Tyro
833 1546 1032 1585 Salmonei
1063 1549 1144 1585 filia
1174 1549 1381 1587 secundum
1409 1551 1522 1587 fabu-

82 1605 177 1641 lam:
208 1609 248 1640 at
266 1603 473 1640 secundum
491 1606 693 1641 veritatem
712 1602 909 1652 Cretheus,
928 1607 1009 1643 eius
1021 1604 1152 1655 Tyrus
1172 1607 1401 1654 avunculus,
1420 1605 1523 1657 apud

81 1671 194 1708 quem
212 1658 454 1696 educabatur.
490 1660 621 1698 PALM.

196 1715 302 1755 313.
335 1716 403 1755 10.
432 1712 705 1768 Παραλαβὼν
723 1713 767 1754 δὲ
786 1711 1076 1768 Πῖῐελάμποδα]
1104 1715 1157 1754 Et
1172 1729 1306 1754 rursus
1327 1716 1389 1755 hie
1413 1719 1522 1756 locus

83 1770 177 1808 hiat.
207 1771 308 1822 Lege
338 1768 596 1823 παραλαβών
626 1770 671 1811 δὲ
701 1769 865 1822 Νηλεὺς
895 1769 1165 1823 Ζ1ςἸελάμποὸά
1197 1786 1245 1810 ex
1272 1773 1434 1811 historia
1454 1788 1522 1813 seu

82 1828 224 1865 fabula.
264 1826 363 1864 Nam
383 1833 422 1863 et
440 1825 529 1864 Bias
549 1828 669 1865 filiani
689 1826 800 1865 Nelei
824 1828 935 1865 duxit
955 1840 1135 1876 uxorem,
1174 1829 1273 1867 Pero
1302 1833 1522 1868 vocitatam.

83 1884 214 1922 PALM.
241 1880 516 1936 Παραλαβὼν
546 1882 589 1922 δὲ
618 1881 781 1935 Νηλεὺς
800 1880 1097 1937 Μελάμποδα]
1137 1884 1291 1934 Optime
1311 1889 1523 1924 coniecisse

81 1939 313 1977 Palmerium
341 1938 501 1976 schedae
530 1937 688 1977 Coislin.
715 1947 1026 1987 conmonstrant‚
1061 1948 1100 1977 et
1127 1954 1188 1977 res
1220 1944 1312 1990 ipsa.
1361 1942 1524 1980 Neleum

83 1999 186 2033 enim
205 1994 297 2032 haec
319 2002 505 2043 spectare,
528 2009 607 2032 non
625 1994 783 2042 Peliam,
804 2009 862 2043 ea,
882 2009 975 2046 quae
996 1997 1217 2044 succedunt,
1245 1999 1347 2035 clare
1371 1999 1522 2036 docent.

82 2051 142 2090 De
162 2058 283 2089 matre
307 2058 435 2089 autem
457 2051 706 2101 Melampodis
725 2065 804 2089 non
823 2066 923 2090 conv
927 2055 1007 2090 enit
1023 2052 1193 2090 Diodoro
1215 2060 1254 2091 et
1273 2054 1523 2104 Apollodoro,

84 2111 147 2146 cui
171 2107 366 2154 Idomene,
388 2107 550 2145 Abantis
569 2107 625 2154 F.
645 2107 687 2144 L.
709 2107 756 2145 II.
777 2111 818 2148 2.
840 2110 881 2148 2.
917 2109 1048 2146 WESS.

197 2164 303 2204 313.
331 2164 402 2204 19
435 2160 581 2215 Γημας
609 2163 652 2203 δὲ
671 2160 916 2217 ’Ῑφιαπειοαι
945 2180 1021 2216 την
1050 2163 1389 2219 Μεγαπένθους]
1418 2165 1524 2205 Dili-

83 2222 332 2272 gentissimus
352 2218 519 2258 Simson.
540 2220 588 2256 ad
608 2219 655 2259 A.
679 2219 732 2259 M.
754 2222 893 2261 2694.
925 2221 1054 2258 deesse
1075 2221 1137 2258 hic
1165 2223 1395 2260 vocabulum
1426 2225 1525 2260 scri-

82 2276 321 2325 bendumque
356 2273 432 2327 τὼ
463 2277 560 2328 ῙΙίΙεγ
539 2274 772 2323 νἀπειθους
799 2274 982 2330 ‹2052qu
1011 2278 1239 2316 arbitratur:
1270 2279 1402 2316 Proeti
1420 2282 1524 2318 enim

83 2332 223 2379 filiam,
260 2330 527 2383 Megapenthis
551 2345 742 2379 sororem,
779 2336 1024 2370 matrimonio
1043 2334 1118 2371 sibi
1140 2334 1445 2385 Melampodcm
1435 2349 1524 2373 iun-

82 2389 200 2424 xisse.
239 2388 348 2431 Quod
378 2391 567 2436 posterius
595 2390 851 2426 certissimum
883 2392 916 2426 si
945 2390 1067 2436 foret,
1105 2392 1231 2441 ellipsi
1249 2392 1411 2429 fortasse
1436 2405 1524 2429 suc-

84 2446 188 2481 curri
208 2451 334 2492 posset
349 2443 533 2492 Diodoro,
560 2447 705 2481 rariore
727 2445 894 2495 quidem,
925 2457 996 2482 nec
1017 2449 1202 2483 inusitata
1221 2455 1359 2485 tamen.
1395 2449 1522 2499 Τιμο-

83 2495 236 2552 κοάτης
263 2514 284 2538 ο
317 2496 611 2553 ΠῙητροὸώρου
636 2501 777 2537 dicitur
800 2500 1026 2548 Alciphroni
1048 2501 1088 2538 L.
1112 2502 1156 2539 11.
1178 2503 1248 2553 Ep.
1269 2505 1310 2543 2.
1343 2506 1409 2552 qui
1440 2506 1524 2541 eius

83 2557 202 2592 frater
223 2556 310 2603 fuit,
340 2555 619 2607 testeDiogenc
638 2556 691 2593 X.
708 2558 804 2604 23.
830 2553 1023 2606 Ιάκωρος
1046 2555 1115 2596 A)
1107 2558 1246 2612 ,νάαιου
1269 2558 1309 2596 S.
1329 2559 1453 2596 Lucae
1476 2561 1523 2597 A.

85 2611 129 2648 A.
155 2614 193 2651 1.
219 2611 288 2651 13
310 2612 478 2649 eiusdem
495 2614 625 2649 frater.
663 2612 804 2650 Verum
824 2626 867 2649 ea
888 2626 965 2649 non
984 2621 1084 2653 utor.
1115 2615 1372 2664 Apollodorus
1391 2615 1524 2653 Proeti

82 2668 199 2704 filiam
220 2667 499 2719 Iphianassam
521 2668 751 2718 Melampodi
771 2682 928 2706 uxorem
948 2669 1026 2716 dat,
1054 2671 1184 2707 furore
1205 2672 1250 2709 ab
1271 2671 1404 2708 eodem
1429 2673 1526 2708 libe-

82 2731 225 2771 ratam„
254 2723 297 2761 L.
329 2723 377 2762 ll.
412 2726 454 2763 2.
476 2727 517 2764 2.
553 2723 744 2761 Dissentit
771 2738 863 2775 ergo
894 2732 931 2761 et
963 2728 1004 2762 in
1030 2727 1198 2764 feminae
1228 2730 1383 2765 nomine
1414 2734 1453 2764 et
1483 2731 1524 2765 in

82 2787 262 2830 tempore,
294 2791 369 2827 quo
391 2793 452 2816 res
474 2787 592 2831 gesta.
621 2780 765 2817 Noster
786 2781 1039 2832 Anaxagorae
1062 2790 1199 2830 aetate,
1222 2786 1287 2831 qui
1305 2782 1437 2820 Proeti
1457 2796 1525 2820 ne-

83 2848 164 2883 pos,
192 2844 270 2883 ant,
300 2842 342 2873 ut
369 2836 577 2874 Pausanias
598 2835 645 2873 Il.
673 2839 755 2884 18„
783 2851 971 2887 pronepos
991 2839 1089 2887 fuit,
1113 2841 1294 2877 mulieres
1317 2838 1482 2890 Argivas
1502 2853 1526 2878 a
