1828 3253
441 230 503 270 ΙΝ
533 229 645 270 LIB.
671 228 756 270 xl.
790 227 915 268 CAP.
944 228 1021 271 44.
1047 250 1095 259 -·
1118 228 1196 271 48.
1478 229 1570 270 523

128 344 265 393 quibus
297 345 393 382 loci·
421 341 696 395 ἓπιπημαίνειν
721 345 892 381 numinis
918 350 998 390 est,
1026 355 1112 380 cum
1140 344 1219 380 irae
1248 355 1338 381 suae
1367 342 1573 380 manifesta

129 406 297 437 ostentat
334 407 578 451 argumenta,
623 402 737 436 sicuti
767 405 804 436 et
843 401 883 437 in
911 398 1104 436 Plutarch.
1132 397 1300 436 Demetr.
1329 412 1364 449 Ρ.
1395 399 1498 440 894.
1527 397 1571 436 Β.

129 455 538 495 EHEEHMAINE
554 453 597 494 δὲ
617 460 704 502 τοῖς
732 453 936 502 πλείστοις
955 452 1001 495 τὸ
1025 457 1155 494 θεῖον.
1195 454 1298 493 Hinc
1317 454 1570 506 ἐπισημασιά

129 513 419 561 ipsa.exprimit
445 513 535 549 irati
570 513 737 548 numinis
766 511 910 549 indicia
939 511 980 548 L.
1011 510 1118 548 XVI.
1155 512 1226 552 84.
1265 519 1304 549 et
1331 511 1429 551 XX.
1465 513 1569 553 102.

131 567 274 605 Confer
293 575 370 605 not.
389 569 429 604 in
449 566 553 606 Libr.
580 567 623 604 V.
644 568 684 606 3.
713 567 848 604 WVESs.

242 625 349 663 439.
382 625 455 664 87.
499 620 562 662 Οὐ
582 619 799 673 δυνάμενοι
819 625 988 675 ποιῆσαι
1011 620 1057 663 τὸ
1082 626 1336 677 προστατικ]
1367 622 1422 662 Ut
1440 636 1572 661 manes

130 679 342 718 Pausaniae
363 681 570 727 placarent,
596 691 643 715 ex
664 678 773 716 ltalia
790 682 1073 717 arcessiverant
1088 678 1375 732 ψυγαγωγοὺς,
1396 683 1461 728 qui
1481 693 1573 717 evo-

132 743 236 773 catos
263 735 416 773 sedibus
445 737 582 784 qnietis
604 734 834 784 redderent,
865 735 963 785 apud
993 736 1094 773 Plut.
1122 736 1168 772 de
1199 735 1283 774 Ser.
1313 735 1426 773 Num.
1456 736 1571 776 Vind.

131 804 168 841 p.
194 793 296 832 560.
317 790 360 831 F.
395 790 570 828 Tandem
591 791 686 828 duas
708 804 756 828 ex
783 802 870 829 aere
893 798 1040 829 statuas
1060 794 1101 829 in
1131 791 1331 831 Minervae
1351 794 1443 831 fano
1466 793 1574 831 dedi-

133 854 294 894 carunt,
319 847 366 884 de
393 847 532 896 quibus
552 854 590 883 et
610 846 786 898 Thucyd.
808 847 837 884 Ι.
864 849 966 888 134.
991 848 1126 885 TVI-:ss

242 904 349 943 439.
381 906 420 944 8.
462 901 584 942 'Am'
619 901 744 950 αὗτὸς
773 901 850 956 ἐγὼ
878 909 1022 957 πεῖραν
1052 900 1232 957 εἰληφὼς
1251 901 1352 958 etc.]
1382 904 1574 942 Punctula

131 966 293 1010 quatuor
321 959 382 996 hic
407 961 519 1009 posui
547 973 614 1009 pro
643 962 784 997 erroris
813 961 1010 997 manifesti
1040 967 1154 998 nota:
1184 972 1318 1009 quem,
1344 968 1388 998 ut
1424 962 1574 1026 opinor,

129 1023 233 1053 recte
254 1016 581 1053 emendaverimus
600 1014 851 1064 reponendo
839 1016 940 1084 ἔρ99ιιι)
961 1029 1029 1065 pro
1049 1015 1090 1068 ἒ9
1093 1031 1138 1055 ω.
1177 1016 1375 1066 Frequens
1394 1019 1497 1054 enim
1517 1025 1577 1055 est

132 1079 169 1108 et
182 1071 270 1109 huic
283 1080 412 1123 aptum
431 1073 516 1109 loco
535 1085 657 1123 genus
677 1071 892 1122 loquendi
879 1073 981 1127 ἔργω
1002 1077 1147 1125 πεῖραν
1160 1070 1396 1125 λαμβάνειν.
1418 1072 1573 1111 STEPH.

127 1124 249 1168 ’AM'
272 1125 397 1174 αὐτὸς
429 1125 562 1195 {¹97ch
552 1133 693 1179 πεῖραν
724 1128 779 1167 εἰ).
771 1126 902 1181 .79φ(,ὺς
931 1128 1168 1181 ἐγίνωσκεν]
1199 1129 1266 1166 Sic
1285 1132 1447 1180 corrigit
1465 1129 1576 1168 Rho-

134 1183 370 1231 domannus,
396 1187 459 1222 cui
481 1193 519 1220 et
548 1183 742 1232 Stephano
764 1185 1027 1234 obtemperans
1054 1186 1181 1223 locum
1198 1186 1353 1225 refinxi.
1376 1185 1454 1224 Cur
1474 1189 1576 1224 enim

134 1240 229 1277 adeo
249 1241 453 1278 manifesta
482 1248 638 1288 peccata
659 1244 863 1294 propagari
892 1240 1104 1290 patiemur?
1135 1241 1414 1280 Demosthenes
1442 1242 1510 1282 Or.
1544 1243 1575 1280 Ι.

133 1297 175 1332 ἰη
193 1297 395 1347 Aristogit.
413 1309 448 1344 Ρ.
472 1297 579 1337 488.
612 1294 697 1335 ἀλλ’
732 1295 789 1336 ὡν
823 1295 924 1352 3'97911
956 1302 1101 1349 πεῖραν
1129 1295 1343 1368 εῗὶ79ᾳατε,
1373 1299 1439 1336 ubi
1457 1312 1576 1349 prave

133 1354 175 1389 in
197 1353 255 1392 ed,
270 1352 434 1391 Parisin.
454 1349 593 1406 ἔρ9ων.
623 1352 721 1389 Nam
741 1360 778 1389 et
796 1353 903 1391 Orat.
925 1353 973 1390 11.
993 1366 1028 1403 p.
1048 1355 1154 1394 198.
1184 1355 1242 1394 ὡν
1268 1351 1441 1408 μὲνγὰρ
1471 1353 1575 1411 ἔργω

131 1414 277 1462 πεῖραν
297 1403 522 1477 εἴληφατε,
538 1407 583 1448 τί
599 1409 663 1448 ὁεῖ
688 1414 774 1454 τοῖς
793 1405 929 1476 ὶόγοις
949 1425 1090 1449 πιστεῑ
1094 1425 1161 1449 ειν.
1188 1412 1239 1448 W
1243 1421 1326 1450 Ess.

247 1465 462 1505 439.18.
511 1462 588 1505 Ἐκ
616 1479 692 1516 της
724 1461 920 1518 ...πάρτης
951 1465 1225 1517 πεμπομένοις
1251 1461 1321 1518 ἦγε
1306 1461 1446 1506 audam
1474 1466 1576 1518 etc.]

135 1519 233 1558 Vide
264 1520 580 1571 Thucydideml.
607 1523 680 1562 95.
715 1528 753 1559 et
783 1522 978 1559 Plutarch.
1004 1522 1164 1560 Aristid.
1187 1538 1220 1573 p.
1243 1507 1349 1562 333.
1371 1522 1415 1561 Β.
1442 1522 1578 1563 WEss.

249 1578 357 1617 440.
388 1579 463 1617 28.
504 1574 733 1617 Ταλάντων
764 1577 1045 1618 πεντακοσίων
1076 1578 1144 1617 καὶ
1170 1574 1395 1632 ἑξήκοιτα]
1433 1579 1580 1619 Vitium

137 1631 240 1680 quod
263 1633 323 1670 his
351 1635 393 1670 in
421 1636 590 1671 numeris
619 1635 807 1680 increvit,
836 1647 914 1672 non
936 1635 1040 1686 fugit
1066 1635 1122 1675 Io.
1154 1635 1363 1673 Meursium
1391 1636 1437 1672 de
1470 1635 1577 1674 Fort.

138 1688 275 1726 Athen.
293 1702 325 1726 c.
346 1691 387 1729 7.
420 1687 636 1739 Scripserat
662 1691 752 1729 ταλ.
772 1691 1062 1757 τετρακοσίων.
1101 1691 1329 1729 Plutarchus
1349 1692 1452 1730 dieto
1472 1695 1579 1731 loco.

139 1742 186 1785 ὃν
206 1744 282 1796 μὲν
299 1742 377 1797 7179
394 1741 568 1812 'Amore
574 1743 693 1797 ι’ὁης
680 1745 832 1793 εταξει,
852 1739 903 1797 ἦν
926 1746 982 1793 εἷς
1000 1743 1196 1800 ἑξήκοντα
1216 1747 1285 1786 καὶ
1304 1748 1581 1799 τετρακοσίων

137 1798 242 1840 τα)’
220 1816 353 1840 αντωι
375 1797 509 1853 ὶό9ον·
537 1813 650 1850 quam
672 1803 829 1839 eandem
849 1815 1033 1841 summam
1059 1805 1195 1855 probat
1215 1803 1433 1855 Thucydid.
1453 1805 1483 1844 1.
1505 1806 1581 1847 96.

141 1865 179 1895 et
198 1856 311 1895 Corn.
331 1856 460 1906 Nepos
476 1857 635 1897 Aristid.
659 1872 690 1896 c.
711 1859 752 1898 3.
779 1858 912 1896 ΙΥΕ88.

251 1915 359 1954 440.
384 1914 459 1954 29.
499 1910 644 1960 Ου’τως
669 1912 882 1965 ἀκριβῶς]
926 1907 1060 1961 Ουτος
1093 1930 1149 1962 ως
1180 1912 1362 1968 ἀκριβῶς
1393 1914 1442 1955 R.
1469 1919 1513 1958 2.
1533 1916 1581 1957 V.

139 1969 195 2008 Cl.
215 1983 296 2008 non
316 1971 435 2007 male..
448 1970 534 2008 Vid.
554 1969 690 2008 Basilii
710 1970 843 2022 Magni
861 1971 984 2019 Epist.
1007 1970 1207 2013 CCLXIV.
1241 1973 1375 2010 WVESS.

252 2027 359 2066 440.
380 2027 453 2065 33.
483 2025 656 2072 Δίκαιος
673 2023 975 2079 ἐπωνθμάσθη]
995 2028 1376 2067 Excellentissimum
1389 2026 1428 2066 id
1441 2042 1584 2081 cogno·-

141 2095 230 2120 men
249 2085 372 2133 magis
392 2083 450 2119 illi
470 2085 698 2131 aequissima
720 2082 790 2120 hac
810 2086 1006 2133 pecmfiae,
1036 2098 1058 2121 a
1079 2086 1192 2122 sociis
1212 2086 1488 2134 conferendae,
1519 2086 1586 2123 de-

142 2141 351 2188 scriptione
389 2138 580 2177 firmatum
599 2144 687 2187 lest,
716 2152 829 2189 quam
857 2141 1034 2178 inditum.
1082 2139 1160 2178 Diu
1188 2144 1291 2179 enim
1315 2149 1403 2179 ante
1443 2145 1587 2181 civium

143 2192 313 2247 ἄριστος
333 2193 400 2234 καὶ
421 2189 679 2242 δικαιότατος
699 2196 746 2232 ob
765 2197 1049 2244 abstinentiam,
1073 2209 1147 2246 quo
1169 2211 1268 2235 unus
1289 2205 1373 2248 post
1392 2198 1588 2237 hominum.

141 2253 366 2291 memoriam
386 2252 597 2289 excellebat
615 2254 790 2303 egregie,
813 2253 942 2290 fuerat
961 2260 1214 2302 nuncupatus.
1244 2254 1465 2293 Herodotus
1485 2254 1586 2293 Vlll.

151 2308 223 2348 79.
248 2315 285 2344 et
302 2307 526 2344 Plutarchus
551 2307 710 2346 Aristid.
739 2320 775 2356 p.
801 2309 905 2348 322.
926 2307 966 2346 C.
996 2309 1132 2350 XVEss.

260 2364 366 2403 440.
390 2365 464 2402 40.
487 2361 579 2403 'En'
604 2361 803 2416 ἄρχοντος
819 2361 1035 2418 Αθηιῃσι
1060 2365 1278 2413 ΦαιἫὸωιος
1298 2363 1396 2419 etc.]
1426 2368 1591 2405 Prorsus

144 2421 188 2458 in
218 2418 320 2456 hunc
338 2418 491 2457 modum
509 2419 721 2470 Dionysius
740 2419 850 2457 Rom.
873 2421 1003 2470 Antiq.
1031 2421 1072 2460 L.
1097 2422 1167 2460 IX.
1188 2436 1223 2472 p.
1250 2424 1366 2470 576..
1392 2426 1469 2461 nisi
1487 2423 1589 2474 quod

149 2475 271 2514 stadio
290 2476 474 2513 victorem
498 2471 770 2527 Σκάμανδρον
789 2478 944 2514 vocitet.
984 2477 1126 2515 Contra
1144 2487 1345 2529 utrumque
1371 2487 1497 2517 tamen
1516 2494 1588 2517 ve-

150 2534 209 2572 nit
228 2531 468 2572 doctissimus
489 2531 537 2575 H.
557 2531 780 2573 Dodwellus
805 2533 906 2572 Ann.
929 2533 1146 2584 Thucydid.
1175 2548 1209 2584 p.
1235 2537 1304 2576 58.
1333 2542 1371 2572 et
1390 2535 1491 2572 hunc
1519 2548 1589 2573 an·-

151 2601 243 2625 num
262 2587 466 2624 Phaedoni
482 2589 650 2625 ablatum
660 2589 835 2626 Aristidi
853 2591 1088 2637 transcribit,
1109 2593 1170 2628 eui
1182 2591 1430 2629 Phaedonem
1453 2591 1590 2628 deinde

153 2643 303 2681 sufficit.
340 2641 530 2680 Lacunam
552 2643 613 2682 hic
630 2653 716 2681 'esse
741 2646 815 2682 ait:
853 2659 934 2682 eam
956 2647 1121 2696 liquere,
1150 2648 1250 2696 quod
1280 2650 1382 2685 inter
1398 2648 1590 2685 Adiman-

154 2706 236 2738 tum
256 2706 293 2735 et
322 2698 571 2741 Phaedonem
588 2701 697 2738 'desit
724 2713 792 2749 par
811 2700 916 2738 Coss.
936 2701 1195 2740 Romanorum
1225 2711 1263 2741 et
1289 2711 1397 2755 gesta
1416 2703 1591 2740 Romana

151 2757 233 2794 illis
252 2756 473 2794 consulibus
490 2757 772 2805 respondentia.
813 2757 905 2795 Inde
933 2761 1141 2797 verisimile
1173 2760 1259 2797 fieri
1285 2762 1397 2796 etiam
1419 2759 1593 2796 Archon-

155 2818 235 2850 tem
257 2811 409 2857 deesse,
437 2818 475 2850 et
507 2811 654 2850 Graeca
675 2825 824 2864 quoque
853 2820 961 2864 gesta
986 2816 1166 2863 annalia,
1192 2828 1279 2853 cum
1297 2814 1482 2853 Romanis
1513 2816 1592 2853 illis

157 2866 262 2906 Coss.
293 2867 562 2906 conmittenda.
593 2868 753 2917 Liquere
784 2877 979 2919 praeterea
1007 2884 1092 2909 eum
1117 2872 1307 2910 defectum
1337 2884 1384 2909 ex
1404 2870 1595 2909 Marmore
