1828 3253
443 159 506 221 115
541 158 766 198 LIB.111.
795 159 920 198 CAP.
951 160 1028 201 25.
1057 181 1103 188 —
1127 163 1203 202 28.
1456 161 1550 202 253

110 273 243 322 tegias
257 273 299 310 in
319 272 504 311 honorem
524 271 607 309 Dei
624 284 844 324 conponere
865 272 914 310 ab
936 272 1109 310 omnibus
1127 285 1210 311 mos
1230 279 1300 311 est.
1332 273 1457 323 Atque
1477 272 1552 312 hoc

111 341 150 366 se
169 330 281 366 malle
301 330 556 379 adscripscrat
575 327 606 364 F
610 355 618 364 .
639 327 886 375 Carnusatus3
919 328 1020 366 haud
1041 330 1193 378 quidem
1211 331 1324 377 male,
1332 333 1404 378 uti,
1418 333 1451 368 si
1471 343 1550 368 non

110 385 324 423 recorderis
345 390 476 435 poctae
499 384 680 432 satirici,
707 384 837 423 Dirue
857 385 1092 423 Maurorum
1114 388 1313 436 attegias,
1342 399 1390 424 ex
1409 387 1548 438 Angel.

110 440 294 479 Politiani
317 441 464 478 Miscel.
494 454 526 477 c.
547 441 588 480 9.
613 454 844 492 cognosces:
878 455 948 479 nec
969 445 1188 479 necessario
1210 449 1355 480 tamen:
1387 444 1488 490 quod
1515 445 1550 480 si

110 498 213 534 enim
232 497 396 547 Appiani
415 496 509 534 Bell.
531 495 694 546 Hispan.
716 510 752 546 p.
782 499 886 538 520.
919 497 986 536 καὶ
1015 503 1101 543 τοῖς
1120 496 1196 550 μὲν
1217 493 1434 551 ταφρεῦειν
1467 496 1550 538 ἐτέ-

108 568 247 600 τακτο,
273 557 360 600 τοῖς
378 551 422 592 δὲ
439 552 631 603 τειχίζειν,
655 558 743 600 τοῖς
770 553 814 592 δὲ
834 558 1113 604 σκηνοποιεῖν,
1139 561 1290 592 vertere
1310 556 1550 602 institueres,

108 609 170 646 his
188 621 280 647 vero
299 611 528 647 mandatum
553 616 658 657 erat,
688 617 735 647 ut
753 611 932 660 attegias
949 616 1166 658 struerent,
1189 623 1326 649 vereor
1346 623 1395 647 ne
1415 613 1550 660 peritis

108 667 226 703 risum
249 664 418 704 deberes.
451 665 590 704 Wnss.

223 722 325 761 194.
356 724 395 762 l.
427 718 486 761 Τὸ
509 718 724 768 πεπτωκὸς
742 717 1015 772 ἀναλώσωσι]
1045 722 1209 759 Videtur
1228 721 1462 773 Agatharch.
1482 735 1549 772 pa-

107 780 313 815 trocinium
333 779 408 816 τοῦ
435 773 725 817 ἀναδάσωνται
753 777 927 827 profiteri
952 777 1012 815 his
1032 778 1186 825 verbis,
1216 776 1322 828 πρὸς
1348 775 1424 830 τὴν
1454 775 1549 817 ἔαυ-

107 835 182 872 τοῦ
203 831 347 886 χρείαν
371 831 544 880 ἕκαστος
561 830 613 873 τὰ
631 832 734 886 μέλη
766 834 993 885 διαιροῦσιν
1007 861 1018 881 ‚
1050 836 1106 873 ad
1124 847 1235 871 suum
1255 837 1419 886 quisque
1439 848 1548 872 usum

106 889 279 928 membra
306 889 520 928 distributa
547 889 755 938 auferunt.
793 889 865 927 Vel
891 892 946 927 sic
976 897 1102 928 tamen
1129 891 1168 928 id
1197 892 1381 940 repudio,
1415 898 1549 929 natum

109 948 304 996 paullatim
328 959 377 983 ex
397 959 455 994 eo,
478 946 579 994 quod
602 959 759 995 sequor:
787 960 883 996 quae
906 948 1007 984 enim
1027 947 1073 983 de
1091 950 1269 984 tentoriis
1286 948 1376 984 fixis
1396 949 1549 999 longio-

108 1015 223 1052 reque
243 1015 349 1039 mora
370 1003 593 1051 praemittit,
623 1016 702 1040 non
726 1003 955 1040 divisionem
977 1010 1124 1040 tantum
1142 1005 1337 1041 interfecti
1356 1007 1549 1052 animalis,

111 1058 177 1095 sed
198 1060 339 1096 comesi
360 1061 687 1108 consumptionem
706 1059 908 1096 manifeste
926 1062 1139 1107 requirunt.
1163 1059 1298 1096 WESS.

224 1114 326 1154 194·
349 1115 389 1154 3.
416 1111 831 1169 Προσαγορευόμενοι
861 1115 993 1166 σιμοί]
1022 1115 1205 1153 Straboni
1224 1114 1334 1153 XVI.
1349 1129 1386 1165 p.
1409 1117 1545 1157 1117.

112 1168 152 1206 C.
185 1169 312 1217 Σίλοι,
343 1171 446 1219 quod
473 1184 635 1221 magnus
667 1171 716 1208 Is.
747 1170 958 1208 Casaubon.
983 1184 1031 1208 ex
1052 1171 1283 1222 Agatharch.
1314 1179 1352 1209 et
1374 1171 1547 1211 Diodoro

109 1228 246 1263 merito
267 1226 535 1277 corrigendum
556 1229 716 1264 censuit.
749 1226 850 1265 Simz'
869 1229 1022 1276 quidem
1041 1236 1079 1264 et
1097 1229 1164 1265 sili
1181 1227 1283 1265 haud
1299 1242 1440 1280 magno
1464 1230 1548 1266 dis-

107 1285 269 1320 crimine
298 1282 463 1330 distant,
498 1290 541 1319 ut
576 1286 729 1334 egregie
758 1282 888 1321 docuit
920 1283 1009 1321 Tib.
1038 1283 1303 1321 Hemsterhus.
1336 1287 1378 1322 in
1401 1285 1548 1324 Polluc.

107 1337 178 1376 lx.
208 1339 334 1386 148.,
371 1338 438 1375 sed
467 1338 737 1391 Geographum
764 1339 806 1376 in
842 1341 969 1390 gentis
1000 1343 1154 1378 nomine
1187 1342 1338 1378 acutius
1368 1342 1549 1390 quiddam

107 1394 246 1433 sectari
265 1395 433 1432 voluisse
452 1408 531 1432 non
550 1397 728 1433 arbitror.
758 1395 893 1433 Wizss.

220 1452 323 1491 194-
344 1453 384 1491 6.
417 1452 505 1503 Τῆς
522 1451 725 1492 συνθέτου
747 1450 904 1503 τέτευχε
928 1450 1228 1505 προσηγορίας]
1260 1452 1550 1492 Struthocame-

107 1508 187 1544 lum
205 1507 352 1558 signari
371 1519 450 1544 non
471 1508 625 1545 dubium
647 1508 725 1556 est,
755 1509 801 1545 de
821 1522 895 1559 qua
915 1509 961 1546 ΙΙ.
980 1510 1074 1556 50.;
1104 1508 1245 1547 Strabo
1264 1517 1391 1547 tamen
1410 1511 1550 1549 distin-

107 1565 191 1614 guit
208 1570 247 1600 et
265 1563 311 1600 ab
335 1576 380 1600 ea
399 1563 589 1602 diversam
606 1566 713 1612 facit,
741 1567 930 1603 incertum
949 1577 1024 1613 qua
1041 1578 1082 1601 re
1104 1573 1243 1604 motus,
1285 1567 1420 1604 Wess.

222 1619 326 1659 194.
356 1622 395 1659 8.
423 1619 509 1658 Καὶ
528 1618 719 1673 μακρὸν]
746 1619 916 1673 ΖΥΙικρόν
935 1621 1140 1673 legendum
1162 1624 1341 1670 conficio,
1371 1630 1549 1671 respectu

106 1676 288 1712 nimirum
313 1676 452 1724 reliqui
475 1679 654 1724 corporis.
680 1676 814 1713 RHOD.
855 1677 900 1714 In
929 1678 1172 1715 coniiciendo
1191 1692 1307 1716 verus
1334 1686 1443 1716 vates
1473 1681 1549 1717 fuit

106 1730 365 1778 Rhodoman.;
414 1731 529 1768 habet
559 1735 644 1770 avis
674 1747 836 1783 parvum
864 1741 998 1783 caput,
1039 1736 1259 1783 peperitque
1299 1734 1371 1772 hoc
1408 1737 1549 1774 vitium

106 1801 244 1826 vocum
267 1789 428 1835 vicinia,
458 1793 502 1824 ut
523 1802 637 1838 supra
656 1787 704 1826 ΙΙ.
729 1790 800 1829 51.
820 1797 859 1826 et
879 1803 990 1840 saepe
1009 1791 1121 1829 alias.
1152 1789 1350 1840 Oppianus
1360 1791 1547 1832 111.494.

342 1864 390 1871 -·
425 1866 473 1872 —
502 1841 607 1894 ‘ch
639 1843 681 1884 ὁ
716 1843 837 1898 ἀείρει

271 1895 407 1952 Βαιὴν
424 1898 500 1951 μὲν
529 1899 727 1954 κεφαλὴν,
747 1880 902 1953 πολλὴν
924 1900 967 1940 ὁὲ
987 1917 1212 1955 τανυτριχα
1234 1898 1547 1954 (5519r'v.VVEsS.

221 1956 324 1996 194.
351 1958 421 1997 16.
451 1957 700 2010 Καθαπερεί
718 1973 778 2004 τις
798 1961 899 2004 ναῦς
920 1956 1257 2024 ιστιοὸροιιοῦσα]
1281 1959 1426 1997 Aelian.
1441 1960 1547 1998 XlV.

105 2010 156 2051 H.
177 2011 221 2048 A.
243 2025 275 2049 e.
297 2014 336 2052 7.
363 2010 438 2058 τὰς
458 2011 596 2066 πτὲρῑ
586 2029 659 2066 sag·
681 2009 935 2061 ἁπὶώσασα,
959 2009 1014 2060 ὡς
1035 2012 1157 2063 ἱστία,
1175 2011 1332 2071 ὁρόιιο)
1364 2011 1548 2071 συντόνῳ

107 2066 324 2120 φερομέιη.
342 2067 408 2105 Sic
420 2071 523 2106 enim
541 2077 643 2107 recte
656 2069 734 2121 legi
753 2078 926 2120 oportere
946 2085 970 2108 v
976 2071 1023 2108 iri
1038 2070 1139 2108 docti
1162 2058 1505 2119 arbitrantur3i1u
1509 2080 1549 2110 at

105 2126 185 2174 ipse
208 2123 573 2166 Aelian.V11[.10
607 2140 693 2164 cum
714 2127 760 2163 de
782 2127 995 2176 elephantis
1022 2125 1074 2166 τὰ
1106 2127 1193 2167 ὠτα
1221 2125 1548 2176 ἔκπεταννύιτες,

106 2181 242 2228 inquit,
275 2175 330 2226 ὥς
352 2177 474 2230 ἱστία,
500 2181 616 2234 δίκην
637 2198 720 2223 των
738 2178 960 2237 στρουθῶν
981 2185 1064 2223 τῶν
1083 2199 1160 2237 ¹uey
1152 2179 1211 2223 o't7
1217 2199 1285 2224 ων.
1313 2183 1548 2223 Claudianus

106 2235 221 2273 1[.in
238 2236 398 2286 Eutrop.
428 2251 466 2276 v.
492 2237 597 2278 312.

272 2291 398 2342 Inque
418 2296 569 2332 modum
588 2296 668 2332 veli
694 2297 866 2333 sinuatis
883 2294 1052 2346 flamine
1063 2298 1212 2348 pennis

273 2347 552 2388 Pulverulenta
581 2353 702 2388 zolat
733 2373 780 2379 —-

108 2400 199 2438 Mox
225 2405 410 2442 orationis
442 2413 554 2448 tenor
585 2405 936 2474 ἀποσφειὸονῶν,
975 2406 1021 2445 de
1045 2420 1120 2462 quo
1153 2407 1330 2457 11.50.‚
1367 2412 1546 2460 postulat.

108 2458 158 2495 W
163 2468 246 2494 Ess.
294 2458 398 2497 Idem
417 2466 570 2510 reponit
589 2461 776 2500 Rhodon..
800 2467 839 2500 in
867 2463 964 2501 Add.

224 2515 326 2554 194
351 2518 421 2556 19.
455 2516 573 2568 Ταχὺ
593 2519 895 2567 017‘1v1159ovoc751]
927 2519 1318 2569 Γοηεσυνιζοισιιη
1342 2524 1547 2561 considen-

109 2569 231 2617 tibus,
260 2572 447 2610 demissis.
486 2570 816 2613 Accommodatius
845 2579 918 2613 erit
949 2576 1320 2629 οᾚῖταὸραιουσῶν,
1358 2579 1421 2615 vel
1456 2582 1547 2617 sim-

109 2627 197 2674 plex
219 2624 510 2679 ἀὸρανουσῶν,
539 2645 617 2668 una
639 2645 704 2668 seu
715 2634 882 2683 pariter
904 2631 1132 2671 debzletatis.
1166 2632 1304 2670 RHoD.

223 2683 325 2722 194.
353 2685 427 2724 28
464 2683 683 2738 Χρώμενοι
715 2693 801 2734 τοῖς
833 2691 915 2728 τῶν
946 2684 1103 2741 ὀρύγων
1134 2687 1307 2742 κέρασι]
1353 2687 1418 2726 Sic
1440 2697 1544 2728 recte

108 2737 267 2776 schedae
307 2738 339 2775 V
343 2740 644 2790 indobonenses,
694 2756 854 2793 quarum
882 2757 1001 2793 pauca
1040 2753 1221 2793 excerpta
1256 2752 1294 2781 et
1328 2744 1412 2783 δἐι
1390 2760 1547 2796 χματος

105 2790 225 2847 χάριν
248 2796 437 2848 singulari
468 2798 590 2837 benev
592 2801 736 2839 olentia
764 2799 1019 2840 lllustrissimi
1044 2800 1203 2840 Comitis
1233 2800 1443 2850 Uhlfeldii,
1472 2802 1546 2842 lm-
