1828 3253
417 247 481 289 1N
506 226 620 289 mn.
648 244 760 287 xli.
796 245 923 287 car.
943 246 1114 290 20.21.
1381 253 1471 294 57⁷

25 364 200 409 Quonam
228 363 331 401 enim
348 360 462 400 modo
494 362 693 411 quisquam
712 361 857 399 amicus
879 372 962 398 esse
981 360 1146 409 poterit,
1175 361 1235 399 cui
1256 373 1294 400 se
1318 366 1469 412 putabit

23 421 222 457 inimicum
245 432 328 457 esse
346 416 483 469 posse?
520 419 646 462 Quare
668 416 799 466 Scipio
827 419 965 454 merito
991 416 1169 466 negabat
1194 420 1313 456 ullam
1336 434 1471 460 coc-em

23 478 284 513 inimiciorem
306 477 508 512 amicitiae
524 476 703 525 potuisse
725 476 913 525 reperiri,
938 486 1055 523 quam
1077 476 1171 521 eius,
1198 478 1268 525 qui
1285 476 1467 525 diluisset,

26 535 87 570 ita
110 545 249 569 minare
275 538 479 583 oportere,
503 537 550 567 ut
568 533 605 567 si
633 532 848 580 aliquando
881 536 984 567 esset
1001 529 1163 576 osen-ug,
1193 532 1292 580 apud
1311 533 1468 572 Cicero-

23 601 112 625 nem
133 591 174 625 in
192 587 324 626 Laelio
344 601 377 626 c.
408 589 474 627 16.
502 586 637 623 WVESS.
674 583 899 625 Πολιτικὸν
921 583 1112 640 ἀφαιρεῖν
1134 589 1209 637 τῆς
1233 585 1390 641 ἔχθρας
1418 589 1465 630 τὸ

23 641 157 683 ἀΐδιον
179 643 301 682 Solon
324 643 424 694 apud
444 642 544 680 Plut.
561 641 651 680 Bias
672 643 772 693 apud
792 641 917 680 Lacrt.
948 642 1025 679 Odi
1053 649 1235 692 tanquam
1257 654 1465 684 amaturus.

23 699 200 738 limes.

135 756 244 796 491
274 755 348 796 85.
387 751 466 808 Μη
494 749 594 794 ειναι
623 749 850 804 αὐθάδεις]
890 754 943 792 Io.
975 751 1165 793 Stobaeus
1198 754 1320 795 Serm.
1344 758 1415 796 Χ]
1420 760 1468 800 ΙΙ.

25 824 61 861 p.
91 813 199 853 280.
242 823 292 848 ex
318 812 447 863 legum
477 811 638 848 Zaleuci
666 812 929 849 Praefatione:
967 808 1171 864 ἄρχοντας
1206 813 1249 852 ὸὲ
1277 811 1334 866 (ct)
1368 812 1472 854 eiam

22 864 246 915 αὐθάδεις,
279 866 387 919 μηδὲ
410 865 514 920 πρὸς
548 863 738 919 ἐπήρειαν
768 867 936 920 κρίνειν,
975 866 1083 920 μηδὲ
1113 872 1355 921 μεμνῆσθαι
1385 871 1472 925 κρί-

21 938 171 971 νοντας
197 921 377 977 φιλίας
361 940 386 976 η
419 921 597 977 ἔχθρας,
626 922 675 962 ἀ)
679 921 732 963 λὰ
754 926 829 963 τοῦ
858 922 1030 963 ὁικαιᾞου
1059 936 1220 974 quorum
1240 930 1472 968 sententiam.

23 987 158 1018 auctor
181 981 338 1018 brevius
358 984 558 1029 expressit.
585 980 726 1018 5Vass.

135 1037 246 1076 491.
272 1038 344 1077 86.
371 1032 702 1089 Νομοθετήσας]
733 1035 837 1088 Lego
856 1031 1182 1089 νομοθετήμασι.
1210 1038 1305 1078 Item
1328 1043 1472 1095 σοφῶς

24 1105 92 1143 pro
118 1094 278 1146 σαφῶς.
309 1090 465 1129 ΞΤΕΡΗ.
488 1101 526 1130 et
544 1091 679 1129 Rnon.

135 1150 242 1189 492
271 1149 345 1188 92.
393 1146 473 1200 Μὴ
499 1151 551 1187 717
556 1149 623 1188 είω
653 1147 926 1199 ἀκολουθεῖν]
968 1148 1065 1186 Vide
1091 1157 1170 1187 not.
1201 1152 1249 1188 ad
1282 1151 1372 1190 1..1.
1394 1156 1468 1194 92.

25 1211 64 1241 et
85 1203 159 1242 Ios.
179 1204 368 1242 Mercer.
358 1218 399 1242 in
418 1205 651 1244 Aristaenct.
673 1204 717 1243 L.
738 1204 766 1240 Ι.
788 1204 910 1254 Epist.
924 1207 962 1244 7.
992 1204 1169 1244 Ceterum
1188 1209 1328 1245 similia
1348 1209 1472 1260 Syra-

24 1263 127 1298 cusis
147 1264 190 1298 in
209 1262 370 1298 feminas
399 1262 548 1312 legibus
579 1268 688 1298 erant
708 1267 871 1307 statuta,
901 1261 1120 1312 Phylarcho
1149 1264 1247 1312 apud
1266 1265 1406 1305 Athen.
1428 1267 1471 1304 L.

22 1315 115 1354 XII.
136 1318 178 1357 4.
199 1324 313 1354 teste:
364 1331 440 1369 την
462 1315 684 1370 ἐλευθέοαν
704 1314 761 1367 μὴ
783 1313 1079 1368 ἐκπορεύεσθαι
1100 1314 1218 1369 iJ71'ov
1240 1318 1476 1371 (δεδυκότος,

22 1370 94 1411 ἐὰν
119 1371 179 1424 μὴ
201 1372 599 1439 μοιχευθησομένην.
634 1368 833 1439 ἐκωλύετο,
862 1371 906 1411 δὲ
926 1388 994 1411 και
1021 1369 1180 1427 ἧμὲοας
1203 1374 1277 1422 ἔξω
1273 1374 1347 1414 Ιιαι
1378 1375 1444 1417 ἄνε
1450 1394 1473 1417 υ

23 1430 107 1468 τῶν
124 1424 432 1481 γυναικονόμων
451 1427 552 1468 ἀκολ
556 1424 769 1480 ουθουσης
785 1425 889 1482 αὐτῇ
903 1431 1003 1478 μιᾶς
1014 1431 1218 1483 &cyanem
1223 1431 1319 1478 1‘.‹50;·
1351 1432 1475 1473 Credo

22 1482 219 1533 Dioclem,
249 1483 581 1538 Syracusanarum
599 1486 727 1536 legum
747 1484 1008 1533 conditorem,
1037 1499 1082 1523 ea
1103 1489 1230 1524 omnia
1258 1502 1280 1525 a
1304 1489 1474 1528 Zaleuco

25 1547 63 1578 et
84 1541 333 1579 Locrensium
353 1542 696 1579 constitutionibus
715 1547 846 1577 mutua
865 1543 1073 1590 sumsisse3
1108 1546 1182 1581 etsi
1201 1557 1280 1581 non
1300 1548 1475 1596 ignorem

24 1597 111 1634 Alb.
140 1596 357 1634 Rubenium
379 1597 420 1635 L.
449 1597 480 1635 Ι.
525 1596 599 1634 Rei
628 1597 794 1634 Vestiar.
825 1610 857 1633 c.
883 1599 952 1638 10.
989 1597 1276 1637 Lacedaemone
1297 1601 1390 1639 hacc
1413 1617 1477 1640 re·-

25 1655 143 1701 petita
161 1655 394 1703 suspicatum
416 1655 463 1691 ob
482 1651 666 1690 Clement.
698 1653 950 1691 Alexandria.
980 1654 1145 1706 Paedag.
1167 1655 1235 1693 ΙΙΙ.
1262 1659 1354 1698 11.·
1345 1686 1354 1706 ,
1386 1672 1477 1698 nam

25 1715 153 1747 cetera
180 1711 215 1746 si
243 1709 485 1756 consideres,
514 1721 610 1758 quae
639 1721 730 1746 mox
762 1710 998 1757 exscribam,
1025 1724 1048 1748 a
1072 1724 1155 1749 mea
1188 1714 1362 1762 profecto
1393 1719 1479 1765 opi-

24 1767 141 1803 nione
159 1778 236 1802 non
257 1766 423 1803 recedes.
442 1765 575 1803 WEss.
609 1763 751 1803 Suidas
772 1767 884 1803 aliter
910 1765 1008 1804 hanc
1028 1768 1153 1819 legem
1170 1771 1308 1807 recitat
1326 1773 1368 1808 in
1384 1768 1478 1810 Ζά-

25 1819 391 1867 aevn0;.R131NEs.

135 1878 243 1918 492.
271 1879 344 1918 95.
387 1874 515 1930 Μηδὲ
537 1872 700 1930 ἐσθῆτα
720 1875 1051 1930 παρυφασμὲνην
1065 1876 1084 1931 ]
1117 1878 1331 1920 Vertuntur
1349 1885 1476 1922 inter-

27 1939 159 1971 tortas
179 1946 279 1971 auro
300 1941 452 1971 vestes:
483 1947 617 1984 parum
637 1940 736 1983 apte.
783 1931 973 1987 Παρυφη
996 1936 1135 1972 limbus
1158 1949 1224 1974 scu
1255 1941 1340 1976 clav
1344 1953 1386 1976 us
1408 1954 1478 1990 po-

27 1992 105 2027 tius
129 1997 187 2027 est
204 1991 305 2028 vesti
325 1990 515 2028 adtextus.
551 1987 717 2041 Ἔσθης
745 2004 999 2043 παρυφασμε
994 1989 1050 2042 ’νη
1085 2000 1152 2029 aut
1179 2009 1351 2048 παρυφη
1340 2010 1398 2046 ]-ς
1414 2003 1477 2034 tu-

25 2048 114 2083 nica
143 2052 201 2083 est
230 2048 351 2084 clavis
383 2046 577 2084 distincta.
627 2045 713 2083 Alb.
745 2044 962 2084 Rubenium
993 2047 1082 2085 vide
1112 2047 1165 2087 L.
1180 2048 1207 2085 Ι.
1244 2049 1290 2086 R.
1311 2051 1357 2090 V.
1381 2065 1414 2089 c,
1433 2055 1478 2092 2.

23 2100 146 2139 Porro
168 2115 216 2140 ex
236 2103 386 2153 legibus
407 2101 737 2153 Syracusanorum
758 2101 851 2139 haec
870 2103 994 2139 adfert
1012 2103 1273 2154 Phylarchus:
1304 2104 1379 2154 τὰς
1407 2123 1478 2160 yv-

24 2162 170 2205 ναῖκας
185 2155 244 2211 μὴ
268 2160 697 2226 κοσμεῖσθαιχρυσῶ,
716 2155 821 2210 μηδ’
846 2155 999 2197 ἀνθινὰ
1020 2164 1185 2226 φορεῖν,
1207 2160 1313 2213 μηδ’
1348 2162 1455 2202 ἔσθ
1431 2181 1478 2216 η·-

25 2228 102 2260 τας
118 2211 220 2265 ἔχειν
239 2217 457 2285 πορφυρᾶς
477 2211 652 2265 ἔχουσας
671 2211 880 2268 παρυφὰς,
908 2212 978 2253 ἐὰν
997 2211 1054 2268 μή
1077 2230 1137 2262 τις
1159 2214 1296 2258 αἰτῶν
1318 2232 1479 2273 συγχω-

29 2271 80 2324 ρῇ
103 2266 246 2322 ἑταῖρα
266 2266 368 2310 εἶναι
385 2267 513 2322 κοινή.
546 2272 652 2314 Quae
672 2270 974 2307 eadem.W1-:ss.

141 2327 249 2366 492.
279 2328 354 2367 97
390 2325 553 2379 Μηδὲ
540 2323 701 2377 ιμάτιον
723 2322 1010 2378 ἷσομιλὴσιον]
1040 2326 1230 2379 Displicet
1248 2332 1479 2371 vocabulum

28 2378 75 2417 R.
95 2379 292 2430 Bentleio,
320 2384 406 2420 viro
425 2384 541 2433 longe
571 2383 852 2429 eruditissimo,
880 2389 958 2420 tum
980 2384 1081 2432 quod
1101 2382 1356 2437 ἴσομιλήσιον
1377 2391 1478 2425 mul-

28 2438 151 2486 tiplex
173 2451 255 2475 esse
275 2440 418 2487 possit,
448 2451 654 2487 ausamque
675 2439 892 2488 praebuerit
911 2440 1024 2476 rixis.
1063 2438 1264 2490 Disputari
1283 2446 1385 2481 enim
1407 2458 1476 2494 po-

0 2532 1 2535 ,
28 2495 169 2540 tuisse,
194 2506 245 2530 an
267 2501 305 2531 et
331 2501 517 2542 quatenus
545 2498 646 2532 vesti
669 2495 841 2532 Milesiae
871 2496 1118 2543 conveniret,
1145 2500 1359 2537 cuiusmodi
1383 2514 1477 2537 con-

0 2549 1 2556 *
30 2551 221 2586 tentiones
244 2551 414 2587 sublatae
434 2552 563 2588 forent
581 2564 758 2600 prorsus,
785 2552 820 2588 si
851 2547 1013 2601 ἱμάτιον
1041 2549 1254 2604 ΖΙςῙιλήσιον
1283 2555 1474 2593 Zaleucus

28 2607 226 2642 vetuisset.
261 2604 361 2643 Tum
381 2609 558 2655 quoniam
578 2607 760 2644 credibile
781 2620 858 2644 non
880 2608 941 2653 sit,
969 2607 1128 2645 Zaleuci
1148 2617 1283 2657 aetate,
1308 2614 1345 2648 in
1368 2620 1476 2649 tanta.

29 2664 331 2699 conmerciorum
351 2665 508 2699 raritate
520 2692 531 2710 ,
562 2664 687 2700 lanam
721 2669 759 2699 et
779 2671 905 2700 vestes
925 2662 1095 2701 Milesias
1125 2667 1165 2701 iu
1188 2665 1335 2703 ltaliam
1354 2669 1474 2704 fuisse

28 2719 253 2766 inportatas.
304 2717 533 2755 Praesertim
553 2732 637 2755 cum
667 2733 686 2755 e
706 2721 850 2756 vicinia
872 2719 1080 2756 Locrenses
1098 2722 1226 2758 lanam
1247 2723 1408 2770 Apulam
1439 2730 1478 2760 ct

30 2771 301 2819 Tarentinam,
330 2785 425 2822 quae
442 2780 601 2822 utraque
620 2773 773 2812 Milesia
801 2775 954 2811 mollior
973 2774 1204 2823 habebatur,
1239 2792 1386 2815 sumere
1407 2792 1476 2827 po-

29 2831 188 2865 tuerint.
228 2829 436 2866 Audiamus
456 2830 623 2867 Plinium
645 2830 687 2869 L.
712 2830 812 2867 Vlll.
834 2829 881 2866 H.
906 2830 951 2867 N.
977 2843 1058 2879 cap.
1082 2833 1156 2872 48.
1199 2833 1312 2872 Lana.
1343 2842 1477 2872 autem

31 2884 308 2922 laudatissima
334 2885 486 2937 Apula,
519 2892 559 2922 et
584 2895 686 2935 quae
717 2888 757 2924 in
781 2887 907 2925 Italia
943 2887 1097 2925 Graeci
1112 2893 1277 2940 pecoris
1298 2892 1478 2942 adpella-

90 2940 184 2976 V.‹›1
219 2941 244 2977 Ι.
289 2974 294 2977 .
1141 2946 1198 2984 37
