1828 3253
433 169 493 208 ΙΝ
524 167 635 206 LlB.
666 166 774 207 ΧΗ.
804 165 933 204 CAP.
967 165 1190 207 53.—55.
1443 167 1533 207 605

97 282 301 322 Lachesin
323 281 459 320 Sicilia
477 281 774 319 administravit.
816 276 1009 329 Alioqui'
990 295 1032 318 εν
1057 276 1220 334 Σικελίᾳ
1242 291 1325 316 cum
1347 279 1539 316 Palmerio

97 339 395 378 rescribendum.
409 339 458 376 W
462 349 542 374 Ess.
568 337 651 376 MS.
665 331 1141 388 (ΣοίειίῐιίῐιηίΧαριάὸην,
1162 322 1236 385 qdo
1258 338 1372 372 etiam
1388 334 1482 386 Reg.
1500 338 1539 375 l.

98 392 329 447 λοιριάὰνι
351 395 468 440 ducit,
497 405 610 442 quum
631 394 724 430 alibi
753 396 941 442 reperitur
968 399 1048 429 tum
1075 395 1115 428 in
1137 392 1377 428 nobilissima
1400 394 1541 430 inscri-

99 454 230 501 ptione
247 451 385 497 Attica,
409 463 520 499 quam
540 456 752 498 postremus
774 449 894 486 edidit
916 447 1053 484 Rosius
1074 447 1192 486 inser.
1216 460 1249 496 p.
1268 448 1367 487 1-15.

214 508 317 547 515.
357 509 396 546 7.
442 504 527 545 Καὶ
555 507 638 543 τῶν
669 503 914 543 λἰιλκιόἔων
944 501 1149 553 ἀποίκων]
1192 502 1449 540 Doctissimus
1477 506 1538 541 in-

101 571 194 614 terp.
218 570 258 600 et
276 577 301 600 a
326 561 645 600 Chalcidensibus
664 563 814 599 colonis
837 563 917 598 suis
943 561 1231 597 obscurissime:
1266 573 1343 596 non
1365 563 1466 596 enim
1489 573 1539 597 ex

102 621 180 657 illis
204 620 372 667 adparet,
401 631 561 666 quorum
584 619 711 653 coloni
734 618 1011 655 Chalcidenses
1030 617 1195 662 fuerint,
1224 614 1538 666 Rheginorumne

101 689 152 712 an
174 675 477 712 Atheniensium.
522 672 659 710 Utrum
679 675 855 724 elegeris,
882 687 903 710 a
923 686 1014 710 vero
1033 672 1196 709 recedet.
1237 669 1404 722 Rhegini
1424 672 1539 708 Chal-

102 732 312 769 cidensium
333 737 442 767 erant
461 731 602 775 coloni,
629 728 818 766 Strabone
838 736 993 766 auctore
1015 728 1055 764 L.
1075 728 1138 764 vl.
1160 740 1193 775 p.
1216 729 1320 767 395.
1342 736 1379 764 et
1394 727 1539 765 Nostro

102 787 146 826 L.
168 786 275 825 xlv.
301 787 375 826 40.
406 788 530 831 Quare
553 785 601 822 ad
622 784 690 822 hos
712 788 745 823 si
764 786 883 823 verba
904 786 1062 830 referas,
1091 784 1305 821 inducenda
1326 786 1401 820 erit
1421 798 1539 834 copu-

101 845 152 881 la.
183 843 267 894 Ego
290 855 380 880 vero
400 856 483 879 eam
506 855 583 878 non
606 854 765 888 moveo,
797 849 944 879 tantum
965 840 1083 877 Codd.
1113 840 1379 877 addicentibus
1410 854 1540 877 vocem

103 897 235 939 ὄντων
264 900 482 937 eliminans,
518 897 690 946 Namque
720 899 759 935 id
788 900 894 945 vult,
919 912 941 934 a
961 897 1147 947 Rheginis
1171 904 1208 932 et
1231 899 1368 933 ceteris
1389 895 1541 933 Chalei-

103 956 278 993 densium
308 956 456 991 eolonis
488 967 552 991 eas
580 967 698 991 naves
730 954 932 991 Lachetem
964 961 1001 990 et
1029 952 1286 989 Charoeadam
1316 955 1540 1001 inpetrasse.

102 1010 306 1048 Consentit
326 1009 587 1060 ThucydideS‚
602 1012 666 1058 qui
686 1007 760 1056 τὰς
780 1007 1035 1056 Χαλκιδικὰς
1056 1005 1194 1054 πόλεις
1215 1008 1286 1045 hoc
1307 1010 1407 1045 bello
1428 1022 1450 1045 a
1471 1008 1542 1046 Le-

103 1070 248 1106 ontinis
269 1074 307 1103 et
324 1066 623 1103 Atheniensibus
644 1069 795 1104 stetisse
816 1066 976 1103 tradidit
998 1065 1040 1104 L
1063 1065 1368 1106 1L86-1V13ss.

220 1123 417 1163 515.12
455 1118 662 1174 Φρούριον
691 1119 1016 1189 ἕποὶιόρκῃσαι]
1054 1120 1354 1158 Rhodomannus
1374 1120 1543 1158 Locren-

104 1182 203 1218 sium
221 1181 418 1216 castellum
437 1180 653 1225 intellexit,
681 1191 841 1227 quorum
862 1174 1062 1231 φρούριον
1089 1191 1111 1214 a
1135 1177 1298 1214 Lachete
1319 1185 1543 1227 occupatum

104 1238 214 1274 testis
233 1234 481 1284 Thucydides
513 1241 570 1270 est
589 1233 631 1271 L.
654 1234 720 1270 lll.
746 1236 848 1274 115.
885 1234 926 1270 ld
946 1241 1073 1270 tamen
1095 1241 1136 1270 ut
1156 1232 1217 1270 hic
1239 1236 1455 1284 intelligas,
1483 1247 1543 1270 se-

104 1293 261 1342 quentia
281 1305 305 1328 v
296 1291 485 1327 etabunt:
520 1290 658 1326 docent
676 1292 777 1326 clare
797 1291 929 1340 Hylas
946 1291 1122 1327 indicari.
1169 1289 1283 1327 lorte
1303 1292 1430 1339 itaque
1450 1291 1544 1328 olim

102 1350 180 1386 fuit
210 1342 411 1400 ᾳρούριόν
436 1359 497 1392 τι,
530 1353 596 1382 aut
613 1345 819 1385 ZlIv7atcoz
844 1361 873 1398 q·
880 1342 1065 1398 ροῦριον,
1106 1353 1172 1382 aut
1190 1342 1265 1391 τὰς
1287 1343 1441 1391 ,Μύὶας
1461 1361 1544 1384 των

105 1401 360 1454 Μεσσηνιέυν
379 1398 592 1455 φρούριον,
618 1414 712 1451 quae
733 1402 802 1439 Ph.
826 1401 923 1439 Cluv
915 1405 997 1440 erii
1017 1403 1182 1449 suspicio
1204 1408 1261 1438 est
1282 1401 1392 1438 Sicil
1411 1402 1542 1451 Antiq.

106 1459 150 1497 L.
170 1459 264 1507 11.p.
289 1459 394 1498 302.
422 1457 567 1495 Firmat
585 1457 1071 1508 coniecturam'lbueydid.
1088 1458 1154 1494 111.
1175 1459 1264 1505 90,
1291 1458 1329 1495 id
1352 1465 1548 1507 praeterea

105 1521 420 1559 conmonstrans‚
449 1513 542 1550 haec
571 1521 609 1550 et
629 1526 722 1562 quae
740 1516 970 1561 succedunt,
998 1517 1172 1552 insecuto
1196 1527 1298 1551 anno
1329 1515 1448 1551 fuisse
1478 1515 1546 1551 ad·

106 1574 334 1609 ministrata.
384 1569 477 1607 Mox
497 1569 654 1609 Σικελοὶ
676 1572 760 1607 loco
782 1571 1036 1610 Σικελιωτῶν
1059 1578 1149 1607 sunt
1167 1572 1306 1620 positi,
1334 1571 1548 1610 cuiusmodi

106 1626 386 1671 Messanenses,
417 1627 481 1676 qui
501 1639 609 1675 opem
629 1627 794 1663 obsessis
813 1629 996 1665 tulerunt.
1023 1627 1158 1664 Wnss.

223 1682 326 1722 515-
362 1683 431 1722 19.
470 1679 721 1733 Εὐρυμέδων
749 1681 816 1721 καὶ
847 1682 1092 1735 Σοφοκλῆς]
1125 1682 1207 1719 Hos
1236 1686 1445 1720 antevertit
1465 1683 1552 1733 Py-

108 1738 306 1785 thodorus,
327 1740 441 1775 eitius
465 1738 505 1774 in
527 1751 590 1774 eas
611 1737 744 1776 Italiae
764 1752 808 1775 ac
823 1737 979 1776 Siciliae
1002 1752 1087 1775 oras
1108 1739 1268 1775 delatus.
1297 1739 1392 1776 Vide
1413 1738 1552 1780 Sehol,

109 1795 159 1832 ad
178 1793 373 1842 Aristoph.
391 1793 504 1843 Vesp.
527 1807 564 1831 v.
585 1796 690 1834 240.
723 1802 760 1831 et
782 1793 959 1845 Thucyd.
982 1795 1048 1832 111.
1075 1796 1176 1835 115.
1196 1795 1258 1832 lV.
1280 1797 1322 1834 2.
1356 1795 1490 1832 WVEss.

225 1852 328 1890 515.
359 1852 434 1890 22.
475 1847 543 1888 Ἕκ
570 1846 748 1903 τριήρων
769 1847 1021 1902 πεντήκοντα
1057 1850 1123 1889 καὶ
1148 1849 1398 1903 διακοσίων]
1440 1851 1550 1888 Alios

108 1920 153 1944 ae
164 1905 430 1957 Thucydidem
441 1907 481 1942 in
500 1904 559 1942 his
571 1907 817 1943 recensendis
838 1907 952 1944 duces
963 1908 1036 1944 sibi
1055 1907 1236 1944 adscivit:
1265 1920 1313 1943 ex
1335 1920 1380 1944 eo
1402 1913 1548 1947 tantum

106 1966 264 2001 navium
285 1975 481 1999 numerum
504 1962 706 1998 difficulter
725 1963 917 2000 conficies.
955 1963 1041 2000 Vid.
1062 1964 1142 1999 eius
1162 1962 1203 1999 L.
1224 1963 1288 2000 lv.
1309 1965 1384 2003 24.
1415 1964 1549 2001 VVEss.

224 2019 329 2059 515.
363 2021 438 2059 26.
468 2014 735 2064 Μεταὸόντες
753 2021 828 2070 τῆς
846 2017 1070 2070 πολιτείας]
1096 2018 1294 2058 Dedcrunt
1314 2021 1545 2069 Syracusani

109 2074 311 2112 Leontinis
339 2077 398 2112 ius
428 2088 518 2112 suae
546 2077 737 2121 civitatis,
780 2076 846 2112 sed
875 2083 1075 2123 postquam
1105 2077 1285 2124 temporis
1311 2077 1547 2124 aliquantum

109 2132 276 2179 abierat,
313 2142 387 2179 quo
409 2131 554 2168 mutuis
574 2131 776 2168 discordiis
796 2145 877 2168 sese
903 2144 1055 2180 pessum
1073 2131 1257 2168 dederant
1276 2133 1361 2181 ipsi.
1397 2132 1548 2184 Cogno·-

111 2200 208 2234 soes,
238 2189 271 2224 si
290 2188 428 2236 volupe
445 2188 578 2233 fuerit,
607 2199 655 2223 ex
675 2186 903 2237 Thucydide
924 2187 966 2223 L.
989 2187 1034 2223 V.
1053 2187 1094 2226 4.
1124 2187 1165 2224 ld
1187 2190 1246 2224 ius
1266 2202 1352 2225 cum
1372 2188 1550 2237 deinceps

111 2246 360 2292 sprevissent,
383 2246 528 2292 patriae
551 2256 678 2280 amore
698 2246 863 2290 accensi,
881 2245 1086 2291 urbemque
1106 2244 1398 2292 instaurassent,
1414 2248 1548 2282 iterum

111 2312 135 2335 a
164 2298 354 2348 Dionysio
391 2301 432 2335 in
463 2298 729 2349 Syracusanae
758 2301 926 2337 civitatis
964 2302 1246 2337 consortionem
1285 2303 1546 2350 conpelluntus

111 2355 216 2391 infra
239 2353 458 2394 I.X1V.l
472 2357 509 2394 5.
540 2355 590 2392 W
594 2365 675 2392 ESS.

226 2411 329 2449 515
357 2411 430 2450 31
449 2407 539 2450 Ὀτι
557 2408 823 2462 βοι)7.,ἰοιιειιι)ν
843 2409 1076 2460 συνοικίζειν
1096 2407 1233 2457 πάσας
1256 2408 1330 2457 τὰς
1349 2409 1455 2451 κατὰ
1475 2409 1542 2464 τι)

113 2462 288 2515 ,Λέσβον
316 2473 386 2502 etc.
401 2467 413 2514 ]
439 2466 552 2503 Unde
579 2467 679 2504 unde
704 2467 795 2504 haee
817 2470 988 2515 sumpsit,
1016 2470 1097 2505 sive
1119 2480 1167 2504 ex
1189 2468 1439 2534 'lhucydide,
1468 2472 1540 2506 siv(

114 2534 163 2558 ex
182 2523 271 2568 alio,
300 2535 385 2559 eum
406 2525 568 2560 veritate
585 2536 663 2560 non
683 2530 912 2573 congruunt.
942 2523 1074 2572 Neque
1094 2527 1194 2561 enim
1214 2526 1365 2561 crimini
1386 2524 1541 2561 Atheni-

115 2578 272 2614 ensibus
293 2577 419 2614 Lesbii
438 2579 590 2625 dabant,
610 2580 710 2627 quod
729 2581 877 2616 insulae
898 2581 980 2615 eius
999 2581 1177 2616 civitates
1194 2581 1405 2630 Mitylenen
1425 2587 1542 2616 trans-

113 2635 216 2671 ferre
249 2633 520 2671 decrevissent.
559 2633 702 2672 Contra
729 2635 882 2673 accidit.
922 2633 1148 2685 Mitylenaei
1168 2636 1327 2673 Lesbios
1355 2650 1486 2672 omnes
1509 2639 1545 2672 in

114 2692 175 2727 ius
205 2702 294 2726 suae
317 2691 485 2727 civitatis
516 2692 730 2739 conpellere
756 2691 891 2728 adnixi
913 2698 1015 2730 sunt.
1058 2690 1322 2742 Thucydidem
1353 2691 1547 2728 audiamus

112 2744 156 2781 L.
172 2745 238 2782 111.
259 2747 300 2785 2.
323 2760 390 2783 και
412 2743 549 2785 αὐτῶν
567 2748 709 2786 Merv)
714 2746 866 2798 ηναίων
887 2746 971 2801 ιὸῖιιι
990 2744 1136 2798 α’νὸρες
1155 2745 1261 2786 κατὰ
1282 2743 1426 2786 στάσιν
1446 2762 1524 2799 προ

113 2801 218 2849 ξενοι
238 2798 475 2853 Ἀθηναίων
502 2817 680 2855 μηνυται
701 2802 906 2856 γίγνονται
929 2788 1015 2849 τιοῖς
1027 2800 1302 2856 Ἀθηναίοις(
1289 2799 1353 2842 ότι
1377 2804 1448 2850 ξω
1452 2806 1530 2842 ccxi
