1828 3253
469 202 531 241 ΙΝ
563 201 674 242 LlB.
701 200 827 240 XIV.
867 200 993 242 CAP.
1024 203 1252 245 79.--81.
1485 204 1576 244 779

132 327 175 354 re
205 327 291 353 cum
316 312 452 352 Nostri
480 315 595 351 lectio
623 316 794 364 proxime
824 314 924 352 absit
951 327 973 352 a
992 313 1275 364 Xenophonteo
1309 315 1415 353 urbis
1449 317 1579 364 titulo,

134 373 268 420 inpelli
290 383 367 408 non
388 384 539 420 possum
553 397 564 417 ‚
592 378 634 407 ut
654 371 828 407 districte
854 371 1026 408 damnari
1047 374 1182 419 patiar.
1212 371 1386 408 Meminit
1410 379 1446 408 et
1467 374 1578 421 oppi-

134 427 175 463 di
200 426 416 478 Θυμβριόυ
429 425 607 474 Xenoph.
625 424 820 475 Ἀναβασ.
842 426 882 474 1.,
901 428 1002 475 quod
1022 429 1175 478 longius
1194 427 1283 464 hinc
1307 430 1520 465 seiunctum
1536 430 1576 465 in

134 483 281 521 Pisidia
303 482 431 520 sedem
449 481 602 530 habuit,
641 484 697 521 uti
713 482 760 520 ad
777 481 948 523 Hierocl.
971 483 1204 536 Synecdem.
1225 497 1260 535 p.
1283 485 1388 524 673.
1409 484 1580 534 ‹lisputa-

135 540 178 576 vi
183 539 269 577 ,W
274 548 357 577 Ess.

251 595 355 635 704.
383 595 458 634 26.
497 595 597 639 Τοῖς
626 590 689 631 ἓπὶ
717 595 792 644 τῆς
813 591 1009 647 οὐραγίας
1037 590 1290 659 3'5r2'7ztozfto]
1320 594 1404 632 Hoc
1425 597 1580 645 placuit.

140 647 356 702 Οὐραγὸν,
387 647 596 701 οὕραγεΐν,
627 646 825 700 οὐρα)ιάν
845 651 890 688 de
913 659 1084 688 extremo
1106 652 1257 701 agmine
1287 665 1397 701 saepe
1426 652 1582 698 Noster,

136 707 314 754 alterum,
341 705 442 754 quod
466 705 619 755 quidem
638 705 830 752 recordor,
856 718 1064 775 nunquam.
1108 706 1260 744 Mallem
1282 715 1477 757 praeterea
1497 710 1580 745 τῶν

138 759 202 800 ἔπι
230 764 305 813 τῆς
336 781 384 790 —-
417 757 652 812 ἐξήπτοντο.
691 762 749 799 uti
768 774 799 798 c
824 763 895 801 72.
929 755 981 814 ἦν
1009 760 1298 814 napmyelmbc
1326 761 1583 815 (Dionysius)

137 813 240 858 ὅταν
261 812 514 864 ἓξὰπτωνται
537 831 620 857 των
638 816 865 867 πολεμίων,
892 830 1111 868 saepeque
1097 821 1184 856 aliis
1206 820 1246 856 in
1268 820 1387 856 libris.
1419 819 1553 856 WEss.

251 874 358 914 704.
380 873 453 912 39.
484 872 558 921 Εἷς
584 869 661 919 τὰς
688 870 775 912 ἄνω
804 873 1084 926 σατραπείας]
1115 873 1235 911 Deest
1255 875 1470 912 infinitivus
1498 880 1585 923 post

139 928 415 978 σατραπείας,
445 931 478 967 si
501 927 729 979 ἐπεχείρησε
751 929 890 967 mendo
915 937 1032 976 caret,
1057 931 1157 978 quod
1180 937 1282 980 puto.
1320 931 1356 967 ls
1375 937 1500 967 autem
1520 933 1584 967 in-

139 985 318 1022 finitivus
340 986 459 1022 fuerit
492 986 555 1022 vel
584 998 840 1035 στρατευειν,
880 987 944 1024 vel
965 988 1064 1023 alius
1085 987 1255 1023 eiusdem
1278 987 1584 1038 significationis.

141 1040 296 1078 STEPH.
330 1039 466 1079 Simile
486 1039 612 1077 huic
595 1036 665 1079 εάν
685 1054 746 1086 τις
771 1039 926 1094 ἐγχειρῇ
948 1057 1015 1081 ποι
1039 1042 1084 1078 de
1105 1043 1350 1092 expeditione
1373 1044 1586 1090 suscipien-

141 1097 190 1134 da
213 1099 431 1134 restitutum
452 1110 474 1135 a
496 1110 557 1137 me
575 1095 828 1147 Xenophonti
846 1097 968 1136 Anab.
981 1097 1025 1136 V.
1044 1100 1082 1141 l.
1099 1101 1139 1139 8.
1160 1110 1208 1137 ex
1227 1099 1448 1136 melioribus
1463 1099 1585 1146 libris,

141 1154 208 1192 ubi
228 1153 437 1190 deteriores
458 1151 613 1205 ἔρχειρῇ
635 1167 672 1191 τι
693 1157 834 1193 ποιεῖν.

255 1209 361 1250 704.
383 1209 459 1248 44.
499 1210 662 1248 Τοῦτον
688 1205 766 1259 7129
798 1206 930 1247 αἴτιον
958 1211 1032 1248 τοῦ
1054 1207 1159 1249 πολ’
1123 1225 1236 1260 εμου
1257 1207 1459 1262 γεγῧοιεναι
1482 1215 1553 1246 etc.
1564 1208 1588 1259 ]

142 1264 249 1303 Inter
266 1263 469 1317 2320213'2'ac
490 1271 529 1301 et
550 1259 630 1302 υπὸ
663 1265 782 1303 rerba
807 1265 1016 1305 desiderari
1037 1267 1184 1315 aliquot
1204 1265 1490 1311 animadverto,
1520 1264 1589 1302 sed

144 1334 240 1371 quae
259 1334 304 1358 ea
319 1323 399 1358 sint
417 1321 592 1357 divinare
616 1332 693 1357 non
713 1333 881 1368 possum
923 1319 1035 1358 Certe
1058 1323 1091 1359 si
1111 1321 1204 1359 haeo
1224 1324 1298 1360 tria
1319 1322 1506 1358 duntaxat
1526 1324 1588 1357 in-

145 1378 324 1422 serueris,
349 1382 416 1412 aut
433 1375 493 1412 his
513 1375 637 1412 tribus
661 1388 900 1427 synonyma,
927 1372 1120 1427 ἐνόμιζεν
1147 1375 1204 1415 ἔτι
1238 1376 1305 1423 δὲ,
1340 1379 1465 1414 locum
1487 1377 1590 1413 hunc

144 1435 340 1484 integrum
362 1431 539 1471 habebis.
573 1438 616 1469 ut
634 1431 816 1470 videlicet
838 1432 893 1468 ita
910 1432 1073 1482 legatur,
1091 1434 1242 1473 τοῦτον
1260 1431 1337 1485 γὰρ
1359 1431 1489 1472 αἴτιον
1513 1434 1588 1471 τοῦ

144 1487 327 1539 πολέμου
356 1485 560 1540 γεγονέναι
588 1482 779 1536 ἐνόμιζεν.
813 1483 868 1525 ἴτε
893 1483 972 1526 δὲζ
954 1485 1032 1527 υπὸ
1057 1490 1131 1539 τῆς
1150 1486 1310 1540 μητρὸς
1330 1496 1402 1527 etc.
1435 1488 1589 1524 Srnpn.

146 1545 374 1594 Adstipulor
405 1545 489 1580 viro
519 1542 753 1581 doctissimo.
792 1541 887 1579 Hiat
919 1550 1050 1592 aperte
1081 1546 1228 1592 oratio,
1259 1546 1336 1581 nisi
1363 1544 1593 1581 eiuscemodi

146 1601 268 1639 verba
303 1599 564 1638 adstruantur.
611 1597 813 1639 Consentit
844 1597 1026 1652 Xenoph.
1061 1599 1216 1641 Hellen.
1248 1600 1292 1639 L.
1318 1599 1386 1641 111.
1420 1613 1456 1652 p.
1486 1601 1593 1641 391.

145 1657 285 1698 Wess.

265 1711 370 1756 705.
403 1711 475 1752 53.
513 1709 586 1757 Εἷς
614 1706 839 1756 Κολοσσὰς
864 1712 942 1762 τῆς
972 1709 1187 1764 Φρυγίας]
1225 1709 1320 1748 Dixi
1348 1710 1395 1748 de
1422 1711 1517 1748 urbe
1547 1710 1597 1748 ad

149 1769 346 1809 Hieroclis
376 1766 545 1818 Synecd.
574 1779 609 1816 p.
630 1768 736 1807 666.
781 1765 873 1803 Mox
891 1766 1136 1806 vehementer
1154 1767 1353 1805 blanditur
1373 1768 1598 1805 coniectura

151 1825 335 1866 Palmerii
366 1824 413 1862 ob
444 1822 706 1873 Polyaenum,
737 1824 804 1872 qui
824 1825 1000 1871 repetitis
1022 1823 1173 1861 vicibus
1184 1820 1365 1874 Ἀριαῖον
1385 1829 1596 1873 nuncupat.

152 1883 234 1921 Sed
253 1880 345 1931 quid
365 1882 400 1918 si
418 1879 580 1916 Ariaeus
603 1878 665 1914 hio
685 1878 894 1926 praefuerit
915 1879 1002 1918 urbi
1021 1878 1219 1924 Larissae,
1252 1891 1365 1927 quam
1383 1878 1598 1917 Thimbron.

150 1940 299 1978 frustra
320 1942 442 1975 tentat
458 1934 558 1984 apud
577 1933 758 1984 Xenoph.
776 1933 929 1973 Hellen.
950 1933 993 1970 L.
1014 1934 1081 1973 111.
1101 1946 1138 1985 p
1161 1935 1282 1983 375..
1301 1941 1339 1973 et
1361 1947 1410 1972 ex
1430 1948 1474 1973 ea
1486 1948 1598 1973 caus·

152 2008 195 2034 sa
214 1994 483 2042 Λαρισσαῖος
506 1986 721 2042 σατράπης
740 1988 916 2027 dicatur?
947 1990 1080 2028 Wnss.

270 2049 375 2091 705.
412 2048 484 2088 55.
530 2045 803 2098 Λαρισσαίου
842 2041 1085 2096 σατράπου]
1126 2045 1344 2096 Polyaenus
1374 2059 1446 2083 nos
1474 2045 1600 2093 docet,

154 2104 345 2156 quomodo
365 2103 429 2141 hic
456 2104 563 2142 locus
589 2102 785 2140 emendari
803 2101 929 2151 debet,
947 2101 989 2139 L.
1012 2101 1094 2141 Vll.
1123 2104 1194 2145 16.
1206 2102 1307 2155 Lege
1328 2103 1511 2155 igitur2ut
1533 2103 1601 2140 ille

154 2162 271 2202 habet
291 2158 474 2212 Ἀριαίου
510 2154 739 2225 σατράπου.
777 2157 907 2196 PALM.

272 2216 377 2258 705.
411 2216 484 2256 69.
526 2209 633 2253 Τότε
653 2212 729 2264 μὲν
758 2211 864 2253 καθ’
899 2208 1052 2261 αὖτοὺς
1075 2209 1278 2265 ὥρμησαν
1296 2220 1366 2251 etc.
1379 2211 1400 2266 ]
1428 2213 1603 2251 Gloriam

159 2272 353 2325 Lysandri
379 2271 574 2308 interfecti
600 2270 675 2307 sibi
699 2270 900 2308 vindicant
919 2269 1173 2308 Athenienses
1200 2270 1300 2319 apud
1324 2270 1534 2307 Aristidem
1555 2269 1604 2307 T.

160 2330 209 2368 ll.
226 2342 262 2379 p.
291 2328 407 2375 105„
433 2327 578 2365 Nostro
601 2333 638 2364 et
661 2325 866 2364 Plutarcho
888 2328 929 2363 in
948 2324 1116 2376 Lysand.
1142 2338 1180 2374 P.
1202 2327 1309 2366 449.
1342 2326 1605 2363 dissentienti·

160 2386 246 2423 bus.
273 2384 352 2423 Sed
373 2385 481 2421 salva
500 2395 574 2420 res.
602 2381 692 2419 Non
714 2382 866 2432 quidem
885 2381 1045 2418 aderant
1064 2394 1199 2420 omnes
1223 2381 1516 2419 Atheniensium
1537 2394 1605 2418 co-

163 2444 247 2492 piae
276 2441 509 2487 auxiliares,
546 2437 648 2477 haud
670 2441 780 2488 pauci
803 2445 928 2475 tamen
953 2450 1002 2474 ex
1020 2451 1064 2476 ea
1085 2439 1242 2476 civitate
1265 2441 1368 2476 intra
1388 2437 1607 2475 Haliartum.

164 2511 247 2536 sese
266 2501 587 2547 penetraverant,
616 2496 890 2544 eruptioneque
910 2506 988 2531 una
1008 2507 1094 2531 cum
1113 2492 1308 2532 Thebanis
1329 2494 1432 2532 facta
1453 2492 1607 2543 Lysan-

165 2554 275 2592 drum
295 2557 547 2602 peremerant.
595 2549 706 2587 Hanc
729 2549 956 2588 concordiae
976 2552 1078 2587 viam
1098 2551 1296 2600 ingressus
1317 2556 1376 2586 est
1397 2548 1610 2586 Palmerius

167 2610 336 2647 Exercit.
357 2621 392 2658 p.
405 2608 526 2654 200„
544 2619 654 2659 quam
672 2613 796 2644 ratam
812 2606 945 2645 haberi
962 2619 986 2645 a
1003 2605 1195 2645 Pausania
1213 2605 1256 2644 L.
1272 2604 1339 2643 111.
1365 2606 1403 2645 5.
1427 2611 1465 2642 et
1483 2604 1525 2643 L.
1538 2603 1609 2643 lx.

169 2667 242 2707 32.
271 2665 410 2702 addere
433 2665 629 2711 potuisset.
656 2662 794 2702 VVESS.

285 2720 390 2761 705.
425 2720 498 2760 74.
531 2714 606 2765 ζ,Ως
633 2714 856 2764 διακόσιοι]
898 2716 1118 2768 Xenophon
1147 2724 1244 2755 extr.
1276 2716 1320 2754 L.
1340 2716 1405 2753 ΙΙΙ.
1427 2715 1517 2754 Rer.
1537 2716 1608 2755 Gr.

171 2775 334 2824 πλείους
351 2771 377 2826 ἢ
399 2770 612 2814 διακόσιοι.
629 2773 858 2812 Plutarchus
876 2771 1088 2813 ἀπέθανον
1113 2772 1159 2815 δὲ
1177 2775 1261 2814 τῶν
1277 2771 1476 2826 Θηβαίων
1497 2787 1612 2827 τρια-

172 2829 324 2880 κόσιοι,
351 2832 451 2869 forte
472 2831 715 2869 librariorum
736 2836 906 2881 peccato.
943 2830 1084 2869 WVESS.
