1828 3253
377 197 441 237 1N
472 196 586 237 Lm.
617 194 727 235 xii.
769 193 898 233 CAP.
931 197 1003 236 78.
1030 217 1077 224 -
1106 197 1177 237 80.
1433 199 1522 240 025

69 315 155 358 τοῖς
174 308 340 364 πένησιν
364 307 426 349 ἐπὶ
447 305 630 364 τούτους
671 308 958 347 Consenserunt
975 315 1102 347 autem
1127 307 1168 345 hi
1186 310 1289 346 mille
1309 309 1356 347 ad
1376 318 1516 350 statum

68 368 301 417 reipublicae
321 366 640 413 conmutandum‚
673 373 754 404 tum
776 366 955 414 quoniam
979 365 1026 402 ad
1045 365 1280 403 Mantineam
1304 379 1384 404 rem
1405 380 1513 415 prae—

66 431 126 461 ter
155 431 302 461 ceteros
321 424 474 473 egregie
502 430 727 472 gesserant,
755 429 835 459 tum
855 420 1058 470 Bryantis,
1089 422 1273 470 praefecti
1293 424 1374 469 sui,
1401 425 1512 474 flagi-

66 483 132 518 tiis
155 482 196 516 in
224 479 294 516 hoc
314 479 465 516 facinus
489 480 652 515 accensi.
701 477 786 515 Hoc
810 477 961 545 docebit
988 476 1199 515 Pausanias
1219 477 1265 514 ΙΙ.
1285 480 1358 517 20.
1373 506 1384 524 ,
1413 481 1508 516 illud

65 536 292 572 Aristoteles
323 533 476 571 Politic
506 532 549 569 L.
581 533 625 569 V
647 534 689 573 4.
699 561 711 580 ,
739 534 805 570 ubi
825 531 864 572 οἳ
893 529 1081 585 311'2-192131
1110 548 1306 585 9‘v11191110c
1338 548 1414 572 non
1442 537 1508 572 alii

64 599 175 640 atque
197 590 237 628 hi
255 592 382 636 mille,
411 593 547 638 quippe
577 601 626 626 ex
645 592 847 648 praecipua
878 589 1076 626 nobilitate
1101 591 1213 634 lecti,
1235 602 1373 641 quosy
1376 605 1508 645 vw9t—

62 662 168 699 μους
195 649 367 684 vocitare
387 648 495 682 solet.
547 644 632 682 Vid.
659 646 700 682 L.
724 645 768 681 V.
792 637 842 684 3.
857 653 894 682 et
923 659 954 682 c.
980 646 1018 684 5.
1042 659 1085 682 ac
1116 659 1147 682 c.
1173 646 1211 684 8.
1250 645 1296 683 W
1301 656 1380 682 uss.

178 703 282 742 535-
310 702 385 741 43-
418 698 662 740 Kat3'7voav
685 698 781 747 τοὺς
803 696 980 751 ιόιιοις]
1020 701 1124 738 Idem
1145 707 1204 736 est
1223 714 1266 738 ac
1289 700 1446 741 καταλῦ
1451 719 1505 742 ειν

60 755 137 810 τὴν
167 756 471 824 δημοκρατίαν,
507 758 610 803 sive,
644 763 689 794 ut
716 755 911 808 Diogenes
939 757 1230 802 Laert.1.66,
1266 755 1340 795 τὸν
1370 758 1499 826 δῆμον

59 809 287 856 καταλύειν.
326 812 547 851 Dissolutas
575 816 675 850 enim
696 788 817 864 leges⁰
823 814 969 860 excipit
996 815 1217 861 plerumque
1236 816 1394 850 mutatio
1423 818 1503 852 rei-

61 870 249 920 publicae.
276 868 506 920 Eleganter,
532 876 658 906 sumta
677 868 765 906 hinc
789 870 1060 916 translatione,
1091 868 1279 919 Synesius
1301 869 1409 907 Orat.
1444 870 1502 908 De

57 923 181 976 Regn-
206 938 243 974 Ρ.
267 927 339 965 10
357 925 400 962 Β.
443 924 492 965 ὃν
521 923 658 977 (νοῦν)
688 922 786 972 ἀξιῶ
804 921 1035 974 βασιλείων
1058 925 1099 963 ἐν
1118 927 1168 979 τῗ]
1199 927 1272 963 zoi
1298 925 1502 974 βασι3έως

55 977 194 1048 ψυχῇ.
223 978 298 1032 τὴν
320 978 391 1031 677.
396 980 592 1034 οκρατιάν
611 996 653 1020 τε
684 981 751 1019 καὶ
774 979 1055 1032 δημοκρατίαν
1075 983 1158 1020 τῶν
1186 982 1340 1019 παθῶν
1372 998 1501 1021 κατα-

55 1033 187 1077 mour
180 1052 253 1076 ’.τα
291 1036 511 1074 Dictionem
542 1038 665 1085 ipsam
697 1040 850 1086 copioso
880 1038 1140 1084 exemplorum
1169 1049 1306 1073 acervo
1331 1039 1501 1076 illustra-

55 1100 164 1136 runt
177 1095 256 1131 viri
276 1093 402 1140 docti,
430 1096 496 1142 qui
517 1101 648 1130 nostra
675 1095 858 1130 memoria
877 1093 1060 1130 laudabili
1087 1094 1250 1130 consilio
1282 1092 1385 1130 Novi
1403 1093 1501 1132 Foe-

55 1149 159 1187 deris
179 1150 320 1198 scripta
339 1162 424 1187 cum
453 1149 687 1188 Graecorum
706 1150 817 1187 libris
838 1149 1140 1197 contenderunt,
1170 1148 1219 1186 ad
1238 1147 1374 1186 Matth.
1396 1163 1430 1189 c,
1451 1151 1498 1190 V,

60 1207 133 1247 17.
169 1205 304 1243 Wess.

169 1262 273 1301 535.
304 1261 379 1302 46.
431 1257 512 1301 Διὸ
535 1259 602 1299 καὶ
629 1256 787 1300 τούτων
808 1256 1136 1312 ἀναιρεθέντων]
1189 1258 1298 1298 Conf.
1331 1260 1497 1300 Pausan.

53 1315 103 1354 ΙΙ.
123 1318 224 1364 2Ο.,
257 1317 324 1354 sed
355 1330 447 1355 cave
478 1317 612 1354 audias
641 1320 1012 1365 praestantissimum
1030 1316 1249 1363 Kuhnium,
1278 1317 1323 1353 de
1346 1332 1497 1357 σκυτα-

50 1373 185 1427 λισμῷ
212 1372 313 1410 haud
340 1386 461 1423 pauca
488 1373 798 1424 adspergentem:
825 1384 987 1421 namque
1019 1374 1053 1409 is
1078 1373 1211 1409 multis
1241 1373 1391 1411 demum
1410 1381 1497 1422 post

51 1431 165 1466 annis
185 1428 299 1480 Argis
320 1430 506 1480 contigit,
536 1436 578 1465 ut
599 1428 642 1465 L.
666 1429 753 1466 XV.
780 1429 852 1468 57.
885 1429 1056 1466 docetur.
1096 1427 1235 1467 Melius
1267 1429 1317 1467 ls.
1349 1428 1496 1469 casau-

51 1484 140 1522 bon.
162 1485 211 1522 ad
229 1485 398 1523 Aeneam
417 1498 452 1534 Ρ.
478 1486 612 1526 1733.
633 1484 692 1524 ed.
717 1484 889 1522 Gronov.
917 1484 1049 1522 WVESS.

166 1542 269 1581 535
296 1541 372 1581 49.
409 1536 651 1591 Παρατάξει
672 1539 925 1592 ἐκρίθησαν]
969 1541 1119 1578 Praelio
1138 1540 1241 1576 inter
1260 1552 1300 1577 se
1323 1539 1494 1579 decerta-

49 1601 154 1633 runt.
193 1596 383 1634 Homerus
404 1596 447 1634 ΙΙ.
470 1596 517 1643 Σ,
539 1598 646 1636 209.
688 1597 744 1636 Ol
758 1611 800 1636 τε
820 1594 1065 1648 πανημέριοι
1087 1598 1266 1648 στυγερῶ
1288 1596 1496 1650 κρίνονται

38 1648 190 1704 ’'A977'c'.
231 1652 436 1702 Iosephus,
468 1666 533 1689 seu
555 1654 682 1720 potius
710 1652 893 1689 Nic-olaus
913 1651 1195 1698 Danmsoenus,
1224 1652 1429 1692 Ant.1ud.
1451 1653 1493 1690 L.

50 1688 135 1745 Vll.
159 1709 197 1747 5.
222 1710 265 1748 2.
292 1705 471 1759 πόλεμον
501 1707 545 1747 δὲ
574 1706 778 1760 3503213‘223025·
804 1705 906 1760 πρὸς
932 1708 1122 1759 Δαυΐὸνν
1146 1729 1194 1735 —
1222 1708 1290 1747 καὶ
1321 1710 1494 1756 πολλαῖς

48 1759 202 1814 μάχαις
230 1764 399 1815 κριθείς.
449 1765 509 1801 Ad
529 1777 640 1813 quem
660 1764 813 1801 modum
841 1763 1056 1815 κρίνεσθαι
1087 1764 1179 1815 περὶ
1208 1766 1291 1803 τῶν
1323 1761 1431 1804 ὅλων
1456 1772 1495 1802 et

50 1818 334 1886 διακρίνεσθαι
357 1820 458 1858 haud
478 1822 719 1868 infrequens,
747 1827 790 1857 ut
810 1819 851 1856 L.
876 1818 986 1856 X111.
1012 1822 1081 1859 10
1128 1820 1244 1857 Aliud
1265 1827 1323 1856 est
1345 1820 1492 1872 κρίνειν

48 1872 123 1914 τὸν
143 1871 218 1915 πάλ
210 1891 342 1945 .εμον,
374 1879 496 1914 veluti
516 1876 558 1913 L.
577 1875 648 1915 Xl.
680 1878 749 1916 17.
781 1872 1015 1943 προστάξας
1038 1870 1287 1922 ἐξάπτεσθαι
1309 1878 1391 1915 τῶν
1418 1892 1493 1916 πο-

47 1930 199 1996 λεμίων
229 1931 298 1971 καὶ
328 1931 538 1988 ναυμαχία
573 1931 721 1983 κρίνειν
750 1928 822 1971 τὸν
852 1928 1004 1983 ἀγῶνα.
1050 1931 1102 1968 Et
1122 1931 1282 1970 L.X11.
1308 1933 1378 1972 74
1407 1935 1491 1971 τῶν

46 1981 260 2039 ἡγεμόνων
289 1989 360 2041 φιλ
351 2003 642 2039 »οτιμουμενων
665 1985 713 2026 δί
737 1983 895 2026 ἑαυτῶν
923 1992 1053 2039 κρῖιαι
1074 1984 1149 2039 τὴν
1166 1983 1315 2038 μάχην.
1344 1989 1493 2030 utrobi-

48 2054 122 2092 que
143 2045 245 2081 enim
262 2044 400 2092 finem,
429 2057 540 2094 quem
560 2057 708 2095 pugnae
729 2046 915 2092 inponere
937 2043 1184 2090 conabantur,
1202 2044 1360 2081 indicat.
1388 2044 1492 2082 ldem

48 2099 296 2138 confirmatur
328 2099 388 2138 his
419 2100 462 2138 L.
490 2100 595 2137 XVL
625 2102 701 2140 21.
744 2095 990 2149 βουλόμενοι
1020 2098 1228 2153 ναυμαχία
1257 2105 1394 2166 x9svanc
1418 2097 1491 2140 τὸν

47 2150 242 2206 πόλεμον.
280 2155 455 2205 Namque
477 2157 517 2194 id
533 2156 736 2194 studebant
755 2154 841 2192 Chii
860 2153 1074 2204 Rhodiique
1095 2161 1133 2191 et
1151 2168 1280 2192 eorum
1300 2157 1417 2202 socii,
1447 2163 1492 2193 ut

46 2213 180 2249 navali
197 2210 269 2249 hoc
300 2214 508 2250 certamine
536 2212 692 2250 tandem
721 2211 926 2262 aliquando
946 2211 1060 2248 finem
1083 2211 1182 2247 bello
1212 2210 1359 2248 Sociali
1387 2212 1492 2249 face-

47 2273 146 2306 rent.
185 2267 386 2306 Accedunt
410 2269 575 2318 Appiani
603 2270 721 2306 verba
750 2267 793 2304 L.
816 2266 883 2304 ΙΙΙ.
901 2265 944 2303 Β.
986 2265 1098 2304 Civil.
1128 2280 1165 2316 p.
1190 2268 1248 2306 92
1257 2280 1295 2305 ο.
1323 2264 1490 2317 ἤὶπιζον

47 2319 90 2360 ἒν
106 2322 220 2390 :effide
241 2326 299 2363 τῶ
319 2321 421 2379 ἔργῳ
440 2321 556 2394 μόνῳ
577 2322 650 2364 τὸν
679 2319 859 2374 πόλεμον
877 2327 1038 2373 κρινεῖν.
1067 2321 1118 2359 Et
1138 2280 1305 2360 Hannib.
1328 2336 1363 2372 Ρ.
1387 2324 1490 2363 559.

48 2376 117 2416 καὶ
136 2365 287 2426 αὐτους
306 2379 647 2433 παραπέμποντες
666 2375 771 2428 εξιοι
774 2394 859 2426 τας,
884 2377 1042 2417 ἐδέοντο
1067 2384 1199 2431 κρῖναι
1221 2376 1293 2418 τὸν
1313 2375 1391 2418 πό)
1396 2393 1492 2429 εμον

47 2428 172 2486 μάχῃ.
201 2441 281 2472 tum
300 2444 387 2484 post
405 2449 545 2487 pauca:
566 2431 836 2502 μνημονεύειν
859 2433 915 2473 ὡν
944 2429 975 2477 6
990 2434 1120 2485 δῆμος
1149 2433 1322 2481 ἐξιοῦσιν
1345 2434 1386 2473 32
1389 2433 1494 2474 mv.-

47 2490 154 2536 3ετο,
178 2505 245 2529 και
270 2496 403 2543 κρῖναι
432 2490 506 2544 τὴν
534 2488 669 2543 μάχην
699 2490 834 2538 ὄξεος.
876 2489 953 2526 Ubi
972 2493 1032 2527 vir
1063 2491 1326 2536 doctissimus,
1348 2493 1494 2538 minus,

47 2547 186 2593 inquit,
206 2549 378 2598 proprie
400 2553 533 2615 κρῖναι
560 2546 636 2600 τὴν
661 2544 799 2599 μάχνν
830 2548 940 2593 dicit,
971 2559 1045 2596 quo
1067 2548 1178 2584 modo
1203 2549 1303 2584 enim
1324 2549 1410 2596 quis
1434 2549 1495 2584 di-

47 2608 168 2639 catur
187 2607 326 2668 κρῖναι.
339 2600 415 2655 τὴν
433 2600 593 2656 μάχην,
627 2617 727 2655 quae
749 2604 915 2641 nondum
941 2605 1099 2653 incepta
1123 2602 1210 2640 est?
1260 2603 1365 2646 Quae
1386 2605 1494 2652 equi-

47 2657 134 2694 dem
153 2671 232 2696 non
253 2660 394 2708 scripta
416 2662 644 2698 maluissem.
685 2659 842 2696 Rectius
863 2660 981 2696 multo
1003 2660 1170 2696 instituit
1195 2658 1369 2695 Andreas
1386 2657 1494 2696 Dou-

44 2725 166 2752 naeus
186 2715 310 2752 Prael.
329 2715 379 2753 ad
397 2713 644 2755 Demosthen.
678 2716 787 2754 Orat.
813 2715 858 2752 de
879 2714 977 2752 Pace
1000 2728 1035 2764 p.
1064 2716 1168 2755 164.
1218 2714 1362 2762 Porro,
1392 2715 1494 2752 unde

46 2777 179 2808 auctor
196 2769 268 2808 hoc
296 2772 439 2811 bellum
458 2771 674 2812 Phocenses
696 2774 799 2811 iuter
820 2778 859 2809 et
879 2771 1089 2812 Locrenses
1109 2772 1383 2821 depromserit,
1416 2783 1495 2810 non

43 2826 239 2867 recordor.
276 2827 408 2866 wass.
547 2864 571 2869 ,,

102 2882 201 2922 Vor..
233 2883 260 2920 1.
1153 2887 1215 2927 40
