1828 3253
281 84 373 123 528
741 80 1254 123 ANNOTATIONES

279 195 472 245 antiquae
499 193 702 232 Graeciae
729 193 1027 243 distinguantur
1048 191 1098 232 ab
1127 194 1222 233 aliis
1243 194 1546 246 Megarensibus
1576 195 1724 238 Siculis

279 253 507 300 cognomine
530 249 879 289 NISAEORUM.
917 248 1169 298 'lineum-itus,
1197 253 1365 291 Νισαῖοι
1386 254 1482 305 Zl‘JIeJ
1485 268 1609 305 αρτες
1631 252 1723 306 ἀρι-

281 303 376 345 στεί
380 321 492 352 οιτες
513 304 716 359 ἐρέτμοις,
747 306 1061 356 1‹1y1.X11.27
1085 306 1385 354 Wsss.T02¹1;
1405 309 1608 356 Νἰσαιους
1629 314 1724 348 scri-

280 363 446 400 bendum
466 375 569 410 esse,
608 375 685 400 non
713 364 816 414 fugit
838 362 1042 411 Urs1num,
1083 376 1204 414 neque
1236 363 1487 416 Scaligerum.
1544 366 1651 403 IDEM
1682 369 1724 404 in

278 419 377 456 Add.

391 475 500 515 444.
533 476 606 515 16.
630 471 748 514 Ἐκεῖ
762 467 952 514 θανάτου
973 472 1282 528 καταγνωσθεὶς
1304 470 1590 529 ἐτελεύτησεν]
1620 476 1726 514 Rho-

281 531 494 569 domannus
522 538 712 577 verterat,
741 532 912 582 capitali
942 531 1086 569 iudicio
1117 534 1329 570 damnat-as
1352 534 1428 570 sibi
1456 536 1538 584 ipse
1561 541 1724 571 mortem

281 590 494 626 conscivit:
515 587 615 636 quod
628 589 764 624 merito
785 588 962 636 inprobat
975 587 1031 626 Cl.
1047 587 1325 638 Barbeyracius
1337 587 1482 626 Hister.
1499 589 1658 626 Foeder.
1681 590 1724 628 P.

280 644 310 681 l.
330 659 364 694 p.
387 646 476 690 96„
504 645 551 681 ab
572 646 654 691 ipso
675 644 881 691 interprete
904 642 1132 681 inAddend.
1156 647 1229 681 iam
1249 647 1340 682 olim
1361 652 1586 684 correctum.
1617 646 1725 684 Scri-

278 703 358 749 psit
376 700 567 737 Pindarus
592 699 666 737 Od.
689 698 760 735 XL
791 699 973 749 Pythion.
1006 699 1262 750 leasyclaw
1293 699 1500 749 Thebano,
1547 703 1614 751 qui
1645 702 1724 753 Py-

278 757 407 794 thiade
427 766 549 792 xxvn
573 762 610 792 et
630 763 771 791 xxxm
804 758 930 793 victor
948 754 1115 802 abierat3
1145 757 1212 793 sed
1245 759 1344 794 alius
1364 760 1397 794 is
1418 763 1498 805 est,
1528 761 1600 795 etsi
1620 758 1725 795 The-

277 814 421 859 banus,
449 826 469 849 e
490 824 563 861 quo
593 813 732 859 populo
753 810 910 848 Theron
933 815 1120 863 originem
1151 825 1256 849 suam
1276 810 1496 860 derivabat,
1526 817 1566 851 ni
1587 813 1725 852 fallant

278 869 412 906 Critici
427 869 474 905 ad
494 868 568 906 Od,
584 867 630 904 11.
651 866 888 917 Olympion.‚
902 874 940 904 et
951 866 1038 906 huic
1057 869 1230 916 pluribus
1243 871 1355 905 annis
1375 876 1577 918 superstes.
1592 870 1725 908 WEss.

389 925 496 964 444.
522 924 597 964 21.
635 923 741 973 Περὶ
770 921 846 975 τὴν
874 921 1180 975 ὀνομαζομένην
1210 923 1452 976 Κριμὲραν]
1506 924 1724 977 Κρεμέραν

275 984 419 1019 rectius
439 983 517 1018 alii.
547 979 648 1024 Quid
667 987 793 1017 autem
812 979 857 1016 de
879 977 951 1017 hoc
977 979 1074 1018 bello
1095 988 1133 1017 et
1149 991 1218 1016 ccc
1243 988 1280 1017 et
1300 988 1340 1016 Vl
1362 978 1491 1018 Fabiis
1511 979 1725 1031 Dionysius

276 1039 408 1086 Antiq.
428 1036 538 1073 Rom.
560 1036 603 1074 L.
626 1035 701 1076 IX,
726 1049 760 1084 p.
788 1036 890 1076 581.
922 1045 959 1073 et
980 1036 1024 1074 A.
1049 1037 1198 1074 Gellius
1230 1037 1342 1076 Noct.
1366 1037 1480 1074 Attio.
1503 1037 1628 1074 XVll.
1649 1041 1723 1079 21.

275 1094 528 1140 tradiderint,
554 1091 701 1129 nemini
720 1094 895 1144 ignotum
916 1100 984 1130 est.
1023 1090 1084 1130 Tu
1105 1094 1192 1132 vide
1213 1093 1286 1130 lac.
1311 1093 1488 1131 Perizon.
1519 1094 1723 1133 Animadv-

276 1151 380 1188 Hist.
401 1163 431 1186 c.
460 1150 498 1189 5.
529 1148 665 1188 Wssss.

388 1207 496 1246 444.
531 1206 606 1245 29.
654 1200 782 1244 Γάϊον
809 1200 1074 1256 Σερουΐλιον]
1123 1203 1261 1243 Verius
1291 1198 1496 1256 Σπόριον,
1518 1213 1562 1243 ut
1590 1205 1725 1245 Livius

275 1261 325 1300 ll.
350 1263 435 1309 51,
463 1273 538 1312 quo
567 1262 681 1299 modo
711 1268 749 1298 et
777 1263 978 1313 corrigunt
998 1263 1040 1298 in
1058 1261 1252 1312 Dionysio
1279 1261 1324 1301 L.
1348 1261 1421 1298 IX.
1452 1275 1488 1311 p.
1512 1263 1617 1304 583.
1647 1264 1726 1302 viri

276 1319 392 1356 docti.
418 1319 554 1356 WVESS.

389 1374 490 1414 Ibid.
526 1370 623 1412 'En>
653 1369 697 1413 δὲ
724 1366 883 1414 τούτων
910 1368 1088 1425 Ἠλεῖοι]
1131 1372 1250 1410 Deest
1269 1372 1510 1424 Olympiadis
1537 1376 1726 1422 recensio,

275 1444 380 1478 non,
408 1439 451 1469 ut
471 1437 585 1480 puto,
614 1431 662 1467 ab
684 1433 850 1467 auctoris
871 1433 1109 1482 negligentia
1146 1437 1212 1467 aut
1242 1431 1460 1477 oblivione,
1490 1431 1555 1467 sed
1575 1444 1598 1467 a
1623 1431 1723 1469 vitio

275 1488 432 1525 codicis.
469 1487 695 1523 Addendum
721 1489 860 1537 igitur:
888 1483 957 1525 Ὀ)
961 1484 1113 1537 υμπιὰς
1133 1485 1177 1525 δὲ
1203 1483 1327 1552 ἢχθη
1347 1458 1633 1538 ἕβὸοῖιηκοστὴ
1654 1487 1724 1525 καὶ

276 1539 457 1595 ἕβὸομη,
487 1540 583 1582 καθ
607 1558 657 1581 rt
681 1541 791 1581 ἕιίκα
816 1535 984 1582 στάδιον
1003 1539 1174 1593 Δάνδης
1195 1539 1238 1594 (ἢ
1259 1537 1424 1595 Δάτης)
1452 1541 1648 1594 Ἀργεῖος,
1674 1555 1724 1580 ex

274 1599 466 1650 Dionysio
486 1599 842 1636 HaliearnasseoL.
864 1598 936 1636 IX.
960 1611 994 1647 p.
1023 1600 1125 1638 594
1151 1598 1278 1635 ΡΑΙΜ.
1308 1599 1386 1636 lmo
1410 1612 1501 1637 vero
1524 1606 1608 1636 tuae
1629 1599 1723 1636 haec

275 1657 487 1703 oblivioni,
512 1658 684 1693 virorum
704 1658 858 1703 optime,
885 1656 1082 1692 debentur.
1109 1655 1320 1692 Diodorum
1340 1659 1493 1705 eiusque
1514 1669 1723 1692 amanuen-

276 1726 336 1749 ses
359 1714 527 1749 absolvit
557 1725 588 1748 c.
620 1713 690 1751 53.
717 1711 774 1748 De
796 1712 902 1748 Eleis
931 1710 1071 1748 Strabo
1104 1715 1209 1762 paria
1230 1712 1272 1748 L.
1293 1712 1393 1748 vlu.
1413 1726 1449 1761 p.
1476 1713 1581 1751 519.
1602 1711 1661 1758 A.,
1677 1711 1720 1750 ἐκ

274 1771 440 1808 πολλῶν
464 1764 606 1819 δήμων
634 1776 719 1818 post
741 1769 880 1805 bellum
899 1766 1094 1805 Persicum
1121 1771 1159 1805 in
1178 1780 1292 1804 unam
1312 1769 1444 1805 urbem
1463 1771 1599 1805 coiisse
1620 1769 1721 1804 refe-

272 1838 375 1862 rens.
408 1825 616 1862 Pausanias
636 1824 678 1862 L.
699 1823 743 1860 V.
767 1826 808 1863 4.
833 1838 868 1873 p.
890 1824 995 1865 382.
1023 1821 1166 1874 κώμας
1186 1825 1320 1861 iisdem
1343 1825 1499 1871 tribuit,
1533 1837 1553 1861 e
1580 1825 1719 1872 quibus

273 1895 388 1918 unam
409 1884 450 1918 in
472 1882 665 1918 civitatem
687 1882 911 1926 coaluerint,
937 1881 1056 1931 Oxyli
1079 1887 1216 1926 aetate,
1239 1880 1377 1928 diuque
1398 1880 1493 1918 adeo
1516 1887 1604 1917 ante
1627 1880 1719 1917 haec

273 1944 457 1986 tempora.
499 1935 641 1973 Confer
662 1936 913 1987 Sylburgium
939 1938 987 1974 ad
1008 1936 1169 1974 Pausan.
1192 1934 1234 1972 L.
1256 1937 1282 1973 1.
1311 1938 1348 1976 ].
1374 1937 1512 1975 lVEss.

387 1995 494 2033 444.
523 1994 597 2032 45.
632 1989 846 2043 Ἐδήλωσε
875 1990 950 2044 τὴν
971 1990 1078 2031 ἰδίαν
1107 1989 1301 2043 ἐπιβολὴν
1326 1991 1617 2044 Θεμιστοκλεῖ]
1658 1992 1716 2029 Ab

272 2049 343 2086 hac
373 2053 563 2098 scriptura
593 2060 670 2085 non
702 2049 877 2095 discedo,
909 2051 1061 2086 tametsi
1093 2050 1319 2096 scriptorum
1354 2048 1470 2085 Codd.
1496 2047 1718 2099 ἐπιβουλὴν

272 2107 436 2143 fortasse
458 2109 556 2152 sint,
587 2107 653 2153 qui
673 2118 751 2141 non
783 2106 999 2154 inprobent.
1033 2104 1141 2141 Nihil
1164 2107 1290 2141 notius
1311 2105 1443 2141 harum
1464 2118 1602 2141 vocum
1625 2118 1718 2141 con-

272 2166 507 2208 mutatione,
538 2162 646 2198 cuius
665 2163 837 2209 exempla
867 2161 958 2198 dare
987 2164 1027 2199 in
1049 2161 1306 2210 superioribus
1336 2163 1513 2206 memini,
1553 2169 1716 2209 suntque

271 2219 478 2255 manifesta
500 2219 537 2254 in
561 2216 761 2254 Aeschinis
780 2217 886 2254 Orat.
908 2219 953 2254 de
976 2217 1108 2268 Legat.
1122 2217 1221 2254 Fals.
1243 2229 1276 2265 p.
1290 2218 1365 2257 40.
1400 2223 1438 2253 et
1460 2216 1605 2265 loseph.
1626 2217 1716 2255 Ant.

276 2274 356 2310 lud.
385 2274 492 2310 xiv.
522 2275 592 2313 14.
626 2276 659 2313 l.
702 2273 908 2340 ³Singulare
937 2281 996 2311 est
1028 2277 1069 2311 in
1102 2273 1159 2310 his
1184 2273 1332 2309 irenaei
1362 2272 1402 2310 L.
1425 2273 1452 2309 l.
1476 2270 1516 2309 C.
1557 2272 1715 2311 Haeres.

274 2344 305 2366 c.
326 2332 369 2370 2.
403 2346 442 2381 α)
447 2333 552 2369 noos
559 2344 644 2375 ιτες
667 2326 831 2375 αἰτους,
861 2328 928 2368 διὰ
951 2328 1055 2382 τὴν
1046 2327 1175 2376 ssg‘mae
1180 2343 1200 2366 ν
1220 2331 1327 2380 τῆς
1319 2328 1566 2381 προβατειου
1589 2328 1715 2380 δορᾶς

274 2383 508 2436 &rafim-2151.
536 2386 564 2421 l
571 2389 660 2422 ertit
679 2392 787 2422 vetus
805 2386 1013 2437 interpres.
1032 2399 1096 2423 eos
1116 2387 1297 2422 nimirum
1322 2386 1365 2421 ob
1389 2393 1593 2422 externam
1615 2386 1714 2422 ovila

273 2444 335 2479 lae
350 2443 468 2493 pellis
495 2445 603 2491 integ
606 2447 800 2478 amentum
821 2441 1126 2493 haudquaquam
1148 2447 1418 2492 agnoscentes.
1445 2440 1646 2492 Legerat
1629 2456 1712 2479 επι-

271 2496 372 2547 βοὶ
355 2514 401 2549 ts?
413 2526 424 2544 ,
461 2500 653 2535 sententia
689 2511 766 2534 non
798 2500 924 2535 minus
963 2501 1081 2545 bona,
1129 2500 1177 2534 ἱιι
1170 2512 1225 2543 ο,
1262 2512 1321 2535 me
1360 2498 1506 2544 iudice,
1543 2499 1711 2534 meliore.

274 2554 349 2590 Sed
374 2555 444 2591 boc
464 2557 548 2592 leve
570 2561 627 2590 est
656 2566 726 2590 nec
752 2558 882 2604 magni
914 2556 1108 2592 momenti.
1153 2554 1192 2589 ld
1216 2554 1336 2601 addo,
1364 2567 1456 2591 vero
1478 2566 1554 2589 non
1586 2553 1711 2590 videri

272 2613 432 2657 similia,
462 2624 556 2660 quae
579 2609 641 2646 hic
662 2611 708 2646 ab
728 2618 881 2647 auctore
900 2610 1071 2648 Diodoro
1094 2610 1243 2659 prodita
1262 2613 1463 2647 memoriae
1485 2616 1586 2645 sunt.
1626 2607 1710 2644 Cri-

269 2679 355 2702 men
378 2670 478 2703 enim
496 2666 726 2714 proditionis
738 2665 991 2704 Themistocli
1009 2670 1201 2715 inpactum
1222 2680 1300 2703 non
1328 2668 1469 2716 legitur
1488 2666 1709 2713 priusquam

271 2722 416 2772 Argos,
444 2725 668 2761 ostracismo
690 2724 847 2760 civitate
867 2725 1025 2773 pulsus,
1054 2729 1304 2762 concesserat.
1341 2720 1466 2766 Quid?
1497 2722 1707 2759 Pausanias
