1828 3253
242 41 332 81 438
704 40 1217 80 ANNOTATIONES

245 159 415 199 mantes,
446 149 708 192 Hebraeorum
732 155 840 206 genti
868 163 1016 194 :3³:922
1043 155 1251 193 cananaei
1278 161 1368 192 sunt
1396 154 1514 204 dicti,
1544 162 1589 194 ut
1611 156 1695 196 Iobi

248 209 332 247 XL.
354 210 427 248 25.
448 215 558 257 atque
579 211 687 258 alias,
707 210 878 249 Luciano
899 211 1043 248 'l'oxar.
1071 226 1102 249 c.
1125 213 1167 251 4.
1188 207 1375 263 κάπηλοι.
1419 211 1478 248 De
1498 211 1697 261 Romanis,

247 279 408 315 quorum
429 277 477 300 ex
498 264 685 304 Sallustio
705 268 879 318 Iugurtb.
901 282 931 305 c.
956 270 1028 308 81.
1051 268 1265 320 profunda
1301 270 1484 306 avaritia
1511 272 1698 320 cognitis-

250 325 358 368 sima,
385 334 480 368 quae
502 331 788 372 consequuntur
809 325 993 361 notabilia
1015 332 1115 361 sunt.
1143 325 1276 361 NVEs-s.

363 378 468 417 361.
489 379 563 417 28.
599 377 685 417 Οὐκ
707 379 748 426 ἐξ
774 378 970 432 ἐπιπολῆς
991 376 1301 432 εὑρισκόμενος,
1333 375 1387 426 ὣς
1408 377 1449 418 ἓν
1471 385 1562 426 ταῖς
1584 378 1699 420 ἱστο-

253 431 360 485 ρίαις
383 431 474 484 etc.]
514 433 569 470 Ut
593 435 737 482 videas,
759 450 869 485 quam
890 440 931 473 in
950 437 1159 474 Posidonio
1182 436 1434 473 describendo
1458 450 1610 485 operam
1631 450 1700 486 po-

253 493 374 526 suerit
392 488 600 537 Diodorus,
627 505 714 528 ecce
735 494 807 528 tibi
828 492 1032 530 Strabonis
1052 494 1192 540 verba,
1211 490 1255 531 τὸ
1265 508 1282 531 ν
1304 492 1347 532 δὲ
1367 493 1604 545 καττίτερον
1626 491 1700 532 οὐκ

252 544 311 583 ἐπ’
336 544 531 597 ἐπιπολῆς
551 542 821 599 εὑρίσκεσθαί
837 563 962 602 φησιν
982 547 1254 601 (Posidonius)
1277 544 1333 595 (ὃς
1352 546 1448 594 τοὺς
1470 547 1702 602 ἱστορικοὺς

252 603 473 651 θρυλλεῖν,
515 600 600 640 ἀλλ’
636 600 901 656 ὀρύττεσθαι.
950 608 1177 658 γέννᾶσθαι
1207 604 1246 643 δ’
1283 604 1323 643 ἐν
1356 610 1442 651 τοῖς
1473 601 1574 658 ὑπὲρ
1605 602 1703 650 τοὺς

253 655 525 703 Λϊσιταιόὺς
551 656 782 711 βαρβάροις
815 660 882 699 καὶ
915 659 956 699 ἓν
984 666 1075 707 ταῖς
1095 660 1356 713 Καττιτερίσι
1380 657 1543 712 νήσοις,
1571 661 1613 698 L.
1635 660 1702 697 111.

257 725 294 761 p.
317 715 424 753 219.
454 713 630 752 Ovumne
660 723 786 763 potest
805 730 879 754 ovo
901 730 983 753 esse
1004 716 1195 754 similius?
1233 717 1482 754 Manifestum
1507 717 1542 754 id
1566 719 1703 754 merito

257 770 403 806 furtum
433 777 564 806 censet
593 771 640 808 Is.
674 771 831 809 Casaub.
845 801 857 819 ‚
908 776 997 821 quia
1020 775 1062 810 in
1083 780 1163 809 tota
1183 772 1253 809 hac
1273 774 1496 809 narratione
1517 786 1705 822 nusquam

257 825 509 862 Posidonium
529 826 722 865 Diodorus
743 829 928 866 laudavit.
969 828 1027 865 De
1052 831 1190 866 insulis
1212 828 1524 875 Cassiteridibus⁷
1547 842 1706 878 quartum

259 894 459 918 numerum
479 883 636 920 denario
663 885 826 922 includit
847 884 987 922 Strabo
1010 884 1074 922 111.
1095 898 1130 934 p.
1150 887 1271 932 265.‚
1291 887 1547 922 incertissima
1578 887 1707 922 onmia

260 950 343 973 esse
384 951 431 974 ex
465 936 684 990 Christoph.
715 939 881 979 Cellario
901 941 943 980 L.
966 942 1012 979 11.
1036 941 1083 978 G.
1106 941 1149 979 A.
1171 955 1202 978 c.
1228 944 1265 982 1.
1286 953 1320 989 p.
1351 943 1452 981 157.
1484 954 1707 992 cognosces.

261 992 395 1030 Wssss.

377 1051 482 1089 361.
515 1051 588 1091 37.
626 1048 713 1107 Ἐφ’
741 1052 882 1093 ἳππων
911 1049 992 1093 ὑπὸ
1025 1055 1109 1093 τῶν
1138 1050 1332 1107 ἐμπόρων
1363 1049 1502 1106 ἄγεται
1529 1049 1643 1107 παρά
1663 1068 1707 1093 τε

260 1102 359 1152 τοὺς
381 1107 551 1157 Mam]
582 1107 694 1146 Dixit
712 1109 825 1147 huius
846 1110 936 1148 libri
957 1124 988 1147 c.
1012 1112 1085 1150 22.
1111 1110 1246 1147 Wess.

375 1163 479 1203 361.
509 1165 585 1203 42.
620 1165 705 1204 Καὶ
737 1164 834 1212 τοὺς
864 1167 1031 1216 Κελτιβ.
1068 1164 1123 1205 ἔτι
1157 1163 1192 1204 δ’
1217 1163 1415 1217 Ἴβηρας]
1446 1165 1593 1203 Ultima
1613 1165 1709 1203 haec

263 1220 441 1267 scriptori
459 1223 633 1268 restitui,
658 1220 776 1259 Codd.
798 1224 1086 1273 imperantibus.
1127 1222 1349 1269 Gallorum,
1370 1221 1647 1259 Celtiberorum
1671 1229 1710 1259 et

262 1273 495 1313 Hiberorum
525 1289 589 1314 res
618 1290 650 1314 c.
680 1279 753 1318 32.
786 1280 859 1319 33.
891 1283 1096 1331 attigerat,
1146 1286 1190 1316 ut
1220 1281 1356 1316 merito
1385 1278 1477 1315 haec
1507 1279 1707 1330 adiungat.

261 1329 402 1367 Wssss.

378 1388 482 1427 361.
505 1387 580 1428 44.
610 1388 818 1441 Νὲμονται
832 1388 978 1446 χώραν
997 1394 1194 1444 τραχεῖαν
1213 1389 1280 1430 καὶ
1302 1391 1510 1437 παντελῶς
1529 1386 1712 1445 λυπράν]

264 1441 360 1480 Vide
391 1455 486 1491 quae
515 1445 561 1481 de
582 1445 767 1497 Ligurum
786 1450 868 1485 solo
887 1449 929 1486 L.
954 1448 1018 1485 1V.
1040 1450 1114 1487 20.
1135 1450 1370 1497 perscripsit.
1409 1447 1544 1484 XVESS.

377 1501 482 1540 361.
507 1502 579 1541 50.
607 1501 777 1552 Πέτρας
812 1502 1102 1556 λειοτομοῦσι]
1144 1504 1319 1541 Emenda
1347 1510 1391 1540 ut
1413 1504 1481 1541 fiat
1500 1504 1713 1554 λατομοῦ-

265 1566 304 1593 σι
317 1583 328 1601 ‚
351 1563 497 1606 petras
515 1559 711 1596 scindant.
740 1560 961 1598 Idiotismus
982 1561 1043 1597 hic
1065 1563 1215 1598 auctori
1234 1561 1448 1597 familiaris.
1467 1559 1601 1596 Rnon.
1622 1557 1712 1598 Πέ-

263 1625 366 1662 τρας
387 1614 642 1664 λατομοῦσι]
675 1615 884 1667 Vulgatum
905 1618 1007 1654 unde
1033 1616 1252 1666 Stephanus
1272 1618 1474 1665 acceperit,
1503 1629 1582 1654 non
1603 1616 1713 1653 ‹lixe-

265 1679 322 1703 ro.
356 1667 442 1705 Hoc
459 1671 571 1706 unice
593 1685 727 1708 verum
748 1680 786 1710 et
805 1676 886 1710 iure
908 1687 930 1711 a
948 1673 1227 1711 Rhodomanno
1247 1674 1449 1721 probatum
1471 1674 1614 1719 fuisse,
1641 1685 1713 1708 no-

265 1725 391 1761 vimus
412 1737 459 1761 ex
482 1724 687 1774 Strabone,
715 1732 781 1776 qui
801 1737 838 1766 et
854 1731 1024 1777 fontem,
1056 1730 1158 1767 unde
1179 1728 1373 1767 Diodorus
1399 1729 1582 1775 hauserit,
1610 1728 1714 1766 indi-

264 1787 326 1816 cat
344 1779 386 1816 L.
407 1781 452 1818 V.
473 1793 508 1830 p.
532 1783 638 1822 334.
652 1782 693 1821 C.
712 1784 874 1835 Ligures
891 1790 1085 1837 τραχεῖαν
1106 1788 1183 1838 γῆν
1204 1783 1400 1838 ἀροῦντες
1418 1784 1486 1825 καὶ
1507 1781 1714 1824 σκάπτον-

263 1850 352 1883 τες,
390 1839 552 1887 μᾶλλον
583 1838 627 1878 δὲ
656 1840 1158 1889 ΛΑΤΟῘΙῙΟΥΝΤΕΣ,
1200 1838 1256 1888 ὥς
1288 1855 1391 1893 φησι
1421 1837 1715 1887 Ποσειδώνιος.

266 1891 410 1929 lterum
433 1907 525 1945 ergo
545 1894 747 1934 Posidonii
768 1899 896 1935 verbis
917 1911 985 1946 pro
1006 1902 1085 1935 suis
1105 1899 1240 1937 utitur.
1282 1897 1416 1935 VVESS.

378 1951 484 1989 361.
509 1952 580 1990 53.
614 1953 678 2005 Τῇ
708 1953 893 2009 συνεχείᾳ
923 1953 1220 2005 περιγίνονται]
1264 1953 1479 1991 Obsecutus
1500 1967 1584 1990 sum
1603 1954 1713 1990 libris

265 2015 378 2041 manu
403 2009 596 2054 exaratis,
633 2021 656 2045 a
676 2010 813 2056 quibus
833 2013 866 2047 si
886 2010 1082 2047 discedere
1106 2012 1311 2046 consilium
1329 2011 1488 2056 fuisset,
1533 2009 1632 2046 nihil
1652 2011 1723 2047 in-,

264 2071 490 2109 novassem,
520 2076 606 2100 cum
635 2064 926 2116 Adsuetamque
956 2068 1059 2103 malo
1082 2067 1268 2115 Ligurem
1300 2072 1337 2102 ct
1359 2074 1470 2115 poeta
1493 2069 1644 2103 vocarit
1664 2065 1712 2101 11.

266 2114 408 2166 Georg.
427 2132 464 2156 v.
494 2120 597 2159 168.
633 2119 826 2172 Συνέχεια
849 2123 1032 2174 Ligurum
1053 2126 1231 2172 pertinax
1250 2125 1290 2159 in
1313 2135 1425 2170 opere
1449 2122 1618 2158 studium
1649 2122 1715 2157 de-

264 2172 397 2219 clarat,
424 2183 467 2211 ut
484 2175 692 2214 eorundem
715 2176 886 2230 συνεχὴς
905 2178 1128 2231 γυμνασία,
1149 2186 1188 2215 et
1205 2175 1252 2217 τι)
1277 2181 1456 2228 συνεχῶς
1475 2183 1612 2217 πονεῖν
1632 2178 1714 2215 Lib.

264 2226 330 2263 IV-
352 2231 426 2267 20.
458 2237 497 2267 et
515 2244 604 2267 mox
624 2227 649 2283 ἦ
673 2231 859 2284 συνέχεια
879 2237 963 2274 τῶν
981 2236 1234 2286 γυμνασιῶν.
1273 2234 1408 2271 Wess.

381 2286 486 2325 361.
518 2288 591 2326 60.
633 2288 783 2328 Πολλὰ
815 2292 899 2329 τῶν
930 2290 1093 2344 θηρίων
1120 2286 1422 2342 θηρευόμξνοι]
1456 2289 1612 2327 Rectius
1629 2304 1712 2340 χει·

264 2336 477 2391 ρούμενοι,
498 2344 768 2393 plurimarum
798 2347 1027 2384 subactione
1044 2346 1253 2393 ferarum.
1283 2346 1419 2383 RHOD.
1450 2343 1600 2385 Πολλὰ
1631 2347 1714 2384 τῶν

263 2395 427 2447 θηρίων
456 2395 744 2453 χειρούμενοι]
784 2401 851 2439 Sic
884 2405 1077 2451 oportuit,
1109 2409 1151 2439 ut
1170 2404 1302 2450 pulcre
1321 2402 1622 2440 Rhodomannus
1643 2402 1714 2439 ad·-

264 2456 394 2489 vertit.
422 2452 596 2490 Firmant
617 2464 766 2504 praeter

425 2504 666 2561 Ἑκηβόλοις
695 2509 874 2560 τόξοισιν
889 2509 1143 2566 Ἀταλάντην
1167 2510 1324 2569 κάπρον

468 2565 718 2619 ἐιρουμένην
739 2566 946 2609 Αἰτωλόν·

266 2619 306 2655 ἰη
327 2618 525 2670 Euripidis
546 2622 724 2662 Phoenis.
745 2639 782 2663 v.
806 2628 825 2667 1
839 2627 939 2667 115.
961 2633 999 2665 et
1019 2639 1085 2674 ea,
1115 2638 1212 2676 quae
1233 2626 1428 2675 adscripta
1448 2639 1528 2676 cap.
1553 2626 1628 2665 29.
1653 2626 1711 2662 vi-

264 2674 382 2712 debis.
423 2678 556 2718 WVESS.
