1828 3253
399 203 463 243 IN
491 201 601 243 LIB.
626 201 765 243 XIII.
794 200 920 241 CAP.
948 202 1176 245 78.-81.
1426 200 1516 241 687

76 319 270 357 sententia
297 318 390 365 erit,
419 323 569 367 praeter
594 318 767 355 triremes
785 313 921 354 'tutam
948 314 1226 366 quinquaginta
1246 312 1409 351 navibus
1439 319 1520 348 sta-

79 379 223 413 tionem
251 375 441 424 praebere.
479 372 537 410 De
567 380 729 423 angusto
749 374 870 419 freto,
898 373 979 409 sive
999 371 1164 420 Euripo.
1190 382 1264 419 quo
1286 377 1396 407 vetus
1426 368 1519 405 urbs

81 433 127 469 ab
149 432 276 469 insula
296 431 463 478 dissepta
481 434 584 476 erat,
610 428 829 478 Xenophon
859 427 1009 465 Hellen.
1030 427 1058 464 Ι.
1079 441 1114 476 p.
1137 428 1241 466 347.
1271 425 1406 463 IVEss.

190 488 295 527 605.
335 487 405 526 56.
444 482 564 550 Πρὸς
592 482 732 531 αὐτοῖς
761 489 847 530 τοῖς
879 486 1053 534 θερμοῖς
1079 479 1202 521 υὸασι
1233 478 1374 527 πό7.,ιν
1403 476 1520 530 ὄνομ.

84 540 259 594 Θέρμα]
293 538 436 593 Θερμὰ
451 535 656 593 Ιμεραῖα,
681 541 726 577 de
747 542 883 590 quibus
901 540 949 577 ad
975 540 1016 578 L.
1041 537 1105 575 lV.
1126 539 1199 578 23.
1228 538 1325 574 Nam
1346 537 1404 573 Ιιί5
1425 538 1521 573 cali·-

83 598 142 635 dis
167 601 273 647 aquis
303 597 553 634 Thermarum
586 598 763 646 oppidum
793 598 870 633 fuit
899 597 1152 639 adsumtum,
1191 593 1520 643 commigrantibus

83 657 126 691 in
144 655 239 692 illud
258 660 407 703 praeter
427 653 574 690 Poenos
594 660 705 701 atque
727 653 862 699 Afros,
891 665 1048 700 quorum
1070 657 1201 687 auctor
1223 651 1418 695 meminit,
1446 647 1520 684 Hi-

82 710 330 748 metensibus.
359 708 492 746 Cicero
514 708 555 747 L.
580 709 625 745 ll.
645 710 792 746 Verrin.
814 722 844 745 c.
871 709 942 747 35.
972 707 1139 744 Himera
1163 707 1314 751 deleta,
1345 717 1439 755 qnos
1462 705 1521 740 ci-

83 779 151 803 ves
174 766 267 802 belli
294 765 506 802 calamitas
529 765 702 816 reliquos
720 765 910 812 fecerat,
940 766 971 800 zi
988 777 1027 800 se
1051 763 1230 800 'inermis
1259 762 1521 806 collocat-‚unt

85 823 126 859 in
147 823 317 859 eiusdem
339 824 434 871 agri
452 821 623 869 finibus,
652 835 775 872 neque
799 822 911 869 longe
942 820 990 856 ab
1014 821 1152 871 oppido
1186 821 1359 868 antiquo.
1384 817 1431 853 w
1439 827 1519 852 ass.

196 879 301 918 605
327 880 400 917 61·
434 878 583 923 Γιαΐος
604 874 842 929 Πομπήϊος]
878 877 921 913 1η
941 875 1065 912 Fastis
1085 883 1142 911 cst
1160 875 1274 923 Κορι
1270 870 1397 925 )Ι’·λς.ιο
1431 872 1520 908 ldeo

84 934 127 971 in
147 940 369 971 contextum
394 934 723 981 interpretationis
751 936 887 982 recepi.
928 931 1054 969 Facile
1074 938 1198 968 autem
1219 930 1280 966 hic
1304 942 1428 965 errare
1450 940 1522 975 po·-

85 992 160 1027 tuit
180 990 375 1027 librarius.
398 988 533 1025 RHoD.
563 989 743 1026 Errorem
764 990 862 1026 vidit
874 987 1030 1038 Pighius
1048 988 1096 1023 ad
1117 1000 1205 1023 ann.
1227 996 1422 1031 παίων..
1445 991 1522 1020 est-

87 1058 160 1094 que
176 1047 419 1083 manifestus:
444 1046 604 1082 necdum
629 1048 730 1083 enim
745 1046 898 1094 plebeii,
925 1046 1053 1092 quales
1075 1043 1273 1092 Pompeios
1291 1043 1409 1078 fuisse
1429 1053 1522 1076 con-

85 1109 173 1149 stat,
199 1102 246 1138 ad
264 1103 504 1139 consulatum
523 1102 832 1139 admittebantur.
864 1101 958 1138 vide
977 1100 1125 1137 Livium
1147 1099 1189 1137 L.
1213 1098 1277 1136 lV.
1297 1099 1365 1137 54.
1383 1097 1523 1133 wass.

197 1159 302 1198 605.
333 1160 404 1200 70-
433 1155 646 1209 ’Ῑμίλκωιά
666 1154 976 1206 τόνῖ4ννωνος]
1011 1155 1174 1192 Inferius
1195 1154 1307 1191 modo
1324 1151 1524 1204 Ἰμίλκων,

85 1213 200 1252 modo
229 1211 429 1265 Ἰμίλκας,
468 1221 506 1250 et
537 1216 690 1262 scriptis
718 1217 756 1251 in
788 1212 905 1250 Codd.
946 1210 1175 1262 Ἀμι’7.κας,
1223 1212 1524 1255 amanuensium,

87 1269 226 1317 credo,
254 1276 421 1318 peccato.
461 1269 616 1306 Mallem
638 1267 849 1321 Ἀμίλκαν
878 1271 1083 1319 elegissent
1109 1268 1267 1317 ubique,
1298 1266 1397 1314 quod
1428 1277 1524 1314 quo-

85 1328 159 1362 ties
184 1323 370 1376 Ἰμίλκας
397 1332 593 1373 occurret,
619 1327 727 1363 libris
755 1326 1042 1376 praeeuntibus,
1072 1324 1269 1375 refingam.
1318 1322 1412 1359 Vide
1442 1327 1523 1358 not.

87 1383 131 1419 in
151 1380 193 1418 L.
211 1381 286 1420 XI.
309 1383 382 1421 20.
410 1382 546 1419 Wssss.

201 1438 305 1478 605.
336 1439 407 1478 74.
450 1437 522 1484 Εἲς
541 1433 614 1483 τὰς
634 1436 913 1490 Βαλλιαρίδας
933 1432 1107 1489 νήσους]
1136 1434 1202 1472 Sic
1220 1435 1347 1472 voluit
1367 1432 1526 1470 Coislin.

87 1496 351 1532 amanuensis:
401 1507 514 1544 quam
541 1494 769 1542 scripturam
799 1507 867 1532 cur
895 1500 1089 1544 praestare
1119 1491 1331 1529 censuerim
1376 1490 1529 1528 videbis

90 1551 205 1588 exL.
230 1549 276 1587 V.
302 1552 371 1590 17.
398 1551 532 1587 WEss.

205 1608 309 1646 606.
339 1607 409 1647 84.
442 1603 526 1646 Δια
547 1602 592 1644 τὸ
617 1601 929 1660 προσκεκῦφθαι
949 1620 1047 1651 τους
1068 1599 1408 1656 Kaoxvjdou'wg]
1448 1600 1530 1638 Ha-

91 1663 334 1712 beb1s1psam
355 1661 516 1700 Diodori
535 1675 700 1708 manum,
727 1665 760 1700 si
778 1677 1010 1715 προσκεκοᾳ
1017 1660 1057 1700 ἐι
1061 1677 1099 1699 αι
1121 1666 1207 1705 τοῖς
1227 1658 1530 1710 Καρχηδῧοιιοις

89 1719 304 1756 refinxeris.
342 1719 455 1756 Prius
478 1719 641 1768 optimae
660 1718 749 1755 fidei
777 1719 1014 1755 membranae
1047 1716 1233 1762 offerunt,
1259 1717 1419 1751 alterum
1444 1727 1530 1762 per-

91 1782 204 1825 petua
223 1787 341 1823 paene
365 1776 561 1823 scriptoris
589 1775 836 1811 consuetudo
875 1774 1046 1822 Namque
1076 1780 1113 1809 et
1134 1771 1176 1809 L.
1196 1770 1303 1808 XIV.
1334 1772 1404 1810 10.
1438 1774 1529 1815 ταῖς

92 1845 185 1896 9⁶⁴9
190 1829 484 1882 δημοκρατίαις
505 1826 832 1882 προσκόπτοντες
862 1827 900 1869 οἳ
923 1824 1263 1879 Λακεὸαιιιοιιοι.
1295 1826 1357 1865 Et.
1380 1825 1422 1863 L.
1442 1825 1530 1862 XV.

95 1890 136 1927 6.
168 1881 188 1926 ὃ
211 1885 286 1937 μὲν
317 1883 517 1939 τέ’ραινος
536 1883 782 1938 προσκόψας
810 1891 896 1932 τοῖς
916 1883 1020 1939 ῥηθε
1025 1890 1091 1923 ἴσι.
1131 1883 1231 1920 Tum
1252 1882 1292 1919 L.
1311 1882 1384 1919 XV
1389 1881 1434 1919 11.
1458 1882 1531 1920 30.

92 1942 277 1993 ἐποίησεν
301 1941 364 1981 ἐπὶ
393 1944 528 1981 πλεΐον
550 1939 788 2008 προσκόψαι
815 1939 887 1981 τὸν
914 1939 1088 1992 βασιλέα
1107 1945 1193 1985 τοῖς
1221 1934 1367 1990 λόΙοις.
1410 1938 1530 1974 Porro

91 1999 135 2036 L.
166 1997 280 2036 XIX.
313 2000 384 2038 70.
414 2013 531 2049 ευρον
560 1994 824 2047 Ἀκρὸτατον
849 2019 896 2026 -
920 1992 1265 2061 προσκεκοφότα
1255 1996 1420 2039 πολλοῖς
1449 2007 1532 2031 των

94 2053 207 2094 νέων.
252 2054 303 2091 Et
322 2068 402 2104 cap.
432 2057 503 2094 71.
543 2054 589 2090 de
620 2055 750 2091 eodem
784 2052 1016 2107 προσέκοψε
1046 2057 1132 2098 τοῖς
1157 2053 1211 2089 717
1218 2047 1347 2102 ιΙὰεσι
1391 2049 1534 2086 Firmat

94 2119 132 2148 et
153 2102 285 2161 Polyb.
303 2109 345 2147 L.
368 2110 412 2147 V.
427 2113 468 2150 7.
497 2109 564 2148 καὶ
587 2106 860 2161 προσκόπτωι
882 2107 960 2161 ήὸη
990 2112 1077 2154 τοῖς
1106 2123 1152 2145 πε
1138 2122 1195 2158 91
1223 2104 1294 2145 τὸν
1314 2106 1382 2144 Ae
1386 2101 1531 2144 όιτιον·

96 2179 206 2216 quem
228 2167 315 2204 vide
335 2167 503 2203 eiusdem
524 2166 565 2204 L.
588 2179 668 2215 cap.
695 2168 766 2209 50.
798 2173 834 2202 et
854 2166 896 2204 L.
918 2165 980 2202 Vl.
1000 2165 1042 2204 4.
1070 2164 1334 2212 adscriptaque
1361 2164 1532 2210 superius

99 2223 140 2260 L.
161 2223 188 2260 1.
211 2225 283 2262 71.
326 2222 504 2259 Offensos
533 2229 658 2260 autem
689 2221 900 2271 Campanos
929 2222 1047 2257 fuisse
1080 2218 1458 2269 Carthaginiensibus
1497 2222 1535 2252 et

98 2285 295 2330 propterea
306 2292 347 2315 in
358 2277 576 2316 Siculorum
596 2286 720 2328 partes
740 2280 947 2316 inclinasse
962 2277 1062 2314 dixit
1081 2283 1192 2312 antea
1214 2288 1292 2324 cap.
1308 2276 1381 2314 62.
1402 2273 1533 2309 WEss.

214 2336 319 2375 606.
353 2336 424 2374 89.
578 2331 737 2374 δώδεκα
755 2330 996 2385 μυριάδων]
1029 2331 1188 2370 'limaeo
1214 2331 1430 2367 adsentitur
1451 2328 1533 2364 Xe-

98 2390 265 2440 nophon.
293 2389 444 2428 Hellen.
466 2337 624 2439 [Ἤρ.
650 2390 754 2430 345.
747 2417 771 2437 .,
797 2390 863 2426 sed
894 2388 1174 2437 expeditionem
1205 2387 1385 2435 urbisque
1415 2384 1534 2435 Agri-

99 2448 207 2498 genti
225 2448 544 2497 expugnationem
574 2449 615 2484 in
635 2448 866 2496 superiorem
885 2458 1028 2482 annum
1057 2444 1280 2481 conferens:
1305 2443 1405 2478 forte
1436 2415 1535 2490 qouod

99 2503 188 2564 huic
213 2515 252 2539 se
271 2503 371 2539 bello
392 2510 470 2540 tum
491 2503 611 2540 Poeni
633 2509 871 2552 paraverant.
901 2501 1038 2538 VVEss.

184 2559 314 2598 606.
343 2558 381 2596 5.
416 2558 731 2610 Διαβοηθείσης
754 2556 797 2596 δὲ
815 2560 889 2609 τῆς
902 2554 1067 2606 Αννίβα
1085 2550 1314 2606 βοηθείας]
1347 2552 1536 2600 Interpres

101 2615 309 2652 ohscurius.
342 2611 478 2663 Copias
497 2617 704 2652 auxiliares
726 2621 858 2651 auctor
879 2615 1016 2658 innuit,
1045 2612 1182 2660 quibus
1202 2609 1416 2653 Hannibal,
1440 2606 1535 2644 Poe-

101 2673 163 2708 nis
192 2677 239 2708 .ut
268 2677 527 2718 succurreret,
554 2669 784 2722 Carthagine
812 2675 1091 2720 properaverat.
1140 2666 1276 2703 Dicam
1306 2665 1468 2700 inferius
1494 2661 1534 2699 L.

102 2725 211 2766 XIV.
231 2726 305 2766 48.
336 2725 470 2763 Wrss.

215 2783 322 2822 606.
355 2783 426 2821 12
465 2777 737 2822 Ἐπὲστελλον
763 2778 807 2820 δὲ
826 2779 893 2820 καὶ
916 2775 1018 2833 πρὸς
1037 2774 1112 2825 τὰς
1132 2784 1201 2815 etc
1213 2779 1229 2823 ]
1256 2775 1330 2812 Pro
1351 2771 1531 2812 {ngard-

101 2838 174 2877 λον
194 2849 336 2888 repone
355 2834 612 2878 ἀπέστελλον.
643 2838 695 2876 Et
715 2844 802 2888 post
821 2833 957 2883 πόλεις
985 2837 1100 2873 reiice
1120 2829 1235 2887 πρός.
1264 2830 1399 2868 Rnon.
1440 2829 1469 2865 V
1475 2841 1536 2864 er
