1828 3253
479 223 542 264 1N
571 223 683 263 12113.
710 223 792 264 xl.
820 223 948 265 cAP.
977 226 1053 268 40.
1079 195 1226 268 ...⁸44
1451 229 1566 269 ⁴521

129 336 202 375 hoc
222 344 371 387 tempus
399 337 529 377 valida
551 350 634 375 cum
665 338 786 375 classe
806 335 974 389 Cyprum
991 340 1123 390 petiit,
1147 338 1284 377 Persas
1311 339 1400 378 inde
1429 341 1574 378 eiectu-

129 406 217 441 rus,
250 393 498 444 Thucydides
523 392 551 430 1.
573 395 647 435 94.
677 393 808 433 Wnss.

240 451 348 491 436.
381 451 452 491 58.
497 445 545 489 ‘0
564 449 696 502 δῆμος
723 449 849 489 εἵλετο
881 445 955 490 δύο
976 446 1131 500 ἄνδρας
1157 446 1437 503 Ἀριστείδην]
1479 450 1573 489 Cum

130 503 411 543 Themistocles
445 506 642 557 augendae
668 506 959 545 Atheniensium
990 510 1185 555 potentiae
1225 508 1415 544 rationem
1446 511 1573 546 animo

129 564 305 612 agitaret,
334 574 409 611 quo
428 565 617 600 sociorum
640 565 813 610 classem,
841 575 936 611 quae
960 563 1007 599 ad
1023 562 1192 612 Pagasas
1212 564 1252 599 in
1278 563 1457 601 anchoris
1478 572 1573 612 erat,

128 619 308 656 incendio
327 626 606 666 corrumperet,
633 626 671 655 et
690 632 758 667 pro
787 622 972 657 concione
995 617 1132 657 habere
1154 631 1194 655 se
1215 618 1378 656 dixisset
1396 633 1475 657 rem
1508 632 1573 668 pa·-

129 677 226 713 triae
246 675 403 721 utilem,
431 675 496 711 sed
524 676 566 711 in
599 676 738 726 vulgus
766 688 843 712 non
866 675 1160 722 eliminandam,
1189 674 1293 712 dedit
1323 677 1379 713 illi
1411 678 1572 725 populus

129 730 357 778 Aristidem,
392 733 543 778 quicum
575 744 656 769 eam
687 733 992 778 conmunicaret‚
1029 731 1129 782 apud
1158 730 1352 768 Plutarch.
1384 731 1572 769 Themist.

130 797 165 835 p.
191 788 292 826 122.
311 786 357 823 A.
384 785 488 824 Hinc
510 794 662 837 sumpta
683 787 838 826 videtur
860 800 954 825 ansa
973 787 1227 825 exstruendae
1249 786 1362 825 huius
1382 791 1574 826 narratio-

128 843 214 888 nis,
248 844 356 880 cqus
385 843 485 892 apud
517 844 636 890 alios,
676 843 775 895 quod
808 844 959 894 quidem
992 845 1133 891 sciam,
1171 845 1317 884 mentio
1341 845 1459 882 nulla.
1511 844 1574 883 Ex

129 895 357 948 Thucydide
378 907 480 937 certe
499 901 575 937 alia
593 903 720 937 omnia
741 901 913 951 colligas.
938 899 1071 938 WVESS.

238 955 346 995 437.
365 957 438 996 87
457 953 1339 1007 Ιιαταστρατη,ἧσαιτοΐςΛακεὸαιμονιόις]
1361 954 1462 1007 Lege
1477 952 1576 1002 τοὺς

126 1009 517 1062 Λακεδαιμονίους,
554 1019 597 1051 ut
626 1014 796 1061 loquitur
823 1026 907 1049 cum
936 1012 1052 1059 alibi,
1082 1018 1162 1049 tum
1191 1023 1228 1060 p
1251 1012 1358 1051 273.
1389 1010 1444 1065 (c.
1478 1009 1573 1063 61)

128 1069 518 1121 καταστραττῃῆσαι
537 1065 634 1114 τοὺς
651 1063 905 1120 βαρβάρους.
928 1067 1081 1106 STEPH.
1101 1065 1287 1106 etRHon.
1322 1068 1575 1119 Καταστρα-

127 1124 304 1174 τηγῆσαι.
333 1121 431 1173 τοὺς
461 1123 853 1177 Λακεδῗαιμοιιους]
897 1123 964 1162 Sic
990 1124 1153 1173 refinxi,
1189 1124 1393 1161 obsecutus
1431 1124 1575 1162 iudicio

127 1180 298 1216 virorum
321 1183 619 1229 praestantium,
652 1188 690 1218 et
711 1189 914 1233 perpetuae
943 1179 1105 1218 Diodori
1127 1180 1409 1219 consuetudini.
1451 1179 1576 1230 Supe-

127 1245 209 1272 rius
231 1248 263 1273 θ
284 1237 358 1277 21
390 1233 519 1282 εὐθὺς
546 1233 672 1287 ἐζήτει
704 1234 751 1276 δι’
786 1235 834 1275 οὑ
862 1232 1020 1302 τρόπου
1051 1232 1450 1303 καταστρατηγήσας
1478 1250 1576 1283 τους

126 1287 382 1358 βαρβάρους
415 1291 521 1328 EtL.
542 1292 632 1331 XV.
654 1295 723 1333 16.
751 1289 789 1331 οἱ
811 1287 1090 1344 Καρχηδόνιοι
1114 1312 1162 1321 --·
1184 1288 1576 1360 κατεστρατήγησαν

127 1342 201 1385 τὸν
220 1343 456 1387 Διονυσιον.
484 1348 587 1388 [dem
604 1348 790 1416 Polybius
811 1355 937 1386 ratum
959 1349 1071 1387 habet
1089 1347 1131 1385 L.
1146 1347 1173 1385 Ι.
1196 1349 1269 1388 71.
1300 1347 1332 1400 ⁴²2
1337 1347 1449 1388 ‘'rnew
1471 1345 1576 1400 πρὸς

125 1398 172 1440 τὸ
198 1409 549 1457 καταστρατηγεῖν
579 1402 675 1451 τοὺς
702 1400 980 1450 υπεναντιἫους
1030 1403 1081 1441 Et
1103 1403 1318 1454 Dionysius
1341 1403 1429 1441 A.nt
1462 1403 1575 1443 Rom.

128 1455 194 1497 ΙΙΙ.
217 1471 252 1507 p.
280 1461 381 1500 166.
413 1460 480 1498 καὶ
503 1458 551 1501 ὃν
571 1457 725 1516 τρόπον
747 1457 874 1507 αὐτὸς
893 1455 1177 1515 κατεστρατή)
1180 1474 1251 1515 ησε
1270 1456 1369 1508 τούς
1388 1474 1431 1500 τε
1453 1461 1577 1500 πολε·-

127 1513 249 1565 μιόυς
269 1522 339 1555 etc.
368 1515 502 1555 VVESS.

237 1572 344 1612 437
373 1573 446 1612 99.
475 1568 740 1625 Παραδοξως
764 1573 1158 1623 κατασκευασθῆναι
1179 1568 1253 1614 τὸν
1273 1569 1447 1625 λιμένα]
1477 1572 1509 1609 V
1513 1572 1575 1610 ide

128 1624 366 1669 10.Meursii
388 1628 586 1669 Piraeeum
615 1643 647 1670 c.
666 1632 709 1671 2.
743 1636 782 1666 et
803 1630 843 1670 3
877 1636 915 1668 et
935 1628 983 1668 ls.
1004 1629 1183 1669 vossium
1202 1628 1251 1667 ad
1270 1627 1426 1681 Scylac.
1448 1640 1485 1678 p.
1500 1630 1576 1670 47

128 1681 265 1721 WEss.

241 1740 348 1780 437.
384 1741 426 1780 2.
476 1739 560 1780 Και
588 1737 687 1787 τοὺς
722 1738 937 1792 μετοίκους
972 1739 1041 1781 καὶ
1078 1754 1176 1786 τους
1206 1738 1393 1791 τεχνίτας
1425 1737 1579 1786 ἀτελεῖς

129 1795 323 1848 ποιῆσαι]
362 1796 526 1836 Athenis
553 1795 756 1847 μέτοικοι,
785 1809 879 1846 quos
901 1798 1020 1847 vulgo
1050 1798 1286 1847 inquilinos,
1315 1797 1389 1834 etsi
1409 1810 1488 1834 non
1519 1803 1579 1834 sat

129 1852 327 1899 conmode,
355 1859 527 1900 vertunt,
554 1855 759 1903 quotannis
780 1864 841 1890 xn
864 1852 1063 1891 drachmas
1082 1852 1289 1904 μετοικίου
1309 1855 1466 1891 nomine
1484 1866 1579 1902 pen-

130 1907 292 1946 debant:
332 1907 404 1947 hoc
433 1922 498 1946 eos
527 1922 642 1949 onere
671 1923 740 1948 sua
772 1916 894 1947 aetate
923 1908 1202 1948 'Ihemistocles
1232 1909 1411 1948 inmunes
1439 1911 1579 1956 voluit,

128 1970 245 2012 utque
266 1966 306 2003 in
327 1972 518 2014 posterum
540 1965 674 2007 icore)
666 1971 733 2013 εἴς
752 1972 893 2003 essent.
917 1962 1119 2016 Ἰσοτελὴς
1141 1967 1244 2004 enim
1263 1960 1283 2004 ὃ
1307 1962 1352 2005 τὸ
1373 1964 1579 2032 μετοίκιον

129 2018 187 2072 μὴ
213 2021 362 2068 τελῶν,
389 2017 524 2062 πάντα
546 2019 623 2060 δὲ
611 2021 713 2072 ἔχων
743 2019 795 2061 τὰ
816 2018 923 2060 αυτοὶ
941 2026 1026 2067 τοῖς
1046 2020 1252 2069 πολίταις,
1282 2018 1393 2072 πλὴν
1407 2023 1481 2060 τοῦ
1503 2018 1580 2073 ἄρ-

127 2089 228 2126 χειν,
257 2077 395 2126 quibus
415 2078 610 2116 Ammonii
629 2078 757 2117 verbis
777 2077 946 2116 Petitum
976 2077 1073 2115 adde
1095 2075 1307 2116 comment.
1333 2080 1374 2116 in
1393 2077 1483 2129 Leg.
1502 2077 1581 2115 Att.

131 2131 175 2169 L.
194 2131 243 2171 ΙΙ.
263 2131 344 2172 Tit.
368 2135 407 2174 5.
430 2133 646 2173 Prudenter
664 2141 808 2173 autem.
830 2145 994 2182 namque
1015 2146 1108 2182 opus
1128 2133 1279 2172 Atticae
1300 2134 1454 2173 civitati
1473 2147 1581 2184 prae-

133 2189 258 2227 sentia
287 2197 371 2228 erat
397 2205 481 2231 των
508 2189 710 2241 μετοίκων
740 2197 779 2228 et
809 2191 855 2229 ob
887 2192 1027 2229 artium
1053 2191 1247 2228 variarum
1277 2189 1406 2227 studia
1435 2197 1473 2227 et
1499 2204 1582 2227 rem

131 2248 337 2284 nauticam.
367 2242 552 2288 Δεῖταιζ
531 2262 556 2298 η
580 2242 698 2293 πόλις
715 2245 938 2298 μετοίκων,
969 2241 1035 2285 dui
1064 2259 1107 2285 τε
1137 2243 1184 2285 τὸ
1212 2247 1376 2297 πλῆθος
1402 2248 1486 2285 τῶν
1514 2261 1582 2286 τε-

129 2303 244 2350 χνῶν
269 2317 336 2342 και
365 2299 434 2343 διὰ
453 2299 499 2345 τὸ
522 2299 714 2344 ναυτικόν
739 2302 959 2354 Xenophon
984 2302 1031 2342 de
1049 2301 1273 2341 Atheniens.
1302 2300 1395 2354 Rep
1416 2315 1452 2354 p.
1476 2303 1580 2345 548.

133 2355 272 2395 Wuss.

250 2413 358 2456 437
399 2416 472 2457 ll.
520 2409 791 2466 Πεντήκοντα
823 2412 899 2466 μὲν
937 2408 1114 2467 τριήρεις
1144 2411 1188 2454 ἐκ
1226 2410 1581 2468 Πεὶοποννῆσου]

136 2466 404 2520 Thucydidem
431 2473 611 2518 consule,
637 2473 703 2520 qui
733 2484 820 2511 cum
849 2481 911 2509 xx
938 2472 1101 2508 navibus
1133 2483 1181 2509 ex
1203 2470 1468 2519 Peloponneso
1505 2472 1584 2509 sol-

136 2526 241 2565 visse
260 2533 393 2565 auctor
419 2534 478 2565 est
496 2527 538 2565 L.
561 2527 587 2564 Ι.
612 2528 688 2570 94.
739 2527 785 2564 ld
811 2534 936 2564 autem
962 2526 1169 2578 diligenter
1199 2528 1380 2566 animadv
1383 2527 1584 2565 ertendum.

138 2588 218 2628 est,
262 2580 476 2621 Diodorum
506 2585 546 2620 in
578 2582 679 2621 hunc
706 2596 848 2622 annum
881 2585 1069 2621 coniicere
1099 2590 1211 2634 atque
1240 2584 1335 2620 adeo
1367 2587 1584 2631 constipare

138 2637 375 2676 obsidionem
404 2637 605 2689 Byzantii,
641 2639 852 2679 Pausaniae
881 2639 1162 2689 proditionem,
1194 2641 1436 2688 ablatumque
1466 2639 1584 2677 Lace-

141 2693 353 2732 daemoniis
382 2698 463 2733 eius
492 2697 667 2745 superbia
694 2704 731 2734 et
760 2696 987 2733 crudelitate
1006 2698 1227 2745 imperium,
1254 2704 1367 2745 atque
1397 2698 1436 2732 in
1465 2695 1584 2733 Athe-

139 2751 294 2787 nienses
314 2753 606 2801 transcriptum:
636 2765 731 2802 quae
755 2754 883 2791 omnia
904 2759 979 2790 tam
1008 2752 1116 2790 brevi
1133 2759 1300 2802 tempore
1319 2751 1586 2789 administrata

139 2817 219 2843 non
239 2814 340 2844 sunt.
364 2804 524 2844 Constat
544 2820 592 2844 ex
615 2807 782 2846 Isocrate
800 2807 959 2846 Panath.
980 2821 1015 2857 1³·
1036 2808 1141 2849 357.
1171 2807 1382 2861 Spartanos
1402 2820 1521 2859 paene
1542 2810 1583 2848 in

143 2861 366 2899 decennium
403 2861 588 2900 Graeciae
618 2866 815 2912 imperium
854 2877 1030 2910 curasse,
1067 2870 1221 2913 tumque
1250 2863 1299 2901 ad
1330 2862 1585 2901 Athenienses
