1828 3253
265 168 354 210 128
632 189 636 193 -
718 164 1228 207 ANNOTATIONES

261 281 528 327 eontinentur,
567 281 640 319 soli
677 280 892 319 sacerdotes
930 281 1062 319 liberis
1111 281 1330 319 tradebant:
1377 280 1470 319 haee
1514 280 1688 320 Clemens

260 336 372 372 Alex.
399 335 443 373 V.
472 336 653 376 Stroniat.
675 349 710 386 p.
736 339 839 378 657.
867 338 1055 389 Porphyr.
1076 337 1152 375 Vit.
1175 338 1286 389 Pyth.
1315 350 1351 387 p.
1377 339 1446 378 15.
1469 345 1506 375 et
1527 339 1685 378 Diodor.

262 391 330 429 ΙΙΙ.
359 392 418 439 4.,
446 393 513 429 ubi
543 395 663 442 plura.
703 394 836 433 WESS.

261 471 264 473 ·
375 450 447 488 9]-
476 449 546 489 84.
587 450 846 503 Γείιῃιετρίαν
875 448 920 489 δὲ
950 448 1016 488 καὶ
1045 446 1120 501 τὴν
1146 447 1449 503 ἀριθμητικὴν]
1478 449 1687 498 Utramque

261 505 389 541 statim
410 518 494 541 cum
516 507 608 554 ipsis
630 508 752 544 literis
772 509 1009 544 iuventutem
1029 507 1196 543 studiose
1219 507 1417 553 docebant,
1438 506 1688 543 PlatoneVll.

259 559 353 612 Leg.
378 574 413 610 p.
436 562 539 601 819.
557 561 600 598 A.
631 570 803 599 auctore:
856 563 1145 600 Arithmetieam
1164 565 1360 611 inprimis,
1395 575 1507 611 quam
1536 575 1622 599 cum
1646 563 1688 599 in

258 616 436 668 Aegypto
457 620 670 655 accuratius
689 625 790 655 esset
811 619 981 666 edoctus,
1002 616 1107 658 κατὰ
1135 616 1180 658 τὸ
1203 617 1485 670 Αἷγυπτιακόν
1515 616 1688 669 ἀρέσκον

258 686 309 710 ex
329 676 454 724 gentis
475 675 555 710 eius
575 675 724 722 placitis
746 688 936 726 συστημα
957 678 1039 715 τῶν
1058 690 1140 725 μον
1132 671 1254 713 mlum
1274 678 1469 712 unitatum
1491 675 1690 712 collectio-

257 743 345 767 nem
372 729 520 765 definiit
551 728 692 767 'lhales
701 731 811 787 apud
831 731 1023 768 lamblich.
1044 734 1084 768 in
1104 730 1322 768 Nicomach.
1342 731 1542 769 Arithmet.
1565 744 1599 779 p.
1622 733 1689 771 ll-

259 787 385 830 Quare
403 792 439 822 et
462 784 586 822 Moses
617 794 815 836 utramque
834 802 926 837 puer
944 788 1167 835 admodum,
1214 790 1247 824 si
1266 802 1289 824 v
1293 801 1398 825 erum
1416 795 1611 825 assecutus
1633 794 1690 823 est

257 841 370 881 Philo
394 842 473 878 lud.
498 841 526 880 I.
550 842 581 878 V
585 842 626 879 it.
651 843 747 880 Mos.
767 855 802 891 p.
826 846 929 884 606.
949 844 994 880 A.
1016 845 1166 881 inbibit.
1196 844 1245 880 W
1250 854 1329 880 ESS.

254 915 262 919 ·
372 899 443 938 91-
468 900 538 938 87.
580 895 747 945 [αὐτας
777 897 819 937 ὸ
853 898 900 939 οὐ
932 896 1073 954 §daton
1102 900 1190 948 etc.]
1219 899 1330 936 Hanc
1351 899 1508 936 eandem
1528 898 1690 935 Geome—

254 955 354 991 triae
378 956 565 1003 originem
586 953 691 991 Hero
713 958 753 992 in
777 940 995 993 Geometria
1019 969 1099 1002 sua,
1126 958 1233 992 cuius
1258 963 1399 1003 partem
1419 961 1691 1004 excerpserunt

255 983 498 1047 Benedictini
530 1010 702 1048 Analect.
734 1011 869 1048 Graec.
900 1026 934 1061 p.
966 1013 1070 1052 311.
1061 1039 1092 1058 .,
1133 1010 1293 1048 Servius
1312 1010 1689 1062 Eclog.Virgi1.1H.

256 1067 347 1114 41.,
368 1065 560 1102 lamblich.
581 1066 658 1103 Vit.
679 1067 843 1118 Pythag.
864 1082 896 1106 e.
909 1070 983 1108 29.
1004 1074 1041 1104 et
1058 1069 1185 1116 plures
1203 1069 1269 1104 alii
1291 1067 1528 1115 profitentur.
1536 1041 1604 1104 ³³W
1609 1077 1690 1103 Ess.

255 1176 307 1217 W
370 1123 443 1162 91.
467 1123 540 1162 94·
581 1120 921 1178 Παρατηρησεως
949 1126 1033 1164 τῶν
1063 1121 1247 1177 ἄστρων]
1281 1123 1421 1160 Confer
1441 1136 1543 1172 supr.
1566 1137 1598 1161 e.
1620 1124 1690 1163 50.

310 1189 390 1216 ESS.

251 1254 253 1256 ·
369 1238 443 1276 92.
465 1236 537 1277 96.
566 1232 670 1283 E'g'
652 1233 753 1275 ετῶν
773 1233 956 1276 ἀπίστων
976 1237 1034 1290 τῷ
1057 1231 1234 1288 πληθει]
1265 1234 1309 1272 Si
1328 1236 1527 1273 Platonem
1544 1234 1689 1285 Epino-

255 1293 347 1332 mid.
367 1305 402 1342 p.
423 1294 528 1333 987.
550 1292 595 1330 A.
614 1293 744 1339 audis,
771 1290 911 1346 χρόνῳ
941 1297 1125 1344 μνριετεΐ
1150 1291 1216 1330 καὶ
1250 1290 1402 1345 ἀπείρῳ
1442 1292 1572 1328 decem
1602 1293 1688 1328 mil-

253 1351 351 1388 lium
369 1362 580 1396 annorum,
605 1349 759 1401 (confer
778 1349 825 1385 ΙΙ.
847 1349 937 1399 Leg.
958 1362 992 1398 p.
1011 1350 1114 1388 656.
1133 1346 1196 1399 E.)
1227 1355 1264 1384 et
1282 1361 1400 1396 paene
1420 1349 1571 1384 infinito
1592 1355 1688 1384 tem-

255 1419 368 1457 pore,
397 1408 438 1442 in
459 1405 646 1443 sideribus
665 1406 917 1443 observandis
940 1405 1085 1441 assidui
1106 1405 1236 1451 fuere3
1273 1417 1345 1453 qua
1364 1406 1404 1440 in
1424 1417 1464 1440 re
1484 1406 1647 1454 gentis,
1665 1416 1688 1441 a

255 1475 332 1511 qua
352 1462 452 1499 haud
471 1471 592 1515 pauca
611 1469 817 1512 acceperat,
844 1461 1045 1498 ambitioni
1062 1463 1222 1497 multum
1242 1460 1390 1496 dedisse
1408 1461 1571 1497 videtur.
1587 1459 1688 1496 „Ha-

254 1519 382 1556 buisse
403 1525 529 1555 tamen
550 1522 737 1555 astrorum
757 1518 892 1556 observ
884 1520 1062 1564 ationes,
1094 1519 1223 1553 multis
1245 1524 1331 1552 ante
1349 1515 1559 1553 Diodorum
1583 1524 1687 1553 aeta-

248 1576 358 1612 tibus
378 1575 670 1625 diligentissime
692 1576 883 1621 collectas,
910 1587 970 1623 neg
961 1576 1043 1624 rari
1065 1586 1143 1609 non
1164 1580 1299 1622 potest.
1328 1572 1359 1609 V
1363 1573 1424 1609 ide
1444 1573 1623 1610 Proclum
1645 1575 1687 1609 in

253 1630 353 1668 Plat.
375 1629 574 1668 'limaeum
592 1645 627 1680 p.
652 1632 724 1671 31.
744 1638 783 1667 et
799 1632 872 1670 45.
903 1603 1037 1666 Νὲεε.

368 1688 442 1726 92.
468 1687 541 1726 99.
582 1686 667 1726 Καὶ
689 1700 820 1739 στηρι)
825 1683 965 1738 ιιοῦς]
1004 1682 1260 1737 Στηριγιιοὺς
1289 1686 1481 1733 appellant
1507 1685 1687 1734 quasdam

251 1750 446 1782 astrorum
476 1744 585 1791 quasi
616 1745 892 1789 consistiones,
928 1750 970 1779 ut
992 1741 1168 1779 Gelliano
1199 1742 1316 1779 verbo
1349 1741 1493 1788 dicam,
1535 1755 1620 1778 cum
1642 1754 1687 1779 ea

253 1812 327 1836 nec
351 1800 543 1850 progredi,
570 1813 640 1836 nec
658 1800 833 1837 recedere
855 1798 1047 1837 videntur.
1073 1797 1238 1835 Basilius
1261 1796 1309 1834 M.
1328 1795 1469 1833 Homil.
1489 1797 1518 1834 I.
1541 1800 1582 1834 in
1602 1797 1687 1833 He-

248 1860 418 1893 :taiimen
438 1870 472 1905 p.
498 1856 535 1895 5.
558 1855 602 1893 A.
631 1855 698 1894 καὶ
719 1852 983 1925 ἕπαναφορὰς
1007 1852 1191 1907 ἄστρων,
1224 1869 1291 1892 και
1318 1850 1586 1904 στηριῃιοὲς,
1617 1852 1685 1891 καὶ

254 1909 487 1958 ἀποκλίσεις
507 1909 563 1950 δι’
595 1909 803 1967 ἀκριβείας
821 1908 1083 1966 τηρήσαντες.
1130 1908 1241 1947 Conf.
1265 1909 1375 1946 Alati
1392 1909 1520 1947 Schol.
1541 1909 1684 1946 Phaen.

252 1969 360 2008 460.
398 1968 531 2005 WEss.

369 2025 443 2063 92.
468 2026 505 2063 l.
538 2025 633 2063 Τῶν
662 2019 776 2072 ζωων
804 2021 995 2076 γενέσεις]
1039 2021 1292 2059 sectabantur
1317 2020 1389 2058 hoc
1414 2035 1533 2072 genus
1551 2021 1686 2059 Astro-

253 2080 380 2129 logiae
408 2080 589 2130 Aegyptii
616 2080 930 2131 diligentissime,
976 2078 1171 2116 Herodoto
1192 2078 1238 2115 ΙΙ.
1266 2081 1337 2118 82.
1374 2085 1406 2114 ct
1442 2077 1587 2115 Galeno
1617 2077 1684 2116 ΙΙΙ.
1713 2078 1717 2081 ’

249 2133 363 2174 -Dier.
387 2135 539 2174 Decret.
564 2149 600 2183 p.
625 2137 730 2175 447.
751 2143 788 2172 et
807 2134 1020 2185 Porphyrio
1038 2138 1078 2172 in
1099 2135 1229 2184 Eclo-g.
1249 2133 1506 2171 Etl1.Stobaei
1525 2147 1559 2183 p.
1573 2135 1680 2174 203.

256 2193 497 2238 auctoribus,
533 2194 678 2242 opinati
709 2205 756 2228 ex
776 2198 965 2228 astrorum
984 2194 1025 2228 vi
1049 2197 1085 2227 et
1116 2193 1228 2228 lunae
1248 2197 1352 2227 tactu
1372 2192 1474 2228 vitae
1494 2190 1684 2228 valetudi-

254 2248 389 2297 nisque
409 2248 577 2285 habitum
595 2248 769 2297 pendere.
828 2249 951 2291 Quare
971 2254 1008 2284 et
1026 2248 1252 2284 medicinam
1271 2247 1511 2297 Astrologiae
1529 2253 1567 2283 et
1586 2248 1684 2283 utri-

255 2316 327 2353 que
351 2301 426 2355 τὴν
445 2302 698 2355 τελεστικὴν,
726 2318 791 2341 seu
804 2307 1004 2354 mysticam
1023 2304 1210 2352 quandam
1230 2316 1423 2340 sacrorum
1446 2310 1483 2339 et
1505 2303 1685 2340 initiandi

255 2362 444 2396 rationem
457 2387 467 2406 ,
492 2361 719 2410 iungebant,
750 2363 782 2397 si
803 2361 897 2396 fides
917 2359 1153 2397 scholiastae
1173 2359 1331 2396 Ptolem.
1350 2362 1390 2395 in
1411 2358 1621 2395 Tetrabibl.
1645 2372 1681 2408 p.

259 2418 279 2455 1
293 2416 331 2454 5.
353 2422 391 2452 et
408 2425 543 2452 xxxvl
564 2416 739 2453 Decanos
758 2417 915 2453 totidem
936 2419 1104 2466 corporis
1126 2416 1279 2452 humani
1301 2416 1469 2463 partibus
1486 2414 1681 2464 praeficie-

256 2471 349 2508 bant
366 2472 465 2521 apud
487 2472 642 2523 Origen.
662 2472 765 2512 VIM.
788 2472 828 2511 C.
860 2471 956 2510 Cels.
978 2474 1047 2513 58.
1067 2486 1101 2522 p.
1123 2473 1238 2519 785.,
1271 2474 1383 2519 inque
1403 2471 1574 2521 legendis
1594 2470 1681 2506 her-

256 2528 314 2564 bis
334 2530 452 2565 multa
472 2531 739 2576 superstitione
762 2541 809 2565 ex
826 2528 1020 2565 Hermetis
1046 2525 1208 2578 quodam
1237 2528 1334 2564 libro
1366 2527 1581 2563 utebantur.
1609 2526 1681 2563 At-

256 2596 327 2633 que
346 2582 442 2620 hanc
459 2584 669 2621 medicinae
687 2598 815 2621 eorum
835 2592 978 2634 partem
996 2585 1191 2633 amplexus
1214 2590 1271 2620 est
1284 2582 1502 2632 Pamphilus
1513 2583 1681 2619 Alexan-

256 2640 413 2686 drinus,
448 2641 514 2689 qui
538 2639 738 2677 herbarum
756 2643 942 2691 imagines
961 2648 999 2677 et
1016 2644 1118 2678 vires
1141 2637 1245 2677 κατὰ
1267 2644 1486 2689 στοιχεῖον,
1516 2640 1597 2676 sive
1616 2651 1679 2675 or-

256 2695 344 2732 dine
373 2695 630 2744 alphabetico,
664 2697 843 2747 digessit,
885 2697 1043 2733 docente
1075 2708 1122 2732 ex
1153 2695 1299 2732 Galeno
1321 2695 1364 2732 V.
1395 2697 1519 2743 simpl.
1540 2693 1677 2731 Medic.

253 2750 340 2788 Fac.
358 2765 393 2800 p.
415 2754 486 2792 68.
509 2751 708 2789 Lambecio
728 2751 776 2788 ΙΙ.
793 2751 877 2790 Bib.
898 2753 1061 2791 Vindob.
1085 2764 1120 2800 p.
1136 2752 1237 2790 535.
1268 2751 1357 2787 Non
1376 2752 1547 2799 equidem
1566 2752 1678 2801 igno-

251 2820 309 2855 ro,
333 2809 453 2846 multa
465 2807 724 2847 L.Kusterum
740 2807 789 2845 ad
808 2807 950 2847 Suidae
963 2804 1188 2861 ΙῙάμφιλος
1205 2806 1404 2845 Lambecio
1424 2809 1678 2855 rescripsisse,
