<?xml version="1.0" encoding="UTF-8"?>
<!DOCTYPE html PUBLIC "-//W3C//DTD XHTML 1.0 Transitional//EN"
    "http://www.w3.org/TR/xhtml1/DTD/xhtml1-transitional.dtd">
<html xmlns="http://www.w3.org/1999/xhtml" xml:lang="en" lang="en">
 <head>
  <title>
</title>
<meta http-equiv="Content-Type" content="text/html;charset=utf-8" />
  <meta name='ocr-system' content='tesseract 3.04.00' />
  <meta name='ocr-capabilities' content='ocr_page ocr_carea ocr_par ocr_line ocrx_word'/>
</head>
<body>
  <div class='ocr_page' id='page_1' title='image "./bibliothecahisto04dioduoft_0745.png"; bbox 0 0 1828 3253; ppageno 0'>
   <div class='ocr_carea' id='block_1_1' title="bbox 315 191 1500 236">
    <p class='ocr_par' dir='ltr' id='par_1_1' title="bbox 315 191 1500 236">
     <span class='ocr_line' id='line_1_1' title="bbox 315 191 1500 236; baseline -0.003 -3"><span class='ocrx_word' id='word_1_1' title='bbox 315 194 380 233; x_wconf 87' lang='lat' dir='ltr'><strong>lN</strong></span> <span class='ocrx_word' id='word_1_2' title='bbox 419 193 532 233; x_wconf 86' lang='lat' dir='ltr'><strong>LlB.</strong></span> <span class='ocrx_word' id='word_1_3' title='bbox 563 192 855 232; x_wconf 78' lang='lat' dir='ltr'><strong>X111.cA1’.</strong></span> <span class='ocrx_word' id='word_1_4' title='bbox 896 191 1183 236; x_wconf 67' lang='lat' dir='ltr'><strong>106·—-1os.</strong></span> <span class='ocrx_word' id='word_1_5' title='bbox 1413 191 1500 230; x_wconf 84' lang='grc'><strong>711</strong></span> 
     </span>
    </p>
   </div>
   <div class='ocr_carea' id='block_1_2' title="bbox 170 299 1498 371">
    <p class='ocr_par' dir='ltr' id='par_1_2' title="bbox 170 299 1498 371">
     <span class='ocr_line' id='line_1_2' title="bbox 170 299 1498 371; baseline -0.008 -22"><span class='ocrx_word' id='word_1_6' title='bbox 170 309 276 349; x_wconf 87' lang='grc'><strong>629.</strong></span> <span class='ocrx_word' id='word_1_7' title='bbox 309 306 382 349; x_wconf 88' lang='grc'><strong>75</strong></span> <span class='ocrx_word' id='word_1_8' title='bbox 421 305 505 351; x_wconf 63' lang='lat' dir='ltr'><strong>Kal</strong></span> <span class='ocrx_word' id='word_1_9' title='bbox 527 299 809 371; x_wconf 69' lang='grc' dir='ltr'><em>κατεδικάσθη</em></span> <span class='ocrx_word' id='word_1_10' title='bbox 831 306 917 345; x_wconf 72' lang='grc' dir='ltr'>θαι</span> <span class='ocrx_word' id='word_1_11' title='bbox 921 299 1033 358; x_wconf 70' lang='lat' dir='ltr'><strong>duo]</strong></span> <span class='ocrx_word' id='word_1_12' title='bbox 1071 302 1129 340; x_wconf 91' lang='lat' dir='ltr'><strong>Ab</strong></span> <span class='ocrx_word' id='word_1_13' title='bbox 1149 301 1314 352; x_wconf 84' lang='lat' dir='ltr'><strong>Ephoris</strong></span> <span class='ocrx_word' id='word_1_14' title='bbox 1341 301 1498 339; x_wconf 79' lang='lat' dir='ltr'><strong>damna-</strong></span> 
     </span>
    </p>
   </div>
   <div class='ocr_carea' id='block_1_3' title="bbox 47 357 1502 2892">
    <p class='ocr_par' dir='ltr' id='par_1_3' title="bbox 55 357 1497 527">
     <span class='ocr_line' id='line_1_3' title="bbox 55 357 1497 414; baseline -0.005 -13"><span class='ocrx_word' id='word_1_15' title='bbox 55 370 138 402; x_wconf 89' lang='lat' dir='ltr'><strong>tum</strong></span> <span class='ocrx_word' id='word_1_16' title='bbox 183 362 410 403; x_wconf 71' lang='grc' dir='ltr'>ἀποθανεῖν</span> <span class='ocrx_word' id='word_1_17' title='bbox 455 357 852 414; x_wconf 75' lang='grc' dir='ltr'><strong><em>ἀποκαρτερήσαντα</em></strong></span> <span class='ocrx_word' id='word_1_18' title='bbox 904 361 987 397; x_wconf 82' lang='lat' dir='ltr'><strong>sive</strong></span> <span class='ocrx_word' id='word_1_19' title='bbox 1024 360 1154 397; x_wconf 82' lang='lat' dir='ltr'><strong>inedia</strong></span> <span class='ocrx_word' id='word_1_20' title='bbox 1191 373 1214 396; x_wconf 78' lang='grc' dir='ltr'><strong>ι</strong></span> <span class='ocrx_word' id='word_1_21' title='bbox 1220 361 1312 396; x_wconf 83' lang='lat' dir='ltr'><strong>itam</strong></span> <span class='ocrx_word' id='word_1_22' title='bbox 1349 358 1497 395; x_wconf 86' lang='lat' dir='ltr'><strong>finiisse</strong></span> 
     </span>
     <span class='ocr_line' id='line_1_4' title="bbox 55 415 1498 466; baseline -0.004 -8"><span class='ocrx_word' id='word_1_23' title='bbox 55 421 194 458; x_wconf 85' lang='lat' dir='ltr'><strong>Athen.</strong></span> <span class='ocrx_word' id='word_1_24' title='bbox 219 421 304 456; x_wconf 89' lang='lat' dir='ltr'><strong>loco</strong></span> <span class='ocrx_word' id='word_1_25' title='bbox 324 419 436 456; x_wconf 88' lang='lat' dir='ltr'><strong>modo</strong></span> <span class='ocrx_word' id='word_1_26' title='bbox 459 419 588 466; x_wconf 86' lang='lat' dir='ltr'><strong>citato,</strong></span> <span class='ocrx_word' id='word_1_27' title='bbox 619 417 660 454; x_wconf 88' lang='lat' dir='ltr'><strong>L.</strong></span> <span class='ocrx_word' id='word_1_28' title='bbox 687 417 748 454; x_wconf 87' lang='lat' dir='ltr'><strong>Vl.</strong></span> <span class='ocrx_word' id='word_1_29' title='bbox 773 419 826 463; x_wconf 89' lang='lat'><strong>5.‚</strong></span> <span class='ocrx_word' id='word_1_30' title='bbox 850 415 1078 454; x_wconf 74' lang='lat' dir='ltr'>Plutarchus</span> <span class='ocrx_word' id='word_1_31' title='bbox 1098 415 1380 453; x_wconf 80' lang='lat' dir='ltr'>Lacedaemone</span> <span class='ocrx_word' id='word_1_32' title='bbox 1404 425 1498 464; x_wconf 86' lang='lat' dir='ltr'><strong>quo-</strong></span> 
     </span>
     <span class='ocr_line' id='line_1_5' title="bbox 56 470 1496 532; baseline -0.006 -17"><span class='ocrx_word' id='word_1_33' title='bbox 56 490 127 526; x_wconf 90' lang='lat' dir='ltr'><strong>que</strong></span> <span class='ocrx_word' id='word_1_34' title='bbox 143 478 296 532; x_wconf 88' lang='lat' dir='ltr'><strong>pulsum</strong></span> <span class='ocrx_word' id='word_1_35' title='bbox 317 471 524 526; x_wconf 84' lang='lat' dir='ltr'><strong>significat,</strong></span> <span class='ocrx_word' id='word_1_36' title='bbox 544 487 705 524; x_wconf 87' lang='lat' dir='ltr'><strong>quorum</strong></span> <span class='ocrx_word' id='word_1_37' title='bbox 726 480 928 522; x_wconf 89' lang='lat' dir='ltr'><strong>utrumque</strong></span> <span class='ocrx_word' id='word_1_38' title='bbox 948 486 1081 510; x_wconf 87' lang='lat' dir='ltr'><strong>verum</strong></span> <span class='ocrx_word' id='word_1_39' title='bbox 1102 485 1185 508; x_wconf 78' lang='lat' dir='ltr'><strong>esse</strong></span> <span class='ocrx_word' id='word_1_40' title='bbox 1206 474 1341 520; x_wconf 85' lang='lat' dir='ltr'><strong>potuit.</strong></span> <span class='ocrx_word' id='word_1_41' title='bbox 1359 470 1434 508; x_wconf 73' lang='lat' dir='ltr'><strong>WE</strong></span> <span class='ocrx_word' id='word_1_42' title='bbox 1440 482 1496 507; x_wconf 75' lang='lat' dir='ltr'><strong>ss.</strong></span> 
     </span>
    </p>

    <p class='ocr_par' dir='ltr' id='par_1_4' title="bbox 51 527 1498 1033">
     <span class='ocr_line' id='line_1_6' title="bbox 167 527 1498 581; baseline -0.008 -8"><span class='ocrx_word' id='word_1_43' title='bbox 167 533 273 573; x_wconf 88' lang='lat'><strong>629.</strong></span> <span class='ocrx_word' id='word_1_44' title='bbox 305 533 376 572; x_wconf 87' lang='lat'><strong>76.</strong></span> <span class='ocrx_word' id='word_1_45' title='bbox 410 528 585 581; x_wconf 71' lang='grc' dir='ltr'><strong><em>Πατέρα</em></strong></span> <span class='ocrx_word' id='word_1_46' title='bbox 609 532 683 569; x_wconf 83' lang='grc' dir='ltr'><strong>τοῦ</strong></span> <span class='ocrx_word' id='word_1_47' title='bbox 712 528 917 569; x_wconf 81' lang='grc' dir='ltr'><strong><em>Γυλίππου</em></strong></span> <span class='ocrx_word' id='word_1_48' title='bbox 940 527 1178 580; x_wconf 73' lang='grc' dir='ltr'><strong><em>Κλέαρχον]</em></strong></span> <span class='ocrx_word' id='word_1_49' title='bbox 1206 528 1320 565; x_wconf 86' lang='lat' dir='ltr'><strong>Pater</strong></span> <span class='ocrx_word' id='word_1_50' title='bbox 1340 527 1498 577; x_wconf 81' lang='lat' dir='ltr'>Gylippi</span> 
     </span>
     <span class='ocr_line' id='line_1_7' title="bbox 56 585 1496 639; baseline -0.004 -12"><span class='ocrx_word' id='word_1_51' title='bbox 56 588 277 639; x_wconf 84' lang='lat' dir='ltr'><strong>Thucydidi</strong></span> <span class='ocrx_word' id='word_1_52' title='bbox 306 588 448 625; x_wconf 88' lang='lat' dir='ltr'><strong>dicitur</strong></span> <span class='ocrx_word' id='word_1_53' title='bbox 481 585 790 635; x_wconf 75' lang='grc' dir='ltr'><strong>Κλ”εανὸριὸ“ας,</strong></span> <span class='ocrx_word' id='word_1_54' title='bbox 830 585 931 635; x_wconf 89' lang='lat' dir='ltr'><strong>quod</strong></span> <span class='ocrx_word' id='word_1_55' title='bbox 960 587 1082 637; x_wconf 87' lang='lat' dir='ltr'><strong>magis</strong></span> <span class='ocrx_word' id='word_1_56' title='bbox 1119 586 1264 634; x_wconf 85' lang='lat' dir='ltr'><strong>placet,</strong></span> <span class='ocrx_word' id='word_1_57' title='bbox 1305 592 1349 621; x_wconf 85' lang='lat' dir='ltr'><strong>ut</strong></span> <span class='ocrx_word' id='word_1_58' title='bbox 1381 596 1496 631; x_wconf 81' lang='lat' dir='ltr'><strong>supra</strong></span> 
     </span>
     <span class='ocr_line' id='line_1_8' title="bbox 54 639 1496 698; baseline -0.004 -15"><span class='ocrx_word' id='word_1_59' title='bbox 54 645 245 698; x_wconf 84' lang='lat' dir='ltr'><strong>(Exercit.</strong></span> <span class='ocrx_word' id='word_1_60' title='bbox 267 657 302 694; x_wconf 88' lang='grc' dir='ltr'><strong>Ρ.</strong></span> <span class='ocrx_word' id='word_1_61' title='bbox 327 641 422 695; x_wconf 88' lang='grc'><strong>55.)</strong></span> <span class='ocrx_word' id='word_1_62' title='bbox 451 643 588 680; x_wconf 86' lang='lat' dir='ltr'><strong>notavi</strong></span> <span class='ocrx_word' id='word_1_63' title='bbox 607 643 654 679; x_wconf 88' lang='lat' dir='ltr'><strong>ad</strong></span> <span class='ocrx_word' id='word_1_64' title='bbox 677 641 956 693; x_wconf 83' lang='lat' dir='ltr'><strong>Thucydidem.</strong></span> <span class='ocrx_word' id='word_1_65' title='bbox 976 642 1104 679; x_wconf 60' lang='lat' dir='ltr'><strong>Puni.</strong></span> <span class='ocrx_word' id='word_1_66' title='bbox 1136 639 1253 677; x_wconf 87' lang='lat' dir='ltr'><strong>Recte</strong></span> <span class='ocrx_word' id='word_1_67' title='bbox 1274 639 1496 678; x_wconf 75' lang='lat' dir='ltr'><strong>palmerius.</strong></span> 
     </span>
     <span class='ocr_line' id='line_1_9' title="bbox 54 695 1495 751; baseline -0.005 -12"><span class='ocrx_word' id='word_1_68' title='bbox 54 701 300 751; x_wconf 81' lang='lat' dir='ltr'>Thucydides</span> <span class='ocrx_word' id='word_1_69' title='bbox 320 700 384 739; x_wconf 77' lang='grc' dir='ltr'><strong>Κλ</strong></span> <span class='ocrx_word' id='word_1_70' title='bbox 389 699 607 751; x_wconf 76' lang='grc' dir='ltr'><strong><em>εανὸρίὃαν</em></strong></span> <span class='ocrx_word' id='word_1_71' title='bbox 627 699 787 749; x_wconf 81' lang='lat' dir='ltr'>Gylippi</span> <span class='ocrx_word' id='word_1_72' title='bbox 807 707 953 749; x_wconf 84' lang='lat' dir='ltr'><strong>patrem</strong></span> <span class='ocrx_word' id='word_1_73' title='bbox 974 704 1087 737; x_wconf 84' lang='lat' dir='ltr'><strong>vocat</strong></span> <span class='ocrx_word' id='word_1_74' title='bbox 1109 695 1149 733; x_wconf 93' lang='lat' dir='ltr'><strong>L.</strong></span> <span class='ocrx_word' id='word_1_75' title='bbox 1175 696 1237 733; x_wconf 85' lang='lat' dir='ltr'><strong>v.1</strong></span> <span class='ocrx_word' id='word_1_76' title='bbox 1260 697 1354 744; x_wconf 83' lang='grc'><strong>93.,</strong></span> <span class='ocrx_word' id='word_1_77' title='bbox 1383 703 1495 734; x_wconf 77' lang='lat' dir='ltr'><strong>vocat</strong></span> 
     </span>
     <span class='ocr_line' id='line_1_10' title="bbox 53 748 1496 809; baseline -0.004 -14"><span class='ocrx_word' id='word_1_78' title='bbox 53 756 151 796; x_wconf 89' lang='lat' dir='ltr'><strong>et&#39;l</strong></span> <span class='ocrx_word' id='word_1_79' title='bbox 141 769 285 794; x_wconf 78' lang='lat' dir='ltr'><strong>imaeus</strong></span> <span class='ocrx_word' id='word_1_80' title='bbox 303 756 401 806; x_wconf 85' lang='lat' dir='ltr'><strong>apud</strong></span> <span class='ocrx_word' id='word_1_81' title='bbox 413 755 512 793; x_wconf 87' lang='lat' dir='ltr'><strong>Plut.</strong></span> <span class='ocrx_word' id='word_1_82' title='bbox 525 755 615 796; x_wconf 88' lang='lat' dir='ltr'><strong>Nic</strong></span> <span class='ocrx_word' id='word_1_83' title='bbox 630 768 665 804; x_wconf 86' lang='lat' dir='ltr'><strong>p.</strong></span> <span class='ocrx_word' id='word_1_84' title='bbox 679 756 799 801; x_wconf 85' lang='grc'><strong>542.,</strong></span> <span class='ocrx_word' id='word_1_85' title='bbox 818 757 1013 809; x_wconf 80' lang='grc' dir='ltr'><em>πατρῶον</em></span> <span class='ocrx_word' id='word_1_86' title='bbox 1032 748 1287 808; x_wconf 80' lang='grc' dir='ltr'><em>ἀρρώστημα</em></span> <span class='ocrx_word' id='word_1_87' title='bbox 1307 755 1391 791; x_wconf 82' lang='lat' dir='ltr'><strong>sive</strong></span> <span class='ocrx_word' id='word_1_88' title='bbox 1411 765 1496 790; x_wconf 89' lang='lat' dir='ltr'><strong>sor-</strong></span> 
     </span>
     <span class='ocr_line' id='line_1_11' title="bbox 52 810 1494 862; baseline -0.004 -11"><span class='ocrx_word' id='word_1_89' title='bbox 52 814 118 851; x_wconf 89' lang='lat' dir='ltr'><strong>des</strong></span> <span class='ocrx_word' id='word_1_90' title='bbox 138 812 228 861; x_wconf 86' lang='lat' dir='ltr'><strong>has,</strong></span> <span class='ocrx_word' id='word_1_91' title='bbox 256 825 352 861; x_wconf 87' lang='lat' dir='ltr'><strong>quas</strong></span> <span class='ocrx_word' id='word_1_92' title='bbox 379 826 402 850; x_wconf 85' lang='lat' dir='ltr'><strong>a</strong></span> <span class='ocrx_word' id='word_1_93' title='bbox 433 819 541 862; x_wconf 88' lang='lat' dir='ltr'><strong>patre</strong></span> <span class='ocrx_word' id='word_1_94' title='bbox 570 810 802 850; x_wconf 86' lang='lat' dir='ltr'><strong>Cleandrida</strong></span> <span class='ocrx_word' id='word_1_95' title='bbox 822 811 1072 850; x_wconf 84' lang='lat' dir='ltr'><strong>hereditarias</strong></span> <span class='ocrx_word' id='word_1_96' title='bbox 1100 810 1253 856; x_wconf 84' lang='lat' dir='ltr'><strong>habuit,</strong></span> <span class='ocrx_word' id='word_1_97' title='bbox 1281 810 1494 860; x_wconf 81' lang='lat' dir='ltr'><strong>attingens.</strong></span> 
     </span>
     <span class='ocr_line' id='line_1_12' title="bbox 51 866 1494 919; baseline -0.003 -12"><span class='ocrx_word' id='word_1_98' title='bbox 51 870 160 907; x_wconf 82' lang='lat' dir='ltr'><strong>Adde</strong></span> <span class='ocrx_word' id='word_1_99' title='bbox 182 875 262 906; x_wconf 87' lang='lat' dir='ltr'><strong>not.</strong></span> <span class='ocrx_word' id='word_1_100' title='bbox 277 868 404 908; x_wconf 85' lang='lat' dir='ltr'><strong>Celeh.</strong></span> <span class='ocrx_word' id='word_1_101' title='bbox 426 867 604 906; x_wconf 89' lang='lat' dir='ltr'><strong>Dukeri</strong></span> <span class='ocrx_word' id='word_1_102' title='bbox 595 882 635 905; x_wconf 92' lang='grc' dir='ltr'><strong>ιιι</strong></span> <span class='ocrx_word' id='word_1_103' title='bbox 654 867 830 919; x_wconf 87' lang='lat' dir='ltr'><strong>Thucyd.</strong></span> <span class='ocrx_word' id='word_1_104' title='bbox 852 869 887 905; x_wconf 92' lang='lat' dir='ltr'><strong>d.</strong></span> <span class='ocrx_word' id='word_1_105' title='bbox 910 870 935 907; x_wconf 86' lang='grc'><strong>1.</strong></span> <span class='ocrx_word' id='word_1_106' title='bbox 953 866 986 905; x_wconf 92' lang='lat' dir='ltr'>T</span> <span class='ocrx_word' id='word_1_107' title='bbox 992 867 1121 905; x_wconf 83' lang='lat' dir='ltr'><strong>hurios</strong></span> <span class='ocrx_word' id='word_1_108' title='bbox 1141 873 1270 903; x_wconf 82' lang='lat' dir='ltr'><strong>autem</strong></span> <span class='ocrx_word' id='word_1_109' title='bbox 1288 868 1328 903; x_wconf 90' lang='lat' dir='ltr'><strong>in</strong></span> <span class='ocrx_word' id='word_1_110' title='bbox 1345 866 1494 903; x_wconf 78' lang='lat' dir='ltr'><strong>ltaliam</strong></span> 
     </span>
     <span class='ocr_line' id='line_1_13' title="bbox 51 920 1492 976; baseline -0.004 -12"><span class='ocrx_word' id='word_1_111' title='bbox 51 927 267 964; x_wconf 84' lang='lat' dir='ltr'><strong>exsulatum</strong></span> <span class='ocrx_word' id='word_1_112' title='bbox 286 926 426 963; x_wconf 86' lang='lat' dir='ltr'><strong>abiisse</strong></span> <span class='ocrx_word' id='word_1_113' title='bbox 455 924 746 973; x_wconf 85' lang='lat' dir='ltr'><strong>Cleandridam,</strong></span> <span class='ocrx_word' id='word_1_114' title='bbox 778 925 997 976; x_wconf 79' lang='lat' dir='ltr'><strong>significat,</strong></span> <span class='ocrx_word' id='word_1_115' title='bbox 1025 926 1099 963; x_wconf 83' lang='lat' dir='ltr'><strong>etsi</strong></span> <span class='ocrx_word' id='word_1_116' title='bbox 1123 923 1344 972; x_wconf 74' lang='lat' dir='ltr'>obscurius,</span> <span class='ocrx_word' id='word_1_117' title='bbox 1383 920 1492 959; x_wconf 84' lang='lat' dir='ltr'><strong>Thu-</strong></span> 
     </span>
     <span class='ocr_line' id='line_1_14' title="bbox 52 981 630 1033; baseline -0.005 -13"><span class='ocrx_word' id='word_1_118' title='bbox 52 995 98 1033; x_wconf 82' lang='lat' dir='ltr'><strong>cy</strong></span> <span class='ocrx_word' id='word_1_119' title='bbox 102 982 179 1020; x_wconf 90' lang='lat' dir='ltr'><strong>did.</strong></span> <span class='ocrx_word' id='word_1_120' title='bbox 203 982 246 1021; x_wconf 92' lang='lat' dir='ltr'>L.</span> <span class='ocrx_word' id='word_1_121' title='bbox 269 981 334 1018; x_wconf 90' lang='lat' dir='ltr'><strong>Vl.</strong></span> <span class='ocrx_word' id='word_1_122' title='bbox 363 982 465 1022; x_wconf 90' lang='grc'><strong>104.</strong></span> <span class='ocrx_word' id='word_1_123' title='bbox 495 981 630 1019; x_wconf 68' lang='lat' dir='ltr'><strong>Wizss.</strong></span> 
     </span>
    </p>

    <p class='ocr_par' dir='ltr' id='par_1_5' title="bbox 49 1032 1492 1358">
     <span class='ocr_line' id='line_1_15' title="bbox 165 1032 1491 1089; baseline -0.006 -10"><span class='ocrx_word' id='word_1_124' title='bbox 165 1040 271 1079; x_wconf 87' lang='grc'><strong>629.</strong></span> <span class='ocrx_word' id='word_1_125' title='bbox 302 1040 374 1079; x_wconf 90' lang='grc'><strong>86</strong></span> <span class='ocrx_word' id='word_1_126' title='bbox 411 1037 495 1077; x_wconf 82' lang='grc' dir='ltr'><strong>Καὶ</strong></span> <span class='ocrx_word' id='word_1_127' title='bbox 519 1035 616 1084; x_wconf 81' lang='grc' dir='ltr'><em>τοὺς</em></span> <span class='ocrx_word' id='word_1_128' title='bbox 635 1034 801 1089; x_wconf 72' lang='grc' dir='ltr'>λιμένας</span> <span class='ocrx_word' id='word_1_129' title='bbox 828 1033 981 1088; x_wconf 55' lang='lat' dir='ltr'><strong>{nelma</strong></span> <span class='ocrx_word' id='word_1_130' title='bbox 984 1051 1080 1076; x_wconf 83' lang='grc' dir='ltr'><em>νυον</em></span> <span class='ocrx_word' id='word_1_131' title='bbox 1099 1042 1170 1074; x_wconf 84' lang='lat' dir='ltr'><strong>etc.</strong></span> <span class='ocrx_word' id='word_1_132' title='bbox 1183 1032 1201 1088; x_wconf 92' lang='lat'><em>]</em></span> <span class='ocrx_word' id='word_1_133' title='bbox 1232 1034 1401 1072; x_wconf 83' lang='lat' dir='ltr'><strong>Paucis</strong></span> <span class='ocrx_word' id='word_1_134' title='bbox 1392 1047 1432 1072; x_wconf 85' lang='grc' dir='ltr'><strong>ιιι</strong></span> <span class='ocrx_word' id='word_1_135' title='bbox 1451 1048 1491 1071; x_wconf 83' lang='lat' dir='ltr'><strong>re</strong></span> 
     </span>
     <span class='ocr_line' id='line_1_16' title="bbox 50 1091 1491 1146; baseline -0.004 -14"><span class='ocrx_word' id='word_1_136' title='bbox 50 1095 290 1133; x_wconf 83' lang='lat' dir='ltr'>memorabili</span> <span class='ocrx_word' id='word_1_137' title='bbox 308 1100 444 1132; x_wconf 71' lang='lat' dir='ltr'><strong>auctor</strong></span> <span class='ocrx_word' id='word_1_138' title='bbox 464 1094 699 1146; x_wconf 84' lang='lat' dir='ltr'><strong>defungitur.</strong></span> <span class='ocrx_word' id='word_1_139' title='bbox 721 1094 843 1132; x_wconf 84' lang='lat' dir='ltr'><strong>Multo</strong></span> <span class='ocrx_word' id='word_1_140' title='bbox 864 1095 1017 1132; x_wconf 84' lang='lat' dir='ltr'><strong>uberius</strong></span> <span class='ocrx_word' id='word_1_141' title='bbox 1030 1093 1076 1130; x_wconf 86' lang='lat' dir='ltr'><strong>de</strong></span> <span class='ocrx_word' id='word_1_142' title='bbox 1094 1093 1188 1130; x_wconf 87' lang='lat' dir='ltr'><strong>urbe</strong></span> <span class='ocrx_word' id='word_1_143' title='bbox 1209 1091 1375 1138; x_wconf 86' lang='lat' dir='ltr'><strong>obsessa,</strong></span> <span class='ocrx_word' id='word_1_144' title='bbox 1387 1092 1491 1141; x_wconf 84' lang='lat' dir='ltr'><strong>lega-</strong></span> 
     </span>
     <span class='ocr_line' id='line_1_17' title="bbox 50 1149 1492 1218; baseline -0.003 -31"><span class='ocrx_word' id='word_1_145' title='bbox 50 1152 296 1218; x_wconf 34' lang='lat' dir='ltr'><strong>tioninbusque</strong></span> <span class='ocrx_word' id='word_1_146' title='bbox 331 1151 379 1188; x_wconf 89' lang='lat' dir='ltr'><strong>ad</strong></span> <span class='ocrx_word' id='word_1_147' title='bbox 409 1164 540 1200; x_wconf 86' lang='lat' dir='ltr'><strong>pacem</strong></span> <span class='ocrx_word' id='word_1_148' title='bbox 569 1151 834 1201; x_wconf 81' lang='lat' dir='ltr'><strong>inpetrandam</strong></span> <span class='ocrx_word' id='word_1_149' title='bbox 862 1150 910 1187; x_wconf 88' lang='lat' dir='ltr'><strong>ad</strong></span> <span class='ocrx_word' id='word_1_150' title='bbox 941 1162 1072 1201; x_wconf 87' lang='lat' dir='ltr'><strong>regem</strong></span> <span class='ocrx_word' id='word_1_151' title='bbox 1100 1149 1215 1200; x_wconf 85' lang='lat' dir='ltr'>Agim</span> <span class='ocrx_word' id='word_1_152' title='bbox 1242 1149 1492 1197; x_wconf 82' lang='lat' dir='ltr'><strong>Spartamque</strong></span> 
     </span>
     <span class='ocr_line' id='line_1_18' title="bbox 49 1179 1493 1257; baseline -0.003 -13"><span class='ocrx_word' id='word_1_153' title='bbox 49 1210 178 1245; x_wconf 83' lang='lat' dir='ltr'><strong>missis</strong></span> <span class='ocrx_word' id='word_1_154' title='bbox 203 1206 383 1257; x_wconf 88' lang='lat' dir='ltr'><strong>Xenoph.</strong></span> <span class='ocrx_word' id='word_1_155' title='bbox 411 1206 501 1245; x_wconf 83' lang='lat' dir='ltr'><strong>Rer.</strong></span> <span class='ocrx_word' id='word_1_156' title='bbox 533 1206 669 1244; x_wconf 83' lang='lat' dir='ltr'><strong>Gracc.</strong></span> <span class='ocrx_word' id='word_1_157' title='bbox 690 1207 736 1244; x_wconf 89' lang='lat' dir='ltr'><strong>ll.</strong></span> <span class='ocrx_word' id='word_1_158' title='bbox 754 1221 789 1257; x_wconf 86' lang='lat' dir='ltr'><strong>p.</strong></span> <span class='ocrx_word' id='word_1_159' title='bbox 811 1208 916 1247; x_wconf 90' lang='grc'><strong>357.</strong></span> <span class='ocrx_word' id='word_1_160' title='bbox 946 1214 984 1244; x_wconf 89' lang='lat' dir='ltr'><strong>et</strong></span> <span class='ocrx_word' id='word_1_161' title='bbox 1001 1206 1138 1257; x_wconf 81' lang='lat' dir='ltr'>Lysias</span> <span class='ocrx_word' id='word_1_162' title='bbox 1134 1179 1224 1242; x_wconf 57' lang='lat' dir='ltr'><strong>o-Or.</strong></span> <span class='ocrx_word' id='word_1_163' title='bbox 1241 1208 1279 1242; x_wconf 91' lang='lat' dir='ltr'><strong>in</strong></span> <span class='ocrx_word' id='word_1_164' title='bbox 1298 1203 1493 1241; x_wconf 87' lang='lat' dir='ltr'><strong>Eratosth.</strong></span> 
     </span>
     <span class='ocr_line' id='line_1_19' title="bbox 49 1262 1489 1315; baseline -0.003 -14"><span class='ocrx_word' id='word_1_165' title='bbox 49 1278 82 1301; x_wconf 85' lang='lat' dir='ltr'><strong>c.</strong></span> <span class='ocrx_word' id='word_1_166' title='bbox 113 1265 176 1304; x_wconf 90' lang='grc'><strong>16.</strong></span> <span class='ocrx_word' id='word_1_167' title='bbox 203 1271 241 1302; x_wconf 87' lang='lat' dir='ltr'><strong>et</strong></span> <span class='ocrx_word' id='word_1_168' title='bbox 257 1263 470 1315; x_wconf 77' lang='lat' dir='ltr'><strong>Aguratum</strong></span> <span class='ocrx_word' id='word_1_169' title='bbox 498 1277 531 1300; x_wconf 88' lang='lat' dir='ltr'><strong>c.</strong></span> <span class='ocrx_word' id='word_1_170' title='bbox 547 1266 590 1304; x_wconf 88' lang='grc'><strong>2</strong></span> <span class='ocrx_word' id='word_1_171' title='bbox 613 1276 690 1313; x_wconf 83' lang='lat' dir='ltr'><strong>seq.</strong></span> <span class='ocrx_word' id='word_1_172' title='bbox 682 1289 713 1311; x_wconf 88' lang='lat'><strong>.,</strong></span> <span class='ocrx_word' id='word_1_173' title='bbox 754 1276 849 1315; x_wconf 85' lang='lat' dir='ltr'><strong>quos</strong></span> <span class='ocrx_word' id='word_1_174' title='bbox 868 1263 1011 1302; x_wconf 78' lang='lat' dir='ltr'><strong>adiisse</strong></span> <span class='ocrx_word' id='word_1_175' title='bbox 1028 1275 1164 1315; x_wconf 81' lang='lat' dir='ltr'><strong>operae</strong></span> <span class='ocrx_word' id='word_1_176' title='bbox 1178 1262 1297 1299; x_wconf 83' lang='lat' dir='ltr'><strong>fuerit</strong></span> <span class='ocrx_word' id='word_1_177' title='bbox 1311 1263 1489 1311; x_wconf 85' lang='lat' dir='ltr'><strong>pretium</strong></span> 
     </span>
     <span class='ocr_line' id='line_1_20' title="bbox 49 1320 183 1359; baseline -0.017 -1"><span class='ocrx_word' id='word_1_178' title='bbox 49 1320 99 1358; x_wconf 85' lang='lat' dir='ltr'>W</span> <span class='ocrx_word' id='word_1_179' title='bbox 103 1330 183 1359; x_wconf 64' lang='lat' dir='ltr'><strong>uss.</strong></span> 
     </span>
    </p>

    <p class='ocr_par' dir='ltr' id='par_1_6' title="bbox 47 1370 1495 1707">
     <span class='ocr_line' id='line_1_21' title="bbox 161 1370 1493 1429; baseline -0.005 -13"><span class='ocrx_word' id='word_1_180' title='bbox 161 1377 187 1416; x_wconf 91' lang='grc'><strong>6</strong></span> <span class='ocrx_word' id='word_1_181' title='bbox 192 1377 267 1418; x_wconf 89' lang='grc'><strong>29</strong></span> <span class='ocrx_word' id='word_1_182' title='bbox 297 1375 336 1415; x_wconf 90' lang='grc'><strong>5.</strong></span> <span class='ocrx_word' id='word_1_183' title='bbox 369 1371 435 1414; x_wconf 74' lang='grc' dir='ltr'><strong>Τὰ</strong></span> <span class='ocrx_word' id='word_1_184' title='bbox 453 1371 596 1429; x_wconf 77' lang='grc' dir='ltr'><em>μακρὰ</em></span> <span class='ocrx_word' id='word_1_185' title='bbox 615 1371 737 1426; x_wconf 72' lang='grc' dir='ltr'><em>σκέλη</em></span> <span class='ocrx_word' id='word_1_186' title='bbox 757 1392 825 1416; x_wconf 85' lang='grc' dir='ltr'>και</span> <span class='ocrx_word' id='word_1_187' title='bbox 845 1390 897 1416; x_wconf 82' lang='grc' dir='ltr'><strong>τα</strong></span> <span class='ocrx_word' id='word_1_188' title='bbox 913 1372 1024 1427; x_wconf 71' lang='grc' dir='ltr'><em>τείχη</em></span> <span class='ocrx_word' id='word_1_189' title='bbox 1044 1370 1372 1426; x_wconf 74' lang='grc' dir='ltr'>τοῦΠειραιῆς]</span> <span class='ocrx_word' id='word_1_190' title='bbox 1406 1372 1493 1410; x_wconf 88' lang='lat' dir='ltr'><strong>Vid.</strong></span> 
     </span>
     <span class='ocr_line' id='line_1_22' title="bbox 48 1430 1493 1481; baseline -0.001 -12"><span class='ocrx_word' id='word_1_191' title='bbox 48 1432 103 1470; x_wconf 84' lang='lat' dir='ltr'><strong>lo.</strong></span> <span class='ocrx_word' id='word_1_192' title='bbox 124 1431 283 1470; x_wconf 85' lang='lat' dir='ltr'><strong>Meursii</strong></span> <span class='ocrx_word' id='word_1_193' title='bbox 302 1431 407 1470; x_wconf 77' lang='lat' dir='ltr'><strong>Lect.</strong></span> <span class='ocrx_word' id='word_1_194' title='bbox 427 1431 541 1469; x_wconf 88' lang='lat' dir='ltr'><strong>Attic.</strong></span> <span class='ocrx_word' id='word_1_195' title='bbox 565 1431 606 1469; x_wconf 91' lang='lat' dir='ltr'><strong>L.</strong></span> <span class='ocrx_word' id='word_1_196' title='bbox 622 1431 689 1469; x_wconf 85' lang='lat'><strong>111.</strong></span> <span class='ocrx_word' id='word_1_197' title='bbox 706 1432 748 1472; x_wconf 82' lang='grc'><strong>4.</strong></span> <span class='ocrx_word' id='word_1_198' title='bbox 768 1440 806 1470; x_wconf 89' lang='lat' dir='ltr'><strong>et</strong></span> <span class='ocrx_word' id='word_1_199' title='bbox 817 1433 1018 1471; x_wconf 76' lang='lat' dir='ltr'><strong>Piraeeum</strong></span> <span class='ocrx_word' id='word_1_200' title='bbox 1037 1445 1074 1471; x_wconf 70' lang='lat' dir='ltr'><strong>c.</strong></span> <span class='ocrx_word' id='word_1_201' title='bbox 1088 1433 1131 1471; x_wconf 88' lang='lat'><strong>2.</strong></span> <span class='ocrx_word' id='word_1_202' title='bbox 1159 1438 1198 1467; x_wconf 81' lang='lat' dir='ltr'><strong>et</strong></span> <span class='ocrx_word' id='word_1_203' title='bbox 1218 1430 1264 1467; x_wconf 89' lang='lat' dir='ltr'><strong>de</strong></span> <span class='ocrx_word' id='word_1_204' title='bbox 1284 1431 1493 1481; x_wconf 75' lang='grc' dir='ltr'>Πειραιῶς</span> 
     </span>
     <span class='ocr_line' id='line_1_23' title="bbox 49 1484 1493 1540; baseline -0.001 -15"><span class='ocrx_word' id='word_1_205' title='bbox 49 1487 238 1526; x_wconf 86' lang='lat' dir='ltr'><strong>Thomam</strong></span> <span class='ocrx_word' id='word_1_206' title='bbox 255 1487 498 1539; x_wconf 78' lang='lat' dir='ltr'><strong>Magistrum,</strong></span> <span class='ocrx_word' id='word_1_207' title='bbox 521 1490 587 1540; x_wconf 89' lang='lat' dir='ltr'><strong>qui</strong></span> <span class='ocrx_word' id='word_1_208' title='bbox 604 1488 644 1525; x_wconf 83' lang='lat' dir='ltr'><strong>id</strong></span> <span class='ocrx_word' id='word_1_209' title='bbox 656 1488 829 1527; x_wconf 86' lang='lat' dir='ltr'><strong>Atticum</strong></span> <span class='ocrx_word' id='word_1_210' title='bbox 846 1502 929 1526; x_wconf 89' lang='lat' dir='ltr'><strong>esse</strong></span> <span class='ocrx_word' id='word_1_211' title='bbox 949 1488 1134 1533; x_wconf 87' lang='lat' dir='ltr'><strong>decernit,</strong></span> <span class='ocrx_word' id='word_1_212' title='bbox 1153 1499 1232 1523; x_wconf 91' lang='lat' dir='ltr'><strong>non</strong></span> <span class='ocrx_word' id='word_1_213' title='bbox 1251 1484 1493 1538; x_wconf 74' lang='grc' dir='ltr'>Πειραιέως,</span> 
     </span>
     <span class='ocr_line' id='line_1_24' title="bbox 48 1542 1493 1596; baseline -0.002 -15"><span class='ocrx_word' id='word_1_214' title='bbox 48 1557 122 1596; x_wconf 78' lang='lat' dir='ltr'><strong>quo</strong></span> <span class='ocrx_word' id='word_1_215' title='bbox 142 1552 269 1582; x_wconf 88' lang='lat' dir='ltr'><strong>tamen</strong></span> <span class='ocrx_word' id='word_1_216' title='bbox 290 1548 457 1582; x_wconf 72' lang='lat' dir='ltr'><strong>usisunt</strong></span> <span class='ocrx_word' id='word_1_217' title='bbox 474 1543 748 1595; x_wconf 84' lang='lat' dir='ltr'><strong>Thucydides,</strong></span> <span class='ocrx_word' id='word_1_218' title='bbox 773 1546 932 1596; x_wconf 86' lang='lat' dir='ltr'><strong>Lysias,</strong></span> <span class='ocrx_word' id='word_1_219' title='bbox 962 1543 1265 1590; x_wconf 86' lang='lat' dir='ltr'><strong>Demosthenes,</strong></span> <span class='ocrx_word' id='word_1_220' title='bbox 1294 1542 1493 1589; x_wconf 84' lang='lat' dir='ltr'><strong>Isocrates,</strong></span> 
     </span>
     <span class='ocr_line' id='line_1_25' title="bbox 47 1599 1495 1652; baseline -0.002 -14"><span class='ocrx_word' id='word_1_221' title='bbox 47 1608 160 1649; x_wconf 82' lang='lat' dir='ltr'><strong>atque</strong></span> <span class='ocrx_word' id='word_1_222' title='bbox 180 1603 258 1639; x_wconf 79' lang='lat' dir='ltr'><strong>ahi.</strong></span> <span class='ocrx_word' id='word_1_223' title='bbox 304 1600 362 1637; x_wconf 86' lang='lat' dir='ltr'><strong>Ad</strong></span> <span class='ocrx_word' id='word_1_224' title='bbox 386 1602 505 1650; x_wconf 81' lang='lat' dir='ltr'><strong>longa</strong></span> <span class='ocrx_word' id='word_1_225' title='bbox 528 1613 623 1638; x_wconf 86' lang='lat' dir='ltr'><strong>vero</strong></span> <span class='ocrx_word' id='word_1_226' title='bbox 651 1600 744 1639; x_wconf 87' lang='lat' dir='ltr'><strong>haec</strong></span> <span class='ocrx_word' id='word_1_227' title='bbox 762 1599 942 1641; x_wconf 58' lang='lat' dir='ltr'><strong>fbroeckia</strong></span> <span class='ocrx_word' id='word_1_228' title='bbox 959 1602 1131 1652; x_wconf 81' lang='lat' dir='ltr'><strong>sepultus</strong></span> <span class='ocrx_word' id='word_1_229' title='bbox 1154 1601 1231 1638; x_wconf 77' lang='lat' dir='ltr'><strong>fuit</strong></span> <span class='ocrx_word' id='word_1_230' title='bbox 1254 1599 1495 1650; x_wconf 85' lang='lat' dir='ltr'><strong>Euphorion,</strong></span> 
     </span>
     <span class='ocr_line' id='line_1_26' title="bbox 48 1655 765 1708; baseline 0 -12"><span class='ocrx_word' id='word_1_231' title='bbox 48 1657 94 1696; x_wconf 77' lang='lat' dir='ltr'><strong>de</strong></span> <span class='ocrx_word' id='word_1_232' title='bbox 111 1669 187 1707; x_wconf 85' lang='lat' dir='ltr'><strong>quo</strong></span> <span class='ocrx_word' id='word_1_233' title='bbox 209 1655 478 1694; x_wconf 88' lang='lat' dir='ltr'><strong>&#39;lheodoridae</strong></span> <span class='ocrx_word' id='word_1_234' title='bbox 498 1656 765 1708; x_wconf 74' lang='lat' dir='ltr'><strong>Epigramma.</strong></span> 
     </span>
    </p>

    <p class='ocr_par' dir='ltr' id='par_1_7' title="bbox 48 1707 1498 2160">
     <span class='ocr_line' id='line_1_27' title="bbox 215 1707 1234 1766; baseline 0 -14"><span class='ocrx_word' id='word_1_235' title='bbox 215 1708 476 1766; x_wconf 69' lang='grc' dir='ltr'><strong>Εἰφοριίυνι</strong></span> <span class='ocrx_word' id='word_1_236' title='bbox 458 1729 479 1753; x_wconf 87' lang='lat' dir='ltr'><strong>o</strong></span> <span class='ocrx_word' id='word_1_237' title='bbox 502 1710 698 1766; x_wconf 76' lang='grc' dir='ltr'>περισσὸν</span> <span class='ocrx_word' id='word_1_238' title='bbox 717 1707 985 1765; x_wconf 74' lang='grc' dir='ltr'>ἐπιστάμενός</span> <span class='ocrx_word' id='word_1_239' title='bbox 1004 1729 1042 1756; x_wconf 80' lang='grc' dir='ltr'>τι</span> <span class='ocrx_word' id='word_1_240' title='bbox 1064 1716 1234 1766; x_wconf 82' lang='grc' dir='ltr'>ποιῆσαι</span> 
     </span>
     <span class='ocr_line' id='line_1_28' title="bbox 267 1769 1161 1822; baseline 0 -13"><span class='ocrx_word' id='word_1_241' title='bbox 267 1770 510 1820; x_wconf 77' lang='grc' dir='ltr'>Πειραϊκοῖς</span> <span class='ocrx_word' id='word_1_242' title='bbox 530 1774 655 1809; x_wconf 73' lang='grc' dir='ltr'>κεῖται</span> <span class='ocrx_word' id='word_1_243' title='bbox 675 1770 812 1810; x_wconf 78' lang='grc' dir='ltr'>τοῖσδε</span> <span class='ocrx_word' id='word_1_244' title='bbox 833 1785 946 1822; x_wconf 78' lang='grc' dir='ltr'><strong><em>παρα</em></strong></span> <span class='ocrx_word' id='word_1_245' title='bbox 967 1769 1161 1811; x_wconf 73' lang='grc' dir='ltr'><strong>σκέλεσιν.</strong></span> 
     </span>
     <span class='ocr_line' id='line_1_29' title="bbox 48 1824 1494 1875; baseline -0.001 -12"><span class='ocrx_word' id='word_1_246' title='bbox 48 1826 121 1864; x_wconf 89' lang='lat' dir='ltr'><strong>Vir</strong></span> <span class='ocrx_word' id='word_1_247' title='bbox 147 1828 249 1864; x_wconf 89' lang='lat' dir='ltr'><strong>enim</strong></span> <span class='ocrx_word' id='word_1_248' title='bbox 277 1826 476 1873; x_wconf 85' lang='lat' dir='ltr'><strong>eruditus,</strong></span> <span class='ocrx_word' id='word_1_249' title='bbox 503 1828 569 1875; x_wconf 82' lang='lat' dir='ltr'><strong>qui</strong></span> <span class='ocrx_word' id='word_1_250' title='bbox 597 1825 697 1864; x_wconf 84' lang='lat' dir='ltr'><strong>Bibl.</strong></span> <span class='ocrx_word' id='word_1_251' title='bbox 725 1825 1016 1865; x_wconf 83' lang='lat' dir='ltr'><strong>Uffenbachian.</strong></span> <span class='ocrx_word' id='word_1_252' title='bbox 1040 1827 1145 1864; x_wconf 75' lang='lat' dir='ltr'><strong>Part.</strong></span> <span class='ocrx_word' id='word_1_253' title='bbox 1167 1824 1213 1863; x_wconf 89' lang='lat'><strong>11.</strong></span> <span class='ocrx_word' id='word_1_254' title='bbox 1245 1838 1281 1874; x_wconf 84' lang='lat' dir='ltr'><strong>p.</strong></span> <span class='ocrx_word' id='word_1_255' title='bbox 1318 1824 1423 1865; x_wconf 82' lang='lat'><strong>582.</strong></span> <span class='ocrx_word' id='word_1_256' title='bbox 1453 1825 1494 1862; x_wconf 85' lang='lat' dir='ltr'><strong>id</strong></span> 
     </span>
     <span class='ocr_line' id='line_1_30' title="bbox 49 1883 1496 1952; baseline -0.001 -33"><span class='ocrx_word' id='word_1_257' title='bbox 49 1883 281 1937; x_wconf 72' lang='lat' dir='ltr'><strong>publicavit,</strong></span> <span class='ocrx_word' id='word_1_258' title='bbox 309 1884 513 1929; x_wconf 77' lang='grc' dir='ltr'><em>σκελετοῒς</em></span> <span class='ocrx_word' id='word_1_259' title='bbox 541 1885 740 1952; x_wconf 74' lang='grc' dir='ltr'>οοιιί3ειιε</span> <span class='ocrx_word' id='word_1_260' title='bbox 765 1890 803 1920; x_wconf 87' lang='lat' dir='ltr'><strong>et</strong></span> <span class='ocrx_word' id='word_1_261' title='bbox 824 1883 995 1922; x_wconf 69' lang='grc' dir='ltr'>Ρίναὶσι</span> <span class='ocrx_word' id='word_1_262' title='bbox 1025 1885 1231 1922; x_wconf 66' lang='lat' dir='ltr'><strong>cadavera</strong></span> <span class='ocrx_word' id='word_1_263' title='bbox 1260 1883 1496 1932; x_wconf 82' lang='lat' dir='ltr'><strong>intelligens,</strong></span> 
     </span>
     <span class='ocr_line' id='line_1_31' title="bbox 49 1935 1496 1990; baseline -0.002 -14"><span class='ocrx_word' id='word_1_264' title='bbox 49 1941 192 1978; x_wconf 88' lang='lat' dir='ltr'><strong>nimius</strong></span> <span class='ocrx_word' id='word_1_265' title='bbox 211 1944 283 1975; x_wconf 88' lang='lat' dir='ltr'><strong>est.</strong></span> <span class='ocrx_word' id='word_1_266' title='bbox 321 1938 414 1976; x_wconf 84' lang='lat' dir='ltr'><strong>Mox</strong></span> <span class='ocrx_word' id='word_1_267' title='bbox 430 1940 587 1977; x_wconf 79' lang='lat' dir='ltr'><strong>mallem-</strong></span> <span class='ocrx_word' id='word_1_268' title='bbox 601 1937 660 1990; x_wconf 85' lang='grc' dir='ltr'><strong>μὴ</strong></span> <span class='ocrx_word' id='word_1_269' title='bbox 682 1936 852 1980; x_wconf 79' lang='grc' dir='ltr'>πλεῖον</span> <span class='ocrx_word' id='word_1_270' title='bbox 839 1938 943 1989; x_wconf 63' lang='grc' dir='ltr'>ἔχειν</span> <span class='ocrx_word' id='word_1_271' title='bbox 966 1935 1138 1980; x_wconf 71' lang='grc' dir='ltr'><strong>δώδεκα.</strong></span> <span class='ocrx_word' id='word_1_272' title='bbox 1178 1939 1308 1976; x_wconf 86' lang='lat' dir='ltr'><strong>Nam</strong></span> <span class='ocrx_word' id='word_1_273' title='bbox 1299 1951 1345 1974; x_wconf 87' lang='grc' dir='ltr'>ιιι-</span> <span class='ocrx_word' id='word_1_274' title='bbox 1362 1938 1496 1975; x_wconf 83' lang='lat' dir='ltr'><strong>condi-</strong></span> 
     </span>
     <span class='ocr_line' id='line_1_32' title="bbox 49 1995 1497 2048; baseline -0.002 -15"><span class='ocrx_word' id='word_1_275' title='bbox 49 1996 221 2034; x_wconf 80' lang='lat' dir='ltr'><strong>tionibus</strong></span> <span class='ocrx_word' id='word_1_276' title='bbox 239 1996 467 2033; x_wconf 81' lang='lat' dir='ltr'><strong>nominatim</strong></span> <span class='ocrx_word' id='word_1_277' title='bbox 482 1996 585 2043; x_wconf 83' lang='lat' dir='ltr'><strong>fuit,</strong></span> <span class='ocrx_word' id='word_1_278' title='bbox 608 2003 652 2033; x_wconf 86' lang='lat' dir='ltr'><strong>ut</strong></span> <span class='ocrx_word' id='word_1_279' title='bbox 672 2005 733 2032; x_wconf 79' lang='grc' dir='ltr'><strong>ΧΗ</strong></span> <span class='ocrx_word' id='word_1_280' title='bbox 754 2008 874 2033; x_wconf 84' lang='lat' dir='ltr'><strong>naves</strong></span> <span class='ocrx_word' id='word_1_281' title='bbox 896 1997 1034 2048; x_wconf 83' lang='lat' dir='ltr'><strong>longae</strong></span> <span class='ocrx_word' id='word_1_282' title='bbox 1056 1995 1356 2036; x_wconf 80' lang='lat' dir='ltr'><strong>Atheniensibus</strong></span> <span class='ocrx_word' id='word_1_283' title='bbox 1376 1995 1497 2031; x_wconf 85' lang='lat' dir='ltr'><strong>relin-</strong></span> 
     </span>
     <span class='ocr_line' id='line_1_33' title="bbox 50 2050 1494 2103; baseline 0.001 -14"><span class='ocrx_word' id='word_1_284' title='bbox 50 2059 282 2101; x_wconf 64' lang='lat' dir='ltr'><strong>querentur,</strong></span> <span class='ocrx_word' id='word_1_285' title='bbox 298 2053 354 2088; x_wconf 88' lang='lat' dir='ltr'><strong>sic</strong></span> <span class='ocrx_word' id='word_1_286' title='bbox 371 2058 474 2089; x_wconf 84' lang='lat' dir='ltr'><strong>certe</strong></span> <span class='ocrx_word' id='word_1_287' title='bbox 493 2064 636 2103; x_wconf 78' lang='lat' dir='ltr'><strong>magna</strong></span> <span class='ocrx_word' id='word_1_288' title='bbox 651 2051 1088 2101; x_wconf 78' lang='lat' dir='ltr'><strong>concordiaXenophon</strong></span> <span class='ocrx_word' id='word_1_289' title='bbox 1100 2052 1252 2090; x_wconf 83' lang='lat' dir='ltr'><strong>Hellen.</strong></span> <span class='ocrx_word' id='word_1_290' title='bbox 1268 2050 1315 2091; x_wconf 86' lang='lat' dir='ltr'><strong>ll.</strong></span> <span class='ocrx_word' id='word_1_291' title='bbox 1333 2064 1377 2102; x_wconf 87' lang='lat' dir='ltr'><strong>p.</strong></span> <span class='ocrx_word' id='word_1_292' title='bbox 1389 2051 1494 2090; x_wconf 87' lang='grc'><strong>359.</strong></span> 
     </span>
     <span class='ocr_line' id='line_1_34' title="bbox 51 2106 1498 2160; baseline -0.002 -13"><span class='ocrx_word' id='word_1_293' title='bbox 51 2107 270 2147; x_wconf 83' lang='lat' dir='ltr'><strong>Andocides</strong></span> <span class='ocrx_word' id='word_1_294' title='bbox 290 2107 357 2145; x_wconf 87' lang='lat' dir='ltr'><strong>Or.</strong></span> <span class='ocrx_word' id='word_1_295' title='bbox 376 2107 422 2145; x_wconf 82' lang='lat' dir='ltr'><strong>de</strong></span> <span class='ocrx_word' id='word_1_296' title='bbox 441 2109 530 2146; x_wconf 84' lang='lat' dir='ltr'><strong>Pae.</strong></span> <span class='ocrx_word' id='word_1_297' title='bbox 548 2121 584 2157; x_wconf 94' lang='grc' dir='ltr'><strong>Ρ.</strong></span> <span class='ocrx_word' id='word_1_298' title='bbox 606 2110 681 2149; x_wconf 90' lang='grc'><strong>25.</strong></span> <span class='ocrx_word' id='word_1_299' title='bbox 712 2115 750 2145; x_wconf 86' lang='lat' dir='ltr'><strong>et</strong></span> <span class='ocrx_word' id='word_1_300' title='bbox 768 2108 963 2147; x_wconf 84' lang='lat' dir='ltr'><strong>Plutarch.</strong></span> <span class='ocrx_word' id='word_1_301' title='bbox 982 2109 1150 2160; x_wconf 77' lang='lat' dir='ltr'><strong>Lysand.</strong></span> <span class='ocrx_word' id='word_1_302' title='bbox 1170 2121 1205 2158; x_wconf 87' lang='lat' dir='ltr'><strong>p.</strong></span> <span class='ocrx_word' id='word_1_303' title='bbox 1226 2108 1332 2148; x_wconf 86' lang='grc'><strong>411.</strong></span> <span class='ocrx_word' id='word_1_304' title='bbox 1364 2106 1498 2145; x_wconf 69' lang='lat' dir='ltr'><strong>Wnss.</strong></span> 
     </span>
    </p>

    <p class='ocr_par' dir='ltr' id='par_1_8' title="bbox 52 2158 1499 2610">
     <span class='ocr_line' id='line_1_35' title="bbox 165 2158 1496 2218; baseline -0.003 -13"><span class='ocrx_word' id='word_1_305' title='bbox 165 2165 274 2206; x_wconf 79' lang='grc'><strong>630</strong></span> <span class='ocrx_word' id='word_1_306' title='bbox 305 2165 376 2205; x_wconf 87' lang='grc'><strong>15.</strong></span> <span class='ocrx_word' id='word_1_307' title='bbox 419 2163 504 2204; x_wconf 85' lang='grc' dir='ltr'>Και</span> <span class='ocrx_word' id='word_1_308' title='bbox 532 2158 654 2217; x_wconf 72' lang='grc' dir='ltr'><em>ἧρξεν</em></span> <span class='ocrx_word' id='word_1_309' title='bbox 683 2161 754 2217; x_wconf 72' lang='grc' dir='ltr'><strong>ἔτη</strong></span> <span class='ocrx_word' id='word_1_310' title='bbox 784 2163 879 2217; x_wconf 80' lang='grc' dir='ltr'><strong><em>τρία</em></strong></span> <span class='ocrx_word' id='word_1_311' title='bbox 908 2163 1013 2218; x_wconf 72' lang='grc' dir='ltr'><em>πρὸς</em></span> <span class='ocrx_word' id='word_1_312' title='bbox 1042 2170 1129 2211; x_wconf 81' lang='grc' dir='ltr'><strong><em>τοῖς</em></strong></span> <span class='ocrx_word' id='word_1_313' title='bbox 1155 2159 1496 2215; x_wconf 75' lang='grc' dir='ltr'>τεσσαράκοντα]</span> 
     </span>
     <span class='ocr_line' id='line_1_36' title="bbox 52 2219 1498 2272; baseline 0 -13"><span class='ocrx_word' id='word_1_314' title='bbox 52 2219 199 2259; x_wconf 86' lang='lat' dir='ltr'><strong>Eodem</strong></span> <span class='ocrx_word' id='word_1_315' title='bbox 226 2223 408 2269; x_wconf 83' lang='lat' dir='ltr'><strong>temporis</strong></span> <span class='ocrx_word' id='word_1_316' title='bbox 434 2224 560 2271; x_wconf 83' lang='lat' dir='ltr'><strong>spatio</strong></span> <span class='ocrx_word' id='word_1_317' title='bbox 590 2234 757 2272; x_wconf 79' lang='lat' dir='ltr'><strong>regnum</strong></span> <span class='ocrx_word' id='word_1_318' title='bbox 782 2224 863 2259; x_wconf 88' lang='lat' dir='ltr'><strong>eius</strong></span> <span class='ocrx_word' id='word_1_319' title='bbox 890 2222 1215 2260; x_wconf 81' lang='lat' dir='ltr'><strong>circumscribitur</strong></span> <span class='ocrx_word' id='word_1_320' title='bbox 1241 2221 1282 2258; x_wconf 92' lang='grc' dir='ltr'><strong>Ι.</strong></span> <span class='ocrx_word' id='word_1_321' title='bbox 1311 2219 1399 2258; x_wconf 83' lang='lat' dir='ltr'><strong>XV.</strong></span> <span class='ocrx_word' id='word_1_322' title='bbox 1423 2220 1498 2259; x_wconf 88' lang='grc'><strong>93.</strong></span> 
     </span>
     <span class='ocr_line' id='line_1_37' title="bbox 54 2275 1499 2328; baseline -0.001 -15"><span class='ocrx_word' id='word_1_323' title='bbox 54 2277 104 2313; x_wconf 89' lang='lat' dir='ltr'><strong>At</strong></span> <span class='ocrx_word' id='word_1_324' title='bbox 122 2290 259 2328; x_wconf 84' lang='lat' dir='ltr'><strong>magna</strong></span> <span class='ocrx_word' id='word_1_325' title='bbox 277 2276 338 2314; x_wconf 88' lang='lat' dir='ltr'><strong>hic</strong></span> <span class='ocrx_word' id='word_1_326' title='bbox 356 2277 455 2328; x_wconf 83' lang='lat' dir='ltr'><strong>apud</strong></span> <span class='ocrx_word' id='word_1_327' title='bbox 473 2280 570 2316; x_wconf 83' lang='lat' dir='ltr'><strong>alios</strong></span> <span class='ocrx_word' id='word_1_328' title='bbox 591 2278 793 2315; x_wconf 78' lang='lat' dir='ltr'><strong>discordia.</strong></span> <span class='ocrx_word' id='word_1_329' title='bbox 826 2277 1018 2317; x_wconf 89' lang='lat' dir='ltr'><strong>Eusebius</strong></span> <span class='ocrx_word' id='word_1_330' title='bbox 1033 2291 1156 2316; x_wconf 79' lang='lat' dir='ltr'><strong>annos</strong></span> <span class='ocrx_word' id='word_1_331' title='bbox 1177 2278 1235 2314; x_wconf 92' lang='lat' dir='ltr'>illi</span> <span class='ocrx_word' id='word_1_332' title='bbox 1255 2287 1308 2313; x_wconf 78' lang='lat' dir='ltr'><strong>XI.</strong></span> <span class='ocrx_word' id='word_1_333' title='bbox 1320 2303 1332 2323; x_wconf 92' lang='lat'><strong>‚</strong></span> <span class='ocrx_word' id='word_1_334' title='bbox 1363 2275 1499 2313; x_wconf 70' lang='lat' dir='ltr'><strong>Canon</strong></span> 
     </span>
     <span class='ocr_line' id='line_1_38' title="bbox 54 2333 1496 2384; baseline 0.001 -15"><span class='ocrx_word' id='word_1_335' title='bbox 54 2334 346 2371; x_wconf 83' lang='lat' dir='ltr'><strong>Astronomicus</strong></span> <span class='ocrx_word' id='word_1_336' title='bbox 378 2344 501 2382; x_wconf 70' lang='lat' dir='ltr'>XLVI,</span> <span class='ocrx_word' id='word_1_337' title='bbox 540 2333 773 2372; x_wconf 84' lang='lat' dir='ltr'><strong>Plutarchus</strong></span> <span class='ocrx_word' id='word_1_338' title='bbox 805 2334 941 2372; x_wconf 82' lang='lat' dir='ltr'><strong>Artax.</strong></span> <span class='ocrx_word' id='word_1_339' title='bbox 976 2348 1012 2384; x_wconf 88' lang='lat' dir='ltr'><strong>p.</strong></span> <span class='ocrx_word' id='word_1_340' title='bbox 1047 2336 1181 2377; x_wconf 86' lang='grc'><strong>1027.</strong></span> <span class='ocrx_word' id='word_1_341' title='bbox 1210 2344 1296 2371; x_wconf 80' lang='lat' dir='ltr'><strong>an</strong></span> <span class='ocrx_word' id='word_1_342' title='bbox 1331 2335 1496 2381; x_wconf 79' lang='lat' dir='ltr'><strong>inputat.</strong></span> 
     </span>
     <span class='ocr_line' id='line_1_39' title="bbox 55 2389 1498 2442; baseline -0.001 -16"><span class='ocrx_word' id='word_1_343' title='bbox 55 2389 158 2427; x_wconf 84' lang='lat' dir='ltr'><strong>Hinc</strong></span> <span class='ocrx_word' id='word_1_344' title='bbox 193 2390 234 2426; x_wconf 77' lang='lat' dir='ltr'><strong>in</strong></span> <span class='ocrx_word' id='word_1_345' title='bbox 267 2397 396 2440; x_wconf 84' lang='lat' dir='ltr'><strong>partes</strong></span> <span class='ocrx_word' id='word_1_346' title='bbox 421 2390 711 2439; x_wconf 77' lang='lat' dir='ltr'><strong>distrahuntur,</strong></span> <span class='ocrx_word' id='word_1_347' title='bbox 749 2393 815 2439; x_wconf 84' lang='lat' dir='ltr'><strong>qui</strong></span> <span class='ocrx_word' id='word_1_348' title='bbox 843 2393 956 2442; x_wconf 84' lang='lat' dir='ltr'><strong>regni</strong></span> <span class='ocrx_word' id='word_1_349' title='bbox 982 2391 1130 2429; x_wconf 84' lang='lat' dir='ltr'><strong>Persici</strong></span> <span class='ocrx_word' id='word_1_350' title='bbox 1155 2403 1278 2428; x_wconf 88' lang='lat' dir='ltr'><strong>annos</strong></span> <span class='ocrx_word' id='word_1_351' title='bbox 1304 2389 1498 2440; x_wconf 77' lang='lat' dir='ltr'><strong>digerunt,</strong></span> 
     </span>
     <span class='ocr_line' id='line_1_40' title="bbox 56 2444 1499 2500; baseline 0 -16"><span class='ocrx_word' id='word_1_352' title='bbox 56 2446 169 2484; x_wconf 88' lang='lat' dir='ltr'><strong>modo</strong></span> <span class='ocrx_word' id='word_1_353' title='bbox 179 2444 293 2494; x_wconf 88' lang='lat' dir='ltr'><strong>hunc,</strong></span> <span class='ocrx_word' id='word_1_354' title='bbox 305 2447 415 2484; x_wconf 88' lang='lat' dir='ltr'><strong>modo</strong></span> <span class='ocrx_word' id='word_1_355' title='bbox 427 2448 548 2496; x_wconf 87' lang='lat' dir='ltr'><strong>illum,</strong></span> <span class='ocrx_word' id='word_1_356' title='bbox 569 2454 637 2485; x_wconf 79' lang='lat' dir='ltr'><strong>aut</strong></span> <span class='ocrx_word' id='word_1_357' title='bbox 653 2449 771 2485; x_wconf 82' lang='lat' dir='ltr'><strong>etiam</strong></span> <span class='ocrx_word' id='word_1_358' title='bbox 790 2450 952 2485; x_wconf 79' lang='lat' dir='ltr'><strong>tertium</strong></span> <span class='ocrx_word' id='word_1_359' title='bbox 964 2449 1107 2485; x_wconf 87' lang='lat' dir='ltr'><strong>secuti:</strong></span> <span class='ocrx_word' id='word_1_360' title='bbox 1135 2448 1365 2500; x_wconf 74' lang='lat' dir='ltr'><strong>quamlitem</strong></span> <span class='ocrx_word' id='word_1_361' title='bbox 1377 2458 1499 2484; x_wconf 85' lang='lat' dir='ltr'><strong>meam</strong></span> 
     </span>
     <span class='ocr_line' id='line_1_41' title="bbox 57 2500 1496 2554; baseline 0 -14"><span class='ocrx_word' id='word_1_362' title='bbox 57 2515 160 2540; x_wconf 81' lang='lat' dir='ltr'><strong>nune</strong></span> <span class='ocrx_word' id='word_1_363' title='bbox 186 2515 266 2540; x_wconf 86' lang='lat' dir='ltr'><strong>non</strong></span> <span class='ocrx_word' id='word_1_364' title='bbox 294 2503 408 2540; x_wconf 84' lang='lat' dir='ltr'><strong>facio.</strong></span> <span class='ocrx_word' id='word_1_365' title='bbox 453 2503 551 2541; x_wconf 90' lang='lat' dir='ltr'><strong>Vide</strong></span> <span class='ocrx_word' id='word_1_366' title='bbox 575 2504 778 2542; x_wconf 87' lang='lat' dir='ltr'><strong>Petavium</strong></span> <span class='ocrx_word' id='word_1_367' title='bbox 804 2503 920 2543; x_wconf 76' lang='lat' dir='ltr'><strong>Dect.</strong></span> <span class='ocrx_word' id='word_1_368' title='bbox 943 2502 1075 2554; x_wconf 87' lang='lat' dir='ltr'><strong>Temp.</strong></span> <span class='ocrx_word' id='word_1_369' title='bbox 1094 2503 1136 2541; x_wconf 92' lang='lat' dir='ltr'><strong>L.</strong></span> <span class='ocrx_word' id='word_1_370' title='bbox 1161 2502 1213 2541; x_wconf 81' lang='lat' dir='ltr'><strong>X.</strong></span> <span class='ocrx_word' id='word_1_371' title='bbox 1234 2504 1307 2543; x_wconf 87' lang='lat'><strong>31.</strong></span> <span class='ocrx_word' id='word_1_372' title='bbox 1331 2508 1369 2539; x_wconf 89' lang='lat' dir='ltr'><strong>et</strong></span> <span class='ocrx_word' id='word_1_373' title='bbox 1386 2500 1496 2540; x_wconf 89' lang='lat' dir='ltr'><strong>Hier.</strong></span> 
     </span>
     <span class='ocr_line' id='line_1_42' title="bbox 58 2557 1327 2610; baseline -0.001 -14"><span class='ocrx_word' id='word_1_374' title='bbox 58 2571 136 2596; x_wconf 87' lang='lat' dir='ltr'><strong>van</strong></span> <span class='ocrx_word' id='word_1_375' title='bbox 163 2557 312 2607; x_wconf 85' lang='lat' dir='ltr'><strong>&#39;Alphen</strong></span> <span class='ocrx_word' id='word_1_376' title='bbox 334 2560 374 2596; x_wconf 89' lang='lat' dir='ltr'><strong>in</strong></span> <span class='ocrx_word' id='word_1_377' title='bbox 391 2558 543 2599; x_wconf 79' lang='lat' dir='ltr'><strong>Daniel.</strong></span> <span class='ocrx_word' id='word_1_378' title='bbox 564 2573 598 2599; x_wconf 88' lang='lat' dir='ltr'><strong>e.</strong></span> <span class='ocrx_word' id='word_1_379' title='bbox 621 2559 691 2598; x_wconf 82' lang='lat' dir='ltr'><strong>IX.</strong></span> <span class='ocrx_word' id='word_1_380' title='bbox 719 2561 761 2598; x_wconf 78' lang='grc' dir='ltr'><strong>Ρ.</strong></span> <span class='ocrx_word' id='word_1_381' title='bbox 783 2560 850 2598; x_wconf 90' lang='lat' dir='ltr'><strong>lll.</strong></span> <span class='ocrx_word' id='word_1_382' title='bbox 875 2573 911 2597; x_wconf 82' lang='lat' dir='ltr'><strong>c.</strong></span> <span class='ocrx_word' id='word_1_383' title='bbox 927 2562 969 2601; x_wconf 85' lang='lat'><strong>9.</strong></span> <span class='ocrx_word' id='word_1_384' title='bbox 992 2573 1029 2610; x_wconf 84' lang='grc' dir='ltr'><strong>Ρ.</strong></span> <span class='ocrx_word' id='word_1_385' title='bbox 1048 2562 1155 2604; x_wconf 85' lang='grc'><strong>217.</strong></span> <span class='ocrx_word' id='word_1_386' title='bbox 1190 2559 1327 2597; x_wconf 54' lang='grc' dir='ltr'><strong>ἶνιῑεε.</strong></span> 
     </span>
    </p>

    <p class='ocr_par' dir='ltr' id='par_1_9' title="bbox 59 2612 1502 2892">
     <span class='ocr_line' id='line_1_43' title="bbox 171 2612 1502 2668; baseline -0.003 -13"><span class='ocrx_word' id='word_1_387' title='bbox 171 2615 278 2655; x_wconf 90' lang='grc'><strong>630.</strong></span> <span class='ocrx_word' id='word_1_388' title='bbox 307 2617 379 2656; x_wconf 88' lang='grc'><strong>16.</strong></span> <span class='ocrx_word' id='word_1_389' title='bbox 404 2613 650 2666; x_wconf 78' lang='grc' dir='ltr'><strong><em>Ἀντίμαχον</em></strong></span> <span class='ocrx_word' id='word_1_390' title='bbox 665 2614 739 2655; x_wconf 81' lang='grc' dir='ltr'><strong>τὸν</strong></span> <span class='ocrx_word' id='word_1_391' title='bbox 759 2614 933 2668; x_wconf 74' lang='grc' dir='ltr'>ποιητὴν</span> <span class='ocrx_word' id='word_1_392' title='bbox 956 2638 1005 2646; x_wconf 84' lang='lat'><strong>--</strong></span> <span class='ocrx_word' id='word_1_393' title='bbox 1033 2639 1080 2645; x_wconf 94' lang='lat'><strong>·——</strong></span> <span class='ocrx_word' id='word_1_394' title='bbox 1103 2612 1353 2668; x_wconf 74' lang='grc' dir='ltr'>ἠνθηκὲναι]</span> <span class='ocrx_word' id='word_1_395' title='bbox 1383 2613 1502 2663; x_wconf 84' lang='lat' dir='ltr'><strong>Apol-</strong></span> 
     </span>
     <span class='ocr_line' id='line_1_44' title="bbox 59 2669 1501 2721; baseline 0 -15"><span class='ocrx_word' id='word_1_396' title='bbox 59 2670 232 2707; x_wconf 87' lang='lat' dir='ltr'><strong>lodorum</strong></span> <span class='ocrx_word' id='word_1_397' title='bbox 253 2671 297 2707; x_wconf 88' lang='lat' dir='ltr'><strong>de</strong></span> <span class='ocrx_word' id='word_1_398' title='bbox 321 2671 540 2711; x_wconf 88' lang='lat' dir='ltr'><strong>Antimachi</strong></span> <span class='ocrx_word' id='word_1_399' title='bbox 561 2680 683 2710; x_wconf 84' lang='lat' dir='ltr'><strong>aetate</strong></span> <span class='ocrx_word' id='word_1_400' title='bbox 702 2686 795 2710; x_wconf 85' lang='lat' dir='ltr'><strong>vera</strong></span> <span class='ocrx_word' id='word_1_401' title='bbox 812 2673 1038 2721; x_wconf 72' lang='lat' dir='ltr'><strong>tradidisse,</strong></span> <span class='ocrx_word' id='word_1_402' title='bbox 1062 2674 1190 2710; x_wconf 83' lang='lat' dir='ltr'><strong>firmat</strong></span> <span class='ocrx_word' id='word_1_403' title='bbox 1209 2674 1310 2710; x_wconf 88' lang='lat' dir='ltr'><strong>Plut.</strong></span> <span class='ocrx_word' id='word_1_404' title='bbox 1334 2669 1501 2721; x_wconf 87' lang='lat' dir='ltr'><strong>Lysand.</strong></span> 
     </span>
     <span class='ocr_line' id='line_1_45' title="bbox 60 2726 1502 2779; baseline -0.001 -16"><span class='ocrx_word' id='word_1_405' title='bbox 60 2741 96 2776; x_wconf 89' lang='lat' dir='ltr'><strong>p.</strong></span> <span class='ocrx_word' id='word_1_406' title='bbox 116 2728 221 2767; x_wconf 79' lang='grc'><strong>443.</strong></span> <span class='ocrx_word' id='word_1_407' title='bbox 243 2726 290 2763; x_wconf 90' lang='lat' dir='ltr'>D.</span> <span class='ocrx_word' id='word_1_408' title='bbox 320 2736 357 2764; x_wconf 88' lang='lat' dir='ltr'><strong>et</strong></span> <span class='ocrx_word' id='word_1_409' title='bbox 377 2727 534 2766; x_wconf 85' lang='lat' dir='ltr'><strong>Proclus</strong></span> <span class='ocrx_word' id='word_1_410' title='bbox 550 2731 591 2766; x_wconf 86' lang='lat' dir='ltr'><strong>in</strong></span> <span class='ocrx_word' id='word_1_411' title='bbox 609 2728 811 2766; x_wconf 85' lang='lat' dir='ltr'><strong>Timaeum</strong></span> <span class='ocrx_word' id='word_1_412' title='bbox 831 2729 932 2767; x_wconf 89' lang='lat' dir='ltr'><strong>Plat.</strong></span> <span class='ocrx_word' id='word_1_413' title='bbox 947 2743 982 2779; x_wconf 87' lang='grc' dir='ltr'><strong>Ρ.</strong></span> <span class='ocrx_word' id='word_1_414' title='bbox 998 2732 1072 2771; x_wconf 82' lang='lat'><strong>28.</strong></span> <span class='ocrx_word' id='word_1_415' title='bbox 1098 2729 1209 2766; x_wconf 87' lang='lat' dir='ltr'><strong>Plato</strong></span> <span class='ocrx_word' id='word_1_416' title='bbox 1232 2726 1502 2766; x_wconf 85' lang='lat' dir='ltr'><strong>Antimachum</strong></span> 
     </span>
     <span class='ocr_line' id='line_1_46' title="bbox 60 2782 1502 2837; baseline -0.001 -17"><span class='ocrx_word' id='word_1_417' title='bbox 60 2782 237 2820; x_wconf 86' lang='lat' dir='ltr'><strong>Choerilo</strong></span> <span class='ocrx_word' id='word_1_418' title='bbox 265 2784 378 2834; x_wconf 83' lang='lat' dir='ltr'><strong>longe</strong></span> <span class='ocrx_word' id='word_1_419' title='bbox 399 2786 687 2832; x_wconf 84' lang='lat' dir='ltr'><strong>praeferendum</strong></span> <span class='ocrx_word' id='word_1_420' title='bbox 714 2786 913 2832; x_wconf 70' lang='lat' dir='ltr'><strong>censebat,</strong></span> <span class='ocrx_word' id='word_1_421' title='bbox 949 2799 1024 2837; x_wconf 90' lang='lat' dir='ltr'><strong>quo</strong></span> <span class='ocrx_word' id='word_1_422' title='bbox 1048 2793 1196 2837; x_wconf 85' lang='lat' dir='ltr'><strong>spectat</strong></span> <span class='ocrx_word' id='word_1_423' title='bbox 1214 2785 1502 2833; x_wconf 86' lang='lat' dir='ltr'><strong>inpurissimum</strong></span> 
     </span>
     <span class='ocr_line' id='line_1_47' title="bbox 63 2838 1502 2892; baseline 0.001 -17"><span class='ocrx_word' id='word_1_424' title='bbox 63 2838 229 2876; x_wconf 82' lang='lat' dir='ltr'><strong>Cratetis</strong></span> <span class='ocrx_word' id='word_1_425' title='bbox 248 2839 504 2890; x_wconf 77' lang='lat' dir='ltr'><strong>Epigramma,</strong></span> <span class='ocrx_word' id='word_1_426' title='bbox 529 2842 630 2892; x_wconf 87' lang='lat' dir='ltr'><strong>quod</strong></span> <span class='ocrx_word' id='word_1_427' title='bbox 648 2844 832 2880; x_wconf 86' lang='lat' dir='ltr'><strong>aliorsum</strong></span> <span class='ocrx_word' id='word_1_428' title='bbox 850 2842 1006 2881; x_wconf 80' lang='lat' dir='ltr'><strong>deflexit</strong></span> <span class='ocrx_word' id='word_1_429' title='bbox 1020 2841 1076 2880; x_wconf 87' lang='lat' dir='ltr'><strong>Cl.</strong></span> <span class='ocrx_word' id='word_1_430' title='bbox 1096 2842 1306 2880; x_wconf 79' lang='lat' dir='ltr'><strong>Salmasius</strong></span> <span class='ocrx_word' id='word_1_431' title='bbox 1325 2840 1371 2877; x_wconf 88' lang='lat' dir='ltr'><strong>ad</strong></span> <span class='ocrx_word' id='word_1_432' title='bbox 1384 2838 1502 2888; x_wconf 79' lang='lat' dir='ltr'><strong>Spar-</strong></span> 
     </span>
    </p>
   </div>
  </div>
 </body>
</html>
