1828 3253
420 204 486 244 IN
513 203 624 245 LIB.
651 203 734 244 XI.
773 202 900 243 CAP.
933 205 1004 246 55.
1028 226 1076 235 -
1105 207 1178 248 58.
1434 210 1520 251 531

80 319 237 358 vocitat.
277 320 352 364 Qui
369 331 462 364 vero
480 317 652 357 Xerxem
673 317 828 367 eiusque
858 319 1008 366 copias,
1037 325 1239 368 antequam
1265 321 1306 358 in
1325 319 1517 369 Europam

78 378 358 423 tramittereut,
381 375 758 427 magnificentissimo
778 374 943 422 hospitio
963 377 1133 423 excepit,
1163 378 1197 413 is
1215 375 1412 416 Herodoto
1433 377 1514 415 Vll.

79 433 153 471 27.
186 431 373 481 Pythius,
403 431 505 482 Myis
531 431 597 478 F.,
632 438 699 468 est.
731 430 867 468 W'Ess.

190 500 295 539 446.
328 499 400 539 37.
436 495 630 549 Ἀγαγεΐν
656 494 782 537 αὑτὸν
802 495 905 551 πρὸς
925 493 997 536 τὸν
1018 493 1208 550 Ξέρξην]
1246 498 1429 549 Sequitur
1447 516 1512 539 eos

80 556 305 602 scriptores,
351 553 566 604 Ephorum,
616 552 830 600 Dinonem,
870 553 1123 600 Clitarchum,
1170 554 1433 605 Heraclidem,
1475 566 1512 595 ct

79 612 279 658 conplures
300 611 396 647 alios
419 609 633 656 Diodorus,
664 613 729 659 qui
749 608 1043 647 Themistoclem
1068 610 1240 648 Xerxem
1270 615 1399 664 regem
1417 628 1510 651 con-

76 669 228 703 venisse
257 665 496 703 tradiderunt
523 665 727 703 Plutarcho
749 672 845 703 teste
878 667 917 702 in
938 664 1121 703 Themist.
1152 678 1188 715 p.
1213 669 1315 708 125.
1336 669 1378 706 Β.
1429 670 1510 707 Nec

76 724 237 759 multum
267 722 419 760 diversa
453 728 510 758 est
535 721 582 758 D.
611 721 760 759 Petavii
789 725 978 759 sententia
1007 721 1049 758 L.
1076 721 1126 759 X.
1156 723 1201 760 de
1231 722 1342 762 Doct.
1377 724 1508 775 Temp.

77 791 109 816 c.
132 779 206 817 26.
247 778 296 815 At
323 777 566 828 Thucydides
588 776 614 814 l.
637 779 743 818 237.
776 786 814 815 et
833 777 983 815 Charon
1012 778 1312 828 Lampsacenus,
1335 782 1394 818 illi
1414 791 1508 820 tem-

74 836 158 881 pori
175 847 293 883 paene
316 835 512 882 aequales,
537 833 671 871 Xerxe
691 842 840 871 mortuo
868 834 915 871 ad
940 835 1214 883 Artaxerxem,
1241 844 1387 874 tantum
1406 841 1506 886 quod

72 893 183 940 regni
202 891 471 940 gubernaculis
499 891 751 937 assidentem,
779 891 920 928 adiisse
940 891 1161 928 adfirmant:
1195 905 1355 940 quorum
1377 897 1506 942 opinio

72 959 158 982 cum
189 947 352 983 vetustis
385 947 607 993 annalibus,
638 947 738 998 quod
766 949 841 984 iam
873 949 965 983 olim
994 948 1162 996 prodidit
1190 949 1439 997 Plutarchus,
1471 960 1508 990 et

72 1014 218 1039 summa
237 1002 437 1053 diligentia
458 1006 760 1040 conmonstravit
789 1002 912 1040 Celeb.
933 1003 1091 1040 Hieron.
1123 1017 1200 1041 van
1229 1005 1379 1053 Alphen
1403 1006 1507 1046 Part.

71 1057 138 1094 ΙΙΙ.
159 1072 190 1095 c.
208 1061 247 1098 6.
261 1057 505 1098 Conmentar.
531 1062 570 1096 in
582 1058 731 1096 Daniel.
752 1070 787 1098 c,
811 1070 882 1105 xx„
911 1061 1050 1107 optime
1072 1068 1273 1111 congruat,
1296 1076 1378 1100 eam
1397 1075 1507 1111 prae-

69 1114 266 1151 ferendam
286 1116 406 1163 priori
426 1115 602 1152 arbitror.
640 1113 782 1153 Rerum
800 1119 931 1163 series,
954 1123 996 1152 ut
1019 1115 1197 1165 deinceps
1218 1118 1422 1167 videbitur,
1441 1121 1506 1158 fir-

70 1177 150 1207 mat
170 1171 328 1207 eandem
351 1173 515 1222 egregie.
553 1171 688 1210 WVESS.

181 1232 288 1277 447.
316 1237 390 1278 48.
417 1235 610 1290 Ἀπήνην
632 1235 864 1277 πολυτελέσι
884 1233 1230 1289 παραπετάσ,ιιασι
1252 1242 1506 1292 κεκοσμημέ-

70 1293 171 1345 νην]
200 1293 288 1330 Non
309 1296 505 1343 praeteriit
522 1295 614 1331 haec
633 1293 808 1341 Diodori,
832 1301 874 1331 ut
895 1297 1026 1331 luxum
1046 1297 1245 1332 mulierum
1268 1297 1505 1336 Persicarnm

69 1356 317 1399 proponeret,
349 1349 463 1387 Barn.
491 1349 711 1388 Brissonius
744 1348 867 1400 Regn.
898 1350 1046 1387 Persar.
1078 1350 1120 1387 L.
1156 1351 1202 1388 ΙΙ.
1235 1366 1271 1401 p.
1296 1354 1398 1393 514.
1452 1355 1505 1392 Ut

69 1408 169 1442 enim
200 1413 330 1443 nostra
349 1414 472 1444 aetate
489 1404 567 1472 'per
596 1407 767 1443 Orientis
787 1409 964 1457 regiones
986 1408 1254 1454 inpensissime
1274 1417 1431 1456 cavent,
1457 1425 1505 1448 ne

69 1475 109 1499 se
127 1463 293 1499 feminae
316 1464 477 1500 aliorum
498 1465 538 1499 in
561 1468 803 1510 conspectum
827 1464 939 1509 dent,
971 1465 1021 1499 ita
1043 1470 1080 1499 et
1099 1465 1221 1500 veteri
1240 1477 1347 1501 aero.
1379 1468 1504 1510 Quare

67 1531 225 1569 peregre
253 1522 286 1555 si
324 1519 494 1565 abirent,
534 1519 707 1556 curribus
744 1521 885 1566 opertis
913 1519 1227 1566 includebantur,
1265 1523 1367 1568 sive,
1409 1535 1503 1571 quae

65 1573 263 1611 Plutarchi
281 1576 421 1622 verba,
451 1573 492 1613 ἓν
512 1580 603 1621 ταῖς
629 1569 925 1626 ὁδοιπορίαις
903 1572 983 1614 υπὸ
1007 1573 1160 1626 σκηνὰς
1188 1571 1321 1615 κυκΙιι)
1343 1592 1506 1629 neom-—

65 1628 304 1683 ‹pyrami-{vag
333 1629 396 1669 ἔπι
424 1633 507 1670 τῶν
535 1627 804 1683 ἁομαιιαξῶν.
833 1632 898 1679 qui
931 1642 1078 1680 quoque
1108 1645 1176 1681 pro
1200 1644 1241 1668 re
1270 1614 1508 1674 memorabili

67 1699 209 1724 morem
238 1689 340 1737 regis
379 1686 607 1724 Artaxerxis
647 1686 864 1724 Mnemonis
902 1690 1167 1737 consignavit,
1206 1700 1279 1736 quo
1312 1691 1506 1740 legitimae

65 1745 179 1779 uxori
199 1750 331 1780 auctor
350 1744 437 1790 fuit,
465 1750 519 1789 ut,
549 1745 659 1789 velis,
689 1755 784 1792 quae
805 1746 934 1780 currui
955 1754 1123 1792 oppansa
1144 1751 1266 1791 erant,
1295 1746 1504 1794 subductis,

65 1799 216 1836 facilem
243 1812 281 1835 se
313 1806 351 1835 et
378 1800 684 1848 conspiciendam
717 1798 916 1845 omnibus,
952 1801 1088 1868 quibus
1117 1813 1160 1835 ea
1191 1813 1290 1837 coni
1295 1810 1382 1839 enta
1404 1816 1504 1868 opus

67 1861 170 1902 erat,
206 1857 414 1904 praeberet.
447 1870 619 1907 γυναικα
651 1853 766 1907 τὴν
756 1855 926 1906 [νηπίαν
948 1855 1007 1893 ἐκέ
1003 1853 1126 1893 λευσε
1159 1858 1232 1906 τῆς
1254 1852 1451 1908 ιιρμιιμό.
1440 1865 1506 1910 ἠς

62 1908 138 1957 τὰς
158 1908 234 1949 αὖ)
239 1910 332 1957 αιάς
350 1912 480 1963 neme)
486 1916 554 1958 εἴν,
585 1908 697 1957 ὅπως
717 1927 753 1949 οι
776 1907 957 1961 δεοιιενοι
979 1908 1084 1950 κατὰ
1102 1907 1176 1962 τὴι
1197 1907 1296 1950 ὁὸὸν
1316 1911 1507 1966 ἕντιγχά-

62 1981 162 2006 νιυσι
202 1967 437 2018 Apopbtheg.
468 1980 503 2016 p.
529 1969 630 2007 173.
651 1967 692 2004 F.
732 1966 866 2004 WEss.

175 2035 280 2074 417.
316 2035 386 2075 73.
415 2033 607 2082 Ἐξαιτοῖ
615 2047 706 2080 ντος
724 2033 786 2072 ἔπι
809 2031 1037 2100 τιμωρίαν]
1069 2032 1155 2071 Non
1177 2034 1315 2082 refert,
1345 2035 1504 2075 hoccine

62 2091 250 2137 retineas,
283 2104 331 2128 an
353 2090 414 2130 ἐπι
435 2091 622 2146 τιμωοιίι.
670 2090 746 2127 Res
769 2093 851 2138 ipsa
879 2093 947 2127 xix
967 2091 1057 2126 alibi
1078 2090 1189 2127 obvia
1211 2098 1287 2137 est,
1314 2093 1411 2140 quod
1435 2098 1506 2132 mi-

62 2160 147 2184 rum
167 2160 243 2184 non
263 2154 342 2194 est,
367 2161 451 2184 cum
482 2149 653 2197 plerique
673 2145 938 2197 Thucydidem
960 2154 1178 2195 sequantur.
1225 2146 1305 2184 Nec
1327 2149 1506 2201 abhorret

62 2209 187 2240 tamen
208 2216 231 2240 a
249 2216 354 2241 vero.
376 2203 513 2242 VVESS.
1393 2235 1395 2239 Α

173 2271 280 2310 447
308 2272 382 2311 91.
410 2267 625 2321 νΕχουσαν
648 2264 864 2309 θάλατταν
886 2264 1083 2319 ευϊχθυν]
1113 2268 1330 2320 Negligunt
1349 2252 1505 2322 elegans

62 2325 287 2364 vocabulum
309 2326 536 2364 Lexicorum
554 2328 724 2377 plerique
743 2325 974 2362 conditores.
999 2322 1177 2362 Rhodum
1200 2333 1338 2373 tamen,
1352 2330 1505 2376 piscoso

63 2383 271 2419 incinctam
289 2385 406 2430 mari,
437 2380 606 2433 evi-[3217
629 2382 803 2433 Lynceus
820 2382 985 2431 adpellat
1005 2384 1045 2417 in
1066 2380 1203 2418 Athen.
1223 2382 1322 2420 Vlll.
1344 2395 1379 2431 p.
1401 2386 1506 2425 360.

64 2437 109 2474 Ε.
148 2437 239 2474 Mox
267 2441 339 2478 τοῦ
374 2437 468 2492 nao'
489 2436 656 2490 ‘'E7.7r,oae
687 2442 840 2503 ([ορου,υ
852 2450 983 2486 parum
1012 2438 1149 2485 probo·
1180 2440 1354 2477 timorem
1383 2447 1504 2488 notat,

66 2497 131 2542 qui
154 2493 321 2531 Graecos
350 2495 571 2532 incesserat.
608 2492 740 2531 Malim
768 2495 840 2533 τοῦ
872 2491 965 2544 nao'
982 2487 1198 2545 Ἓλὶήιιιη.
1247 2493 1305 2531 De
1335 2496 1505 2543 urbibus,

65 2562 157 2598 quas
190 2548 390 2588 Persarum
417 2562 486 2587 rex
516 2550 765 2588 Themistocli
796 2549 964 2596 dederit,
1000 2551 1151 2598 copiose
1181 2548 1223 2587 Β.
1254 2549 1425 2589 Brisson.
1458 2554 1503 2589 de

66 2605 160 2657 Reg.
183 2604 287 2642 Pers.
310 2606 337 2642 l.
357 2619 395 2656 p.
417 2608 523 2647 212.
555 2607 689 2644 Wess.

175 2673 283 2713 448.
311 2674 348 2712 l.
377 2672 461 2711 Καὶ
479 2674 679 2724 μνημείου
704 2674 776 2713 τοῦ
798 2668 854 2711 ἔτι
877 2673 949 2711 νῦν
972 2668 1261 2723 διαμένοντος]
1289 2670 1373 2709 Vid.
1398 2671 1504 2711 Thu-

64 2728 240 2780 cydidem
273 2728 300 2765 1.
327 2728 427 2768 139.
460 2740 628 2778 quaeque
655 2729 753 2766 inibi
772 2728 817 2765 de
847 2727 1046 2780 μνημείου
1076 2729 1263 2765 vocabulo
1286 2728 1505 2778 diligentis-

65 2788 159 2822 sime
186 2785 491 2835 perscripserunt
518 2787 595 2824 viri
613 2785 729 2823 celeb.
763 2784 909 2834 Ioseph.
940 2783 1075 2822 Wasse
1107 2791 1146 2821 et
1170 2781 1211 2820 C.
1243 2783 1287 2820 A.
1310 2783 1503 2823 Dukerus.

63 2840 199 2879 WEss.

1124 2894 1186 2934 34
1207 2895 1227 2917 ⁴⁹
