1828 3253
412 232 476 270 IN
509 228 760 270 L18.xll.
793 226 920 267 ΟΑΡ.
948 227 1190 271 73.-75.
1431 227 1519 270 621

196 344 302 385 530.
334 343 408 384 35.
445 339 733 395 'ffApm-cwvog]
770 341 815 379 In
842 340 1039 378 Athenaeo
1059 339 1104 378 1..
1135 338 1182 378 V.
1207 339 1280 381 18.
1309 334 1369 378 ἐπ’
1399 334 1527 392 Ἀρι-

83 398 278 448 στίωνος,
305 408 344 437 et
372 401 523 446 verius,
553 398 720 436 Meursio
743 399 867 436 iudice
891 396 936 434 de
956 395 1139 433 Archont.
1159 396 1202 433 L.
1227 395 1295 434 111.
1320 398 1360 436 7.
1389 394 1527 433 WESS.

199 458 302 496 530
336 457 409 497 36.
457 457 583 494 Τῖτον
612 455 855 506 Κοΐγκτιον]
905 453 1011 490 Haec
1038 455 1227 502 scripturn
1251 453 1382 503 arguit
1413 453 1528 490 etiam

84 513 177 549 alibi
198 526 266 562 pro
288 509 464 557 Κόϊντος
483 518 522 548 et
542 511 755 557 Κοΐντιος,
781 507 983 562 Κόϊγκτος
1005 515 1042 546 et
1059 510 1278 561 Κοΐγκτιος
1308 521 1330 545 a
1352 506 1527 545 Diodoro

84 569 252 617 positum
268 569 407 605 fuisse:
433 574 476 604 ut
495 569 549 604 ita
567 580 699 604 veram
720 580 789 604 nos
812 568 1057 616 scriptionem
1078 577 1144 602 seu
1165 567 1374 615 genuinam
1393 563 1527 601 ortho-

82 624 280 675 graphiam
310 623 503 661 Romanae
535 624 577 660 in
608 623 678 660 hac
708 636 802 660 voce
832 625 1048 660 literaturae
1075 622 1139 658 vel
1165 622 1247 669 ipse
1269 634 1339 657 nos
1370 619 1528 667 doceat3

85 693 172 717 cuin
190 682 306 731 vulgo
331 681 470 729 ubique
495 680 575 716 fere
606 679 794 716 scribatur
828 692 894 728 pro
924 678 1137 725 Quinctus,
1167 677 1376 723 Quinctius
1407 684 1444 712 et
1474 678 1528 713 si·

83 736 262 781 milibus,
289 735 482 783 Quintus,
516 736 723 781 Quintius,
756 743 890 772 contra
910 742 1087 772 naturam
1108 735 1296 783 primitivi
1320 735 1379 769 sui
1403 732 1527 778 Quiu-

83 804 170 842 que.
211 790 347 830 Ruoo.
402 794 450 830 T.
485 789 704 843 Κοΐντιον]
749 790 1018 829 Rhodomanni
1049 791 1266 827 observatio
1297 789 1423 837 specie
1458 799 1528 826 sua

83 846 302 894 blanditur,
330 860 452 898 neque
481 860 553 899 ego
582 851 623 885 in
657 847 804 885 Latinis
833 854 973 884 temere
999 847 1233 897 refragabor.
1277 843 1336 881 De
1368 843 1527 881 Graecis

84 903 229 941 dubito.
274 903 458 954 Polybius
489 905 640 954 quidem
671 911 772 941 certe
793 899 971 942 Κόϊντον
993 910 1029 939 et
1049 903 1241 941 Κοΐντιον
1272 901 1427 949 probat,
1457 913 1529 936 neo

82 962 204 997 secuti
223 960 326 997 aliud
349 968 438 998 sunt
458 959 693 1011 Dionysius,
726 959 931 1008 Iosephus,
958 958 1200 1005 Plutarchus,
1232 959 1450 1005 vetustique
1471 958 1528 993 la-

82 1016 190 1064 pides
214 1017 255 1052 in
280 1016 437 1054 Gruteri
466 1015 602 1053 Thes.:
635 1014 711 1053 Dio
732 1015 884 1053 Cassius
907 1010 1087 1056 Κύὶντοι
1109 1021 1148 1052 et
1168 1014 1362 1053 Κυί·ντιον
1381 1014 1529 1060 maluit,

84 1071 185 1120 quod
209 1080 246 1109 et
272 1075 313 1109 in
335 1072 524 1110 Marmore
546 1071 662 1109 Thes.
694 1073 864 1109 eiusdem
893 1083 927 1120 p.
947 1081 1122 1107 cccxxx.
1154 1070 1344 1107 Eusebius
1360 1064 1526 1108 Κύντον

82 1135 122 1164 et
144 1123 335 1167 Κυντιον.
372 1128 514 1166 Noster
533 1136 659 1166 autem
680 1124 858 1168 Κόϊντον
878 1135 916 1164 et
934 1128 1128 1167 Κοΐντιον
1156 1139 1242 1164 cum
1264 1138 1411 1175 semper
1430 1127 1528 1163 alias

84 1184 247 1231 scribat,
271 1181 615 1236 παραδιόρθωσιν
634 1185 914 1233 exscriptorum
937 1183 1036 1220 nihil
1058 1196 1199 1220 moror.
1226 1182 1362 1220 VVEss.

198 1241 303 1280 530.
328 1242 404 1280 42.
446 1240 676 1280 Συνέθεντο
701 1239 965 1290 συμμαχίαν]
992 1239 1146 1285 Nicias,
1176 1245 1219 1276 ut
1249 1238 1343 1275 haec
1363 1238 1530 1276 societas

83 1298 225 1343 coiret,
248 1298 425 1345 princeps
444 1303 578 1333 auctor
596 1297 758 1333 Athenis
775 1298 874 1343 fuit,
900 1295 1105 1333 Plutarcho
1126 1302 1221 1332 teste
1253 1294 1341 1333 Nic.
1364 1307 1397 1343 p.
1421 1296 1526 1335 529.

82 1350 123 1389 C.
155 1351 324 1389 Tabulas
345 1352 516 1390 firmatae
544 1355 733 1390 amicitiae
760 1353 866 1390 dabit
888 1351 1136 1401 Thucydides
1157 1351 1198 1388 L.
1220 1351 1264 1388 V.
1288 1351 1362 1390 23.
1394 1351 1529 1388 VVESS.

142 1439 146 1443 .
199 1409 303 1448 531.
325 1410 398 1449 60.
426 1409 607 1449 Πολλῶν
627 1407 672 1448 δὲ
689 1403 848 1448 πόλεων
868 1403 1169 1446 ὖπακουουσῶν
1188 1404 1292 1459 πρὸς
1311 1421 1346 1445 τ.
1361 1421 1395 1445 κ.
1417 1406 1528 1446 ἕλευ·

82 1462 252 1516 θερίαν]
292 1463 350 1501 De
373 1465 582 1512 militibus,
616 1467 681 1514 qui
709 1466 839 1501 vocati
857 1463 1092 1512 respondent
1114 1470 1151 1500 et
1182 1465 1340 1500 nomina
1369 1463 1462 1500 dant
1480 1462 1526 1503 L.

80 1520 185 1559 XVI.
206 1522 281 1561 29.
313 1516 513 1561 πολλῶν
493 1517 789 1560 υπακουόντων
808 1516 912 1572 πρὸς
932 1517 1008 1572 τὴν
1020 1519 1271 1585 στρατειαν,
1299 1519 1419 1567 deque
1439 1533 1530 1569 pro-

81 1580 253 1623 vocatis,
277 1577 429 1625 quando
460 1579 502 1614 in
533 1590 688 1614 arenam
717 1574 1018 1623 descendunt‚‘
1005 1572 1105 1616 όταν
1139 1573 1186 1615 δέ
1217 1588 1278 1622 τις
1310 1570 1529 1629 υπακούσῃ

81 1631 186 1683 πρὸς
210 1630 285 1685 τὴν
315 1629 454 1699 μάχην
483 1633 525 1671 L.
549 1633 593 1672 V.
618 1635 693 1674 29.
745 1633 842 1670 Vide
876 1646 969 1671 vero
999 1639 1163 1669 tractum
1198 1630 1300 1669 hunc
1329 1633 1530 1679 orationis,

82 1690 247 1729 πολλῶν
269 1687 314 1728 δὲ
336 1686 494 1729 πόλεων
519 1710 565 1717 --
587 1688 737 1729 πολλαὶ
765 1686 902 1735 πόλεις
930 1688 1175 1728 συνίσταντο
1197 1694 1269 1725 etc.
1302 1694 1341 1724 et
1362 1701 1529 1738 agnosce

82 1748 281 1794 scriptoris
307 1743 646 1792 consuetudinem,
677 1746 863 1782 eiusmodi
893 1745 1064 1782 ubertate
1087 1751 1125 1781 et
1144 1744 1305 1792 quadam
1334 1747 1444 1792 quasi
1467 1757 1530 1781 re-

83 1801 294 1839 dundantia
316 1801 504 1840 delectati.
543 1802 684 1840 lterum
712 1815 745 1837 c.
766 1803 837 1841 77.
862 1795 883 1840 5
918 1800 1050 1853 δῆμος
1080 1802 1163 1839 τῶν
1185 1798 1377 1852 Ἀργείων
1400 1798 1529 1840 ἔπεισε

79 1855 176 1904 τοὺς
191 1856 443 1909 Ἀθηναιους
463 1857 601 1912 φιλίαι
624 1856 860 1897 συνθέσθαι
879 1854 984 1911 πρὸς
1003 1854 1100 1902 τοὺς
1119 1853 1348 1910 Ἀργείους,
1375 1863 1413 1894 et
1433 1858 1530 1895 alias

79 1927 204 1964 saepe.
230 1913 370 1952 WEss.

193 1971 298 2010 531.
332 1972 404 2011 68.
442 1966 538 2023 Πρὸ
560 1965 645 2022 γὰρ
665 1970 739 2021 τῆς
753 1963 1044 2021 Ηρακλειὸῶν
1073 1962 1361 2018 καταλυσεως]
1405 1968 1531 2006 Inter-

79 2038 166 2075 pres
187 2026 234 2063 de
253 2026 544 2064 Heraclidarum
563 2029 604 2064 in
618 2026 922 2074 Peloponnesum
944 2025 1071 2062 reditu
1089 2027 1249 2073 accepit,
1274 2038 1397 2075 neque
1416 2027 1528 2074 male,

79 2095 160 2120 rem
190 2085 224 2121 si
252 2089 410 2131 spectes.
461 2082 632 2132 Namque
660 2084 718 2120 illi
738 2084 956 2132 priusquam
983 2087 1244 2127 reverterent,
1271 2094 1407 2118 revera
1439 2083 1530 2119 illu-

81 2140 264 2177 strissimi
285 2139 467 2177 Graeciae
499 2141 746 2188 imperatores
777 2138 915 2189 Argivi
943 2138 1050 2174 fuere
1081 2139 1263 2186 plerique.
1301 2136 1353 2174 At
1373 2140 1474 2175 enim
1501 2133 1527 2190 ἦ

78 2209 162 2234 των
176 2191 466 2261 ιΗρακλ.ει()ῶν
485 2192 709 2241 κατάλυσις
729 2202 837 2231 estne
857 2207 986 2231 eorum
1005 2192 1176 2230 reditus?
1203 2193 1390 2241 Equidem
1411 2195 1530 2242 probe

80 2252 239 2289 memini
273 2248 496 2290 κατάλυσιν
523 2253 598 2290 τοῦ
630 2247 764 2302 dimum)
795 2263 843 2287 ex
868 2250 1065 2287 Andocide
1097 2250 1142 2286 dc
1162 2248 1323 2300 Myster.
1351 2264 1388 2300 p.
1410 2253 1451 2291 6.
1482 2251 1529 2288 de

82 2309 256 2355 populari
274 2308 505 2356 reipublicae
525 2315 626 2344 statu
650 2320 786 2345 everso
807 2314 844 2343 et
870 2307 1054 2352 disiecto,
1075 2313 1113 2343 et
1130 2302 1286 2344 καταλ’
1265 2320 1374 2353 υσεις
1396 2314 1434 2344 et
1457 2322 1531 2345 κα-

81 2359 252 2402 τάλυσιν
281 2366 490 2402 ποιεῖσθαι
517 2363 564 2400 de
583 2364 830 2409 diversoriis,
857 2365 898 2400 in
920 2374 1015 2412 quae
1036 2362 1218 2399 manendi
1239 2375 1330 2413 ergo
1352 2364 1531 2401 concedi-

81 2431 188 2465 mus,
215 2431 264 2455 ex
292 2419 427 2457 Nostri
447 2418 489 2457 L.
513 2420 541 2458 l.
565 2421 637 2460 51.
662 2419 769 2456 XVI.
793 2420 891 2465 41„
921 2432 1000 2456 non
1030 2420 1120 2456 item
1153 2419 1326 2456 alterum.
1372 2419 1530 2457 Fortas-

82 2475 134 2511 sis
158 2475 253 2511 belle
275 2488 337 2512 res
366 2475 541 2523 haberet,
571 2475 685 2513 niodo
716 2471 989 2521 κατελεύσεως
1018 2476 1231 2526 legeretur,
1257 2474 1372 2524 idque
1389 2477 1529 2525 probae

81 2538 181 2567 esset
209 2539 320 2568 notae
342 2532 580 2569 vocabulum.
627 2532 772 2569 Auctor
794 2534 874 2580 ipse
904 2532 951 2568 de
974 2531 1191 2569 Heraclidis
1216 2531 1257 2568 L
1277 2531 1342 2571 lv.
1370 2533 1441 2573 58.
1473 2527 1529 2578 ὡς

81 2581 109 2625 5
126 2586 472 2640 πεντηκονταετὴς
496 2586 648 2640 χρόνος
678 2588 768 2638 ὸιῆλ
773 2589 848 2632 θε,
875 2587 1088 2639 κατῆλθον
1114 2587 1169 2634 εἷς
1194 2582 1530 2653 Πελοπόννησον.

84 2642 165 2679 lam
184 2647 272 2680 voci
295 2649 432 2681 testem
454 2647 488 2681 si
507 2646 706 2695 requiras,
733 2655 781 2679 en
801 2644 871 2680 tibi
890 2642 1150 2694 Hesychiuin‚
1175 2639 1429 2695 Κατήλυσις.
1456 2660 1529 2682 κα-

81 2697 148 2737 τί)
153 2713 194 2737 ευ
198 2712 271 2745 σις.
301 2711 412 2748 quem
433 2701 468 2737 si
490 2713 667 2747 recusas,
695 2701 892 2748 acquiesce
914 2702 955 2737 in
978 2702 1158 2750 vulgata,
1184 2708 1298 2748 atque
1317 2705 1385 2736 aut
1405 2701 1529 2737 simile

82 2754 265 2792 dictionis
292 2756 507 2804 exemplum
535 2756 690 2794 aliunde
729 2769 842 2802 erue,
882 2762 948 2793 aut
975 2764 1084 2794 verte
1123 2769 1209 2794 cum
1235 2755 1530 2804 Rhodomanno,

81 2812 212 2849 vineta
231 2824 300 2848 sua
321 2812 527 2859 caedente,
553 2819 646 2850 ante
667 2811 984 2850 Heraclidarum
1002 2812 1305 2851 abdicationem.
1334 2812 1469 2852 XVEss.

128 2896 131 2898 -
196 2868 302 2908 531.
334 2869 406 2913 71.
445 2865 592 2909 Πολῦν
607 2864 762 2923 χρόνον
781 2863 946 2922 εἰρήνην
964 2866 1144 2920 ἔχουσα]
1179 2868 1252 2911 Usi
1267 2869 1422 2906 fuerant
1439 2882 1528 2919 pro-
