1828 3253
413 212 476 251 [N
508 209 619 249 ΜΒ.
650 210 722 248 ιν.
758 207 888 258 cAP.
919 211 994 251 22.
1017 210 1092 250 23.
1401 201 1497 252 335-

166 328 274 367 268
304 327 375 366 82
416 320 481 372 Tc}
510 321 585 375 μὲν
609 317 854 374 ‘Hmoarcd
894 320 996 372 Lege
1010 315 1206 373 Ἱμεραῖα·
1233 329 1273 360 et
1296 335 1364 373 pro
1389 319 1494 376 Ἐγε-

59 387 206 431 σταῖα,
239 381 312 433 Αἵ)
318 396 481 421 εσταια.
504 379 592 418 vid.
614 377 691 415 Str
684 379 795 416 ibon
821 379 887 414 lib.
900 377 963 414 Vl.
985 380 1025 414 in
1045 378 1299 427 descriptione
1322 380 1492 417 Siciliae.

58 438 192 475 Ruoo.
244 436 308 476 Τὰ
332 437 406 488 μὲν
431 432 642 487 Zamam]
685 434 857 472 Priorem
887 436 963 471 viri
992 434 1202 470 doctissimi
1235 438 1495 474 coniectlnam

59 509 127 532 suo
150 495 331 545 suffragio
361 494 486 530 firmat
503 493 600 528 liber
620 490 790 537 Coislin.,
814 497 943 539 estque
964 493 1066 527 circa
1093 503 1203 526 omne
1234 491 1388 528 dubium
1411 506 1495 529 cer-

58 554 224 588 tissima:
256 559 299 587 ut
319 552 454 586 mirum
478 561 554 584 non
577 551 638 594 sit,
660 551 765 594 in-ea
784 546 979 597 probanda
998 547 1239 593 conspirasse
1263 547 1308 583 ls.
1333 547 1493 585 Casaub.

61 610 102 644 in
125 606 250 643 Strab.
270 606 333 642 Vl.
364 619 400 654 p.
420 606 527 645 421.
566 603 634 640 Ph.
654 603 806 642 Cluver.
834 603 880 640 ll.
906 602 1014 640 Sicil.
1039 602 1169 651 Antiq.
1190 615 1223 650 p.
1247 605 1354 643 285,
1380 611 1416 640 et
1436 604 1492 641 Cl.

61 663 221 700 Salmas.
242 663 283 698 in
303 660 425 698 Solin.
454 674 490 711 p.
513 662 585 701 79.
616 659 747 696 Altera
768 673 846 696 non
864 662 1078 696 necessaria
1090 659 1213 695 videri
1232 668 1371 708 posset,
1393 661 1495 708 quod

47 716 246 770 ⁹'Eyfflsav
257 714 554 769 εῖΈγεσταίους
565 715 748 765 Steplian.
763 717 934 764 exemplo
947 714 1186 764 Thucydidis
1198 713 1295 767 (vid.
1311 715 1496 767 Sylburg.

59 776 101 812 in
116 773 278 824 Dionys.
298 772 325 810 Ι.
346 772 390 809 Α.
411 772 456 810 R.
480 785 514 821 p.
535 770 628 824 42.)
656 772 893 821 produxerit,
920 774 995 808 nisi
1016 774 1047 808 si
1063 771 1202 808 Noster
1221 771 1497 822 Affyearai‘nvg

60 832 258 868 maluisset
276 828 320 868 L.
344 829 433 866 ΧΠ.
456 831 528 870 83.
552 827 662 867 Xlll.
689 831 728 868 6.
757 834 794 864 et
811 826 1020 880 Αἴγεσταν
1039 827 1148 866 le.
1170 828 1244 866 48.
1276 829 1420 872 Quibus
1440 837 1499 866 ta-

59 899 147 924 men
168 887 208 922 in
231 887 324 922 locis
345 888 478 934 scripti
498 886 587 922 libri
613 882 866 936 Ἐγεσταίους
889 891 926 920 et
941 881 1138 935 '‘Eyfflzav
1156 897 1239 919 eum
1262 893 1497 934 praeoptent,

60 949 105 979 ut
123 948 257 979 contra
276 940 393 978 Codd.
416 955 644 978 eonsensum
665 942 836 986 obnitar,
865 941 996 976 induci
1016 953 1093 976 non
1114 953 1278 988 possum.
1305 941 1381 976 Ἔν]
1385 952 1437 976 ss.

172 1000 278 1039 268-
310 999 381 1038 87-
414 995 662 1051 Λῖᾳροὸίτης
689 1012 755 1034 xm
782 997 925 1035 Bous&
953 998 1026 1035 τοῦ
1056 1011 1148 1034 τοτε
1175 993 1495 1046 βασιὶευοιτυς]

60 1047 248 1091 Venerem
268 1061 306 1091 et
335 1054 556 1104 Neptunum
577 1055 829 1102 illipalentes
859 1052 880 1088 d
885 1059 951 1089 int
978 1052 1197 1100 A.pollodor
1220 1052 1265 1089 ll.
1291 1054 1326 1091 5
1359 1055 1427 1092 10.
1457 1058 1498 1088 et

62 1107 255 1147 'lzetzes‘
246 1123 286 1146 in
307 1109 548 1159 Lycophron.
567 1124 603 1147 v.
627 1111 753 1156 8664
791 1108 962 1145 Diodoro
989 1109 1247 1156 adstipula‘itui
1268 1108 1427 1146 Servius
1451 1109 1494 1144 V.

61 1165 220 1203 Aeneid.
238 1180 275 1204 v.
293 1167 399 1206 412.
429 1166 588 1202 Rectius
605 1173 730 1202 autem
757 1166 839 1202 fore
859 1165 1026 1201 arbitror
1045 1167 1117 1203 Τοῦ
1138 1163 1234 1203 ποτὲ
1253 1161 1498 1213 [wellebov-

62 1237 146 1269 τος.
175 1221 283 1272 Eryx
303 1236 346 1259 ea
364 1229 584 1272 tempestate
603 1235 723 1271 regno
744 1227 937 1268 praeerat,
967 1234 1044 1257 non
1063 1220 1192 1259 Butas.
1223 1221 1356 1257 Wizss.

175 1279 282 1318 269.
316 1279 390 1318 99.
417 1275 604 1330 Δωριεὺς
634 1272 1041 1329 ὃΛακεὸαιμῶιίος]
1084 1277 1375 1314 Anaxandridae
1394 1278 1498 1327 regis

65 1333 342 1383 Spartanorum
361 1335 484 1381 filius,
516 1332 729 1370 Cleomenis
754 1333 894 1379 frater,
923 1345 1033 1381 quem
1064 1334 1135 1369 sibi
1157 1336 1195 1369 in
1216 1335 1327 1384 regni
1347 1347 1495 1370 succes-⁴

63 1394 170 1428 si0ne
190 1391 399 1438 praelatum
418 1404 503 1427 cum
522 1392 673 1441 aegrius
694 1390 825 1435 ferret,
846 1389 970 1426 ductis
991 1391 1030 1425 in
1048 1387 1220 1426 Siciliam
1239 1393 1341 1426 circa
1361 1389 1497 1439 Olym-

63 1447 163 1497 piad.
193 1457 339 1484 valll.
370 1448 540 1493 colonis,
587 1445 756 1482 Minoam
787 1447 1041 1491 instauravit,
1091 1452 1128 1481 et
1155 1459 1256 1482 novo
1286 1445 1497 1482 Heracleae

64 1505 219 1541 nomine
252 1503 430 1540 donatam
463 1505 626 1551 posteris
653 1501 824 1538 tradidit.
868 1500 1087 1539 Herodotus
1110 1502 1155 1539 V.
1175 1503 1247 1542 46.
1276 1509 1314 1539 et
1334 1501 1499 1540 Pausan.

65 1559 132 1597 Ill.
159 1561 227 1600 16.
258 1558 345 1596 huie
373 1560 430 1595 rei
449 1566 623 1596 auctores
651 1564 751 1593 sunt.
778 1558 914 1598 WVms.

177 1616 284 1654 269.
307 1617 345 1654 7.
375 1612 441 1653 Ἐν
460 1619 546 1660 τοῖς
566 1613 725 1659 οἰκείοις
738 1609 904 1665 χρόνοις
923 1608 1237 1666 ἀναγράψομεν]
1264 1614 1389 1652 Huius
1411 1628 1501 1664 pro-

66 1673 174 1709 missi
194 1672 334 1707 oblitus
357 1678 432 1717 est,
461 1673 539 1708 nisi
568 1672 600 1706 si
621 1671 698 1706 illis
728 1672 768 1706 in
793 1671 901 1707 libris
921 1673 1162 1717 memorarit,
1191 1673 1256 1719 qui
1275 1685 1413 1722 magno
1442 1674 1501 1710 rei

66 1729 261 1765 literariae
283 1727 420 1763 damno
451 1727 737 1763 interciderunt.
777 1725 846 1762 Ph.
873 1725 1073 1764 Cluverius
1093 1729 1278 1777 vigesimo
1301 1735 1502 1778 postquam

67 1785 280 1820 instaurata
301 1790 401 1819 esset
429 1795 552 1829 anno,
584 1782 653 1818 sub
682 1789 829 1830 tempus
861 1783 1116 1831 expeditionis
1141 1783 1288 1820 Xerxis
1316 1787 1357 1822 in
1379 1784 1500 1822 Grae-

69 1841 188 1886 eiam,
220 1838 267 1875 ab
288 1838 526 1885 Hamilcare,
563 1838 734 1875 Siciliam
766 1841 916 1889 ingenti
946 1849 1008 1875 CI.)
1031 1849 1093 1876 Clo
1114 1842 1270 1876 navium
1294 1847 1331 1876 et
1348 1847 1500 1878 trecen-

69 1903 195 1933 torum
224 1896 386 1931 millium
414 1895 586 1932 exercitu
614 1894 845 1941 invadente,
871 1895 1030 1932 deletam
1061 1898 1238 1944 opinatur
1267 1895 1309 1933 L.
1330 1896 1357 1932 Ι.
1391 1896 1501 1934 Sicil.

69 1952 160 1989 Ant.
190 1963 225 1999 p.
247 1952 353 1991 218.
390 1950 487 1987 Mihi
514 1964 593 1987 non
611 1952 741 1998 liquet.
782 1950 975 1987 Diodorus
1006 1952 1156 2001 quidem
1177 1960 1277 1988 certe
1306 1965 1350 1990 ea
1373 1955 1413 1990 in
1434 1966 1502 1990 ex-

69 2008 262 2058 peditione
292 2014 368 2044 tam
392 2007 597 2058 diligenter
624 2014 821 2054 versatur,
847 2014 890 2044 ut
916 2007 1123 2044 Heracleae
1152 2015 1341 2059 stragem,
1367 2012 1400 2047 si
1420 2008 1502 2047 Ha-

69 2066 218 2102 milcari
238 2063 459 2109 deberetur,
487 2065 730 2114 neglecturus
755 2077 833 2100 non
852 2063 1038 2101 videatur.
1067 2063 1197 2100 Wizss.

182 2121 290 2159 269.
328 2117 398 2160 12⁴.
447 2116 532 2158 Τὸν
570 2115 885 2158 καλλιστεύοντα
916 2122 1000 2159 τῶν
1037 2116 1201 2172 ταύρων
1239 2119 1502 2173 καθαγίσας]

69 2175 230 2213 Videtur
250 2183 381 2213 taurus
401 2176 447 2212 ab
468 2189 512 2212 eo
532 2182 716 2212 mactatus
737 2183 775 2212 et
802 2178 841 2212 in
864 2174 1021 2226 Cyanen
1040 2177 1257 2223 demersu83
1285 2190 1395 2226 quem
1422 2191 1505 2214 mo-

70 2245 152 2269 rem
170 2239 255 2280 post
270 2232 447 2281 deinceps
462 2233 682 2268 sollemnem
703 2231 918 2268 habuerunt
937 2232 1185 2282 Syracusani,
1206 2240 1248 2269 ut
1268 2241 1324 2269 est
1340 2233 1383 2272 L.
1406 2234 1449 2270 V.
1463 2235 1504 2273 4.

72 2286 274 2335 Ceteroqui
293 2287 528 2339 καθαγίζειν
557 2288 602 2324 de
622 2290 812 2334 victimis,
835 2300 930 2336 quae
961 2302 1049 2326 arae
1076 2291 1263 2337 inpositae
1295 2291 1384 2339 igne
1413 2304 1506 2326 con-

75 2350 276 2380 sumuntur
287 2344 381 2393 apud
395 2343 577 2381 Herodot.
593 2343 656 2381 IV.
675 2345 747 2382 35.
768 2344 868 2381 unde
880 2344 1114 2396 καθαγίζειν
1136 2345 1197 2383 ἐπὶ
1216 2344 1503 2397 πϊρὸςΑοΙίῑιη.

76 2398 185 2436 Xlll.
205 2399 254 2438 Η.
280 2400 323 2435 Α.
344 2402 418 2439 21.
449 2407 486 2436 et
508 2399 743 2451 καθαγίζειν
763 2397 814 2438 τὰ
842 2398 964 2451 ἱερεῖα
985 2398 1119 2439 πάντα
1141 2404 1229 2451 igne
1246 2405 1406 2452 penitas
1436 2403 1505 2439 ab·

77 2468 228 2492 sumere
244 2457 281 2491 in
294 2454 454 2493 Pausan.
471 2455 536 2492 [X.
557 2470 591 2505 p.
606 2458 709 2495 717.
734 2456 831 2492 Vide
851 2458 1013 2494 inferius
1024 2457 1067 2493 V.
1082 2459 1152 2496 32.
1177 2466 1213 2493 ct
1236 2457 1306 2493 lae.
1328 2459 1504 2495 Perizon.

77 2511 124 2548 ad
140 2510 204 2549 [ll.
217 2511 260 2548 V.
273 2510 320 2547 H.
340 2514 371 2551 1.
384 2511 543 2548 Aeliani.
555 2512 687 2548 Wizss.
700 2511 875 2549 Ceterum
885 2513 974 2551 ΛΕ
985 2513 1256 2557 YKAEHIE„
1270 2514 1314 2549 de
1327 2528 1400 2563 quo
1417 2527 1506 2550 mox

78 2568 404 2616 20-,eonspieitur
417 2570 455 2604 in
463 2567 793 2617 Syracusanorum
805 2571 929 2605 numis
940 2570 1037 2618 apud
1052 2570 1229 2606 Parutam
1242 2569 1439 2607 'i‘abCXL
1448 2571 1507 2607 lv.

79 2623 126 2660 ad
150 2635 261 2672 quam
282 2623 369 2659 vide
386 2621 441 2659 Cl.
463 2623 717 2674 Havereampi
738 2628 998 2662 commentaria
1024 2639 1056 2674 p.
1072 2627 1173 2665 5359.
1196 2625 1298 2661 lumi
1321 2628 1359 2662 in
1381 2626 1477 2662 AM.

192 2679 300 2719 269.
323 2680 397 2717 21.
424 2678 508 2717 Ka),
531 2676 751 2731 Γαυγατᾶν
766 2679 865 2732 ete.]
886 2679 953 2717 Ph.
969 2680 1120 2718 Cluver.
1143 2682 1167 2718 l.
1190 2681 1298 2717 Sicil.
1320 2681 1362 2717 A.
1384 2695 1418 2731 p.
1433 2683 1505 2721 30.

80 2734 309 2785 Καυχατᾶν
329 2737 421 2771 citat
439 2747 486 2770 ex
507 2739 747 2783 coniectura,
776 2739 832 2773 uti
855 2739 1039 2784 suspicor.
1079 2738 1122 2774 Si
1142 2736 1260 2774 Codd.
1281 2744 1356 2773 stat
1379 2745 1416 2773 et
1440 2751 1507 2774 va-

78 2791 134 2827 let
160 2792 388 2836 auctoritas,
418 2787 636 2840 Γαυχάταν
666 2789 974 2840 praeoptandum.
1019 2793 1103 2845 Ego
1133 2807 1223 2831 vero
1252 2796 1291 2829 in
1322 2792 1381 2828 his
1411 2792 1509 2829 nihil

79 2846 194 2883 finio:
225 2858 346 2894 neque
369 2849 471 2884 enim
491 2850 739 2885 constitutum
759 2848 878 2885 habeo
892 2875 903 2896 ,
927 2851 1054 2887 sintne
1084 2851 1212 2886 onmia
1234 2849 1332 2886 llaec
1352 2851 1508 2886 nomina
