1828 3253
416 198 480 240 IN
510 198 622 239 LIB.
644 199 768 239 XIV.
807 199 935 241 CAP.
966 201 1254 242 115.-117.
1466 202 1555 242 805

114 327 215 353 nexa
233 313 468 364 praepositio
490 315 618 351 omnia
635 312 730 351 haec
754 313 918 365 dirigat,
950 312 1155 365 legendum
1189 314 1264 351 erit
1294 311 1460 366 προσελ.
1495 311 1564 352 ἐπί

116 386 209 411 τινα
227 369 403 420 πέτραν,
429 382 524 419 quae
541 369 590 407 H.
612 368 799 418 Stephani
823 372 964 420 opinio.
1025 370 1156 406 Witss.

235 428 339 467 730.
372 428 444 466 53.
480 422 708 477 Ἐκβοήσας
727 425 790 464 ἐπὶ
811 425 884 465 τὸν
903 421 1055 478 τόπον]
1108 426 1250 462 Vereor
1279 437 1326 462 nc
1356 420 1560 476 ἐκβοήσας

117 493 312 532 perperam
333 484 498 531 positum
518 484 569 519 sit
588 495 656 532 pro
675 478 952 534 ἐκβοηθήσας.
984 480 1139 518 STEPH.
1201 481 1295 531 Legi
1315 483 1430 518 etiam
1450 493 1560 529 posse

116 535 333 590 ἐκβιήσας,
365 537 663 576 Rhodomannus
681 541 720 575 in
741 546 821 576 not.
844 539 1024 575 Auctario
1046 538 1240 586 professus
1259 544 1337 574 est:
1366 537 1467 585 quod
1489 538 1561 574 mi·

116 597 219 631 nime
248 603 353 644 puto.
421 595 562 631 Verum
590 601 648 630 est
677 590 962 646 ἐκβοηθήσας,
1002 597 1142 643 optime
1175 593 1226 632 H.
1250 592 1446 642 Stephano
1477 594 1561 629 ani-

116 651 394 688 madvertente.
451 649 519 687 Sic
544 662 659 698 supra
689 650 855 688 L.Xlll.
878 652 950 690 67.
986 649 1054 688 καὶ
1074 645 1223 695 πάντες
1245 647 1282 689 οἱ
1300 647 1374 700 τὴν
1399 644 1560 699 ἀπάτην

116 703 358 758 ἀγνοοῦντες
376 701 627 756 ἐξεβοήθουν
648 704 710 744 ἐπὶ
735 704 830 754 τοὺς
859 704 1036 756 λιμένας.
1094 705 1241 742 Vitium
1259 712 1391 742 natum
1411 717 1493 741 esse
1513 716 1561 741 ex

118 762 310 800 scribendi
338 762 574 811 conpendio,
622 764 717 799 alias
747 765 987 808 monuimus,
1022 768 1154 810 estque
1174 763 1230 799 illi
1247 763 1441 811 geminum
1470 772 1564 809 ger-

116 831 271 857 manum
290 819 331 854 in
352 817 578 868 Thucydide
597 818 639 855 L.
654 818 679 855 Ι.
705 821 831 866 107.,
858 819 924 855 ubi
943 818 1031 855 vide
1055 817 1185 866 steph.
1207 825 1244 854 ct
1259 816 1401 854 Duker.
1426 817 1562 853 U'Ess.

233 875 338 915 730.
366 876 440 914 61.
508 871 1207 926 '17.1'u;7.u„.3'‹h·ze;7.1'z’9a;292·‹51'(›1·]
1246 873 1429 910 Eamdem
1449 885 1564 920 pecu-

117 929 205 967 niae
234 943 418 967 summam
445 932 620 967 invenies
649 933 688 967 in
718 931 817 967 l'lut.
845 929 994 967 Camill.
1017 943 1051 978 p.
1077 931 1174 970 143.
1196 929 1238 966 C.
1270 936 1307 966 et
1327 929 1442 967 Livio
1461 927 1504 965 L.
1517 927 1564 964 V.

117 986 193 1026 48.
215 999 300 1024 cum
324 993 416 1023 nota
438 988 582 1023 clariss.
605 985 923 1024 Drakenborchii.
981 986 1116 1023 Wrzss.

233 1043 338 1083 730.
369 1044 442 1083 66.
472 1042 556 1081 Καὶ
581 1041 784 1093 δημοσίας
804 1042 1026 1095 κεραμίὸας
1047 1036 1295 1093 ἐχορήγουν]
1338 1039 1566 1078 Ρνοηιίεσιιο

118 1097 211 1135 urbs
243 1099 461 1147 aedzficari
485 1106 639 1150 coepta.
695 1099 846 1148 Tegula
866 1100 1024 1151 publice
1043 1098 1246 1150 praebita.
1333 1095 1400 1133 Sic
1431 1095 1565 1132 Livius

119 1161 220 1191 extr.
241 1154 386 1192 Lih.v.
414 1155 625 1206 Angustiae
652 1154 893 1204 flexuraeque
917 1158 1111 1201 vicorum,
1139 1155 1275 1203 quibus
1294 1153 1384 1189 urbs
1403 1151 1567 1201 quodam

119 1210 232 1248 modo
255 1211 558 1258 deformabatur‚
587 1224 635 1248 ex
654 1211 813 1250 sueton.
834 1212 926 1250 Ner.
956 1225 987 1248 c.
1010 1212 1083 1252 38.
1127 1217 1164 1247 et
1193 1208 1330 1246 Tacito
1357 1207 1457 1245 Ana.
1476 1206 1566 1244 XV.

118 1267 194 1308 43.
222 1267 397 1304 omnibus
417 1275 506 1304 sunt
526 1269 826 1317 cognitissimae.
876 1268 1010 1305 WVESS.

235 1323 342 1376 7303
373 1324 447 1362 74.
480 1320 596 1362 “901²
620 1322 808 1370 ἐξουσίαν
828 1320 928 1374 ἔχειν
947 1321 1007 1376 ἐφ’
1035 1317 1230 1371 ἁρμάτων
1254 1316 1465 1371 ὀχεῖσθαι]
1504 1315 1568 1355 Ci-

119 1380 197 1416 tIus
218 1380 252 1415 is
272 1378 395 1415 honor
413 1381 596 1416 matronis
617 1379 788 1426 delatus,
815 1381 847 1428 si
868 1381 977 1417 Livio
1005 1378 1045 1415 L.
1059 1378 1103 1414 V.
1123 1379 1197 1417 25.
1219 1377 1327 1413 fides.
1370 1375 1454 1412 Hoc
1474 1383 1570 1411 tem-

119 1448 210 1484 pore
231 1436 426 1471 matronis
441 1437 606 1484 gratiae
627 1442 767 1481 actae,
796 1435 990 1486 honosque
1015 1435 1194 1480 additas,
1228 1439 1272 1469 ut
1292 1445 1450 1477 eurum,
1488 1432 1567 1467 sic-

120 1497 167 1528 ut
183 1493 381 1538 virorum,
409 1498 508 1542 post
521 1498 683 1528 mortem
703 1492 900 1529 sollemnis
923 1492 1103 1529 laudatio
1129 1495 1254 1526 esset:
1293 1488 1397 1524 Idem
1427 1501 1459 1523 c.
1483 1487 1568 1531 50.‚

120 1547 189 1584 ubi
221 1546 446 1584 Gebhardus
475 1560 497 1584 a
526 1546 699 1584 Diodoro
729 1548 970 1597 corripiendo
1002 1548 1145 1584 rectius
1175 1545 1442 1581 abstinuisset:
1490 1554 1569 1578 non

122 1605 223 1641 enim
251 1610 431 1653 carpenta
456 1605 641 1640 matronis
671 1610 749 1640 tum
781 1603 931 1640 demum
958 1615 1140 1641 concessa
1175 1603 1334 1650 ipsemet
1361 1603 1570 1643 asseverat,

121 1659 189 1696 sed
207 1672 313 1705 esse,
342 1661 408 1707 qui
431 1659 468 1695 id
488 1659 730 1707 prodiderint
751 1662 968 1697 memoriae.
1027 1658 1159 1695 wass.

237 1716 342 1756 731.
375 1716 447 1755 80.
486 1713 552 1754 Ἐν
569 1718 626 1769 τῷ
650 1714 888 1770 καλουμένῳ
911 1714 1116 1768 ΖΠαρκίῳ]
1161 1711 1352 1759 interpres
1381 1711 1421 1746 in
1453 1708 1570 1748 Mar-

125 1773 206 1819 cio,
242 1778 288 1809 ut
310 1772 562 1823 appellatur,
601 1784 749 1822 campo.
809 1771 858 1808 At
887 1773 927 1808 in
956 1778 1035 1807 not.
1070 1767 1242 1806 Addend.
1269 1766 1309 1804 ἐν
1332 1764 1480 1818 naula),
1508 1766 1567 1818 τῷ

122 1829 213 1866 καλ.
235 1825 441 1881 Ἀὃμιῑτίῳ
463 1828 619 1877 refingit
639 1840 686 1864 ex
708 1828 837 1865 Livio:
872 1829 1026 1877 insuper
1046 1825 1209 1870 addens,
1241 1823 1285 1859 de
1309 1834 1442 1870 campo
1467 1819 1570 1857 Mar-

123 1886 178 1921 tio
201 1897 279 1920 non
300 1896 410 1933 posse
441 1885 632 1934 intelligi,
670 1886 806 1934 quippe
826 1882 968 1920 Romae
989 1881 1191 1932 pomoeriis
1214 1880 1373 1916 incluso.
1435 1875 1573 1913 Consi-

124 1940 295 1976 dei-asset
325 1939 418 1976 haee
449 1938 517 1976 Ph.
541 1939 765 1987 Cluverius,
805 1942 949 1977 nullam
967 1939 1138 1988 profecto
1169 1937 1312 1971 erroris
1332 1939 1462 1971 notam
1486 1934 1571 1969 viro

124 1995 345 2033 doctissimo
363 1997 607 2045 inposuisset.
666 1995 709 2032 In
733 1995 845 2033 Livio
867 1996 908 2034 L.
934 1995 997 2032 vl.
1022 1996 1063 2034 2.
1085 1993 1286 2029 edebatur:
1324 2003 1396 2026 nec
1426 1987 1576 2040 procul

125 2052 174 2090 ab
204 2052 409 2097 Lanuvio,
447 2053 659 2090 admetinm
689 2054 723 2089 is
750 2053 858 2089 Iocus
886 2053 1059 2097 dicitur,
1094 2055 1231 2086 castra
1261 2058 1490 2098 oppugnare
1515 2049 1576 2081 est

124 2109 303 2146 adortus.
363 2107 532 2146 Mutavit
561 2106 767 2159 Sigonius,
806 2108 1044 2145 substituens
1075 2107 1130 2143 ad
1159 2104 1374 2144 Maeciam:
1404 2107 1451 2137 ‘et
1484 2100 1575 2147 quia

125 2163 320 2202 Plutarch.
348 2162 494 2201 Camill.
525 2178 559 2214 p.
590 2165 691 2205 145.
730 2161 890 2215 περὶτὰ
915 2160 1109 2213 ,ἾΤὰρκιον
1141 2158 1237 2213 ὅρος
1269 2164 1393 2194 castra
1414 2163 1576 2193 metatos

126 2221 207 2267 ait,
235 2220 406 2257 eumdem
425 2224 465 2258 in
484 2228 611 2270 partes
636 2219 774 2267 trabit,
808 2218 895 2270 περὶ
920 2216 966 2258 τὸ
987 2217 1172 2258 ΖΠαίκιον
1201 2223 1238 2252 ct
1258 2214 1330 2250 hoc
1353 2215 1435 2250 loco
1455 2210 1495 2250 ἐν
1515 2212 1575 2264 τῷ

126 2278 218 2317 καλ.
242 2276 413 2329 ΠΙαικίῳ
435 2279 644 2328 corrigens.
714 2276 809 2314 Mihi
831 2276 984 2323 quidem
1005 2274 1236 2312 inmodicum
1258 2270 1330 2306 hoc
1351 2281 1496 2317 semper
1516 2268 1578 2304 vi-

127 2345 212 2370 sum
231 2339 299 2369 est.
354 2332 456 2369 Livii
475 2334 735 2380 membranae,
763 2340 805 2370 ut
825 2332 883 2378 fit,
910 2334 949 2368 in
972 2331 1125 2380 proprio
1146 2330 1301 2364 nomine
1321 2325 1573 2362 dissentiunt:

127 2389 337 2425 concordes
366 2395 456 2425 sunt
484 2391 525 2426 in
554 2388 737 2442 ΖΙῙαῃκίῳ
770 2387 963 2438 probando
987 2386 1147 2423 Diodori
1167 2391 1204 2420 et
1225 2381 1419 2419 Plutarchi
1441 2380 1579 2428 scripti

129 2444 249 2481 codd.
294 2444 345 2481 Et
366 2446 504 2494 primas
524 2453 649 2482 tamen
672 2446 736 2481 ille
755 2442 927 2482 auferet?
970 2443 1107 2481 Melius
1127 2439 1350 2484 Cluverius,
1387 2449 1496 2485 quem
1517 2436 1579 2471 vi-

132 2501 179 2537 de
205 2499 288 2537 Ital.
322 2499 413 2539 Ant.
453 2500 493 2538 L.
511 2501 560 2540 Π.
597 2515 631 2551 p.
658 2504 789 2542 1026.
846 2501 967 2537 Porro
990 2500 1229 2542 maluissem,
1265 2496 1443 2541 scriptum
1469 2491 1531 2527 hic
1556 2503 1580 2527 a

130 2555 304 2594 Diodoro
323 2557 477 2604 fuisset,
514 2550 634 2603 οὗτος
654 2579 701 2584 -
728 2556 990 2602 καθοπλίσας
1016 2576 1063 2582 —-
1087 2554 1235 2604 ἐξῆλθε
1261 2572 1307 2577 —-
1329 2544 1579 2596 minzitaep'dav

130 2635 188 2640 —
207 2611 416 2664 ἕπιφανεὶς
440 2634 489 2641 —-
510 2612 725 2665 ἐτρέψατο.
797 2612 938 2649 Omnia
967 2614 1068 2648 enim
1096 2609 1145 2646 ad
1173 2608 1409 2644 Dictatorem
1440 2603 1580 2639 Camil-

132 2670 211 2706 lum
231 2669 434 2718 pertinent,
462 2682 573 2719 quem
593 2669 726 2707 Livius
748 2676 861 2719 atque
880 2668 1088 2716 Eutropius
1110 2665 1209 2702 L.ll.
1233 2666 1269 2703 l.
1299 2675 1343 2698 eo
1364 2672 1486 2704 annon
1515 2659 1579 2706 ‘1¹¹1

133 2731 281 2772 captam
311 2737 333 2761 a
360 2724 484 2763 Gallis
514 2727 644 2763 urbem
668 2729 838 2774 proxime
861 2726 1038 2775 excepit,
1075 2722 1167 2758 haec
1187 2726 1223 2756 et
1244 2730 1338 2766 quae
1357 2723 1581 2763 sequuntur,

131 2782 354 2819 felicissime
381 2781 671 2819 administrasse
701 2781 956 2819 tradiderunt.
1005 2778 1143 2817 XVEss.
1208 2774 1266 2811 De
1298 2774 1420 2820 campi
1454 2770 1583 2808 Martii

135 2838 213 2874 situ
234 2836 418 2886 Pompon.
438 2837 544 2877 Laet.
570 2838 616 2875 de
633 2839 924 2887 antiquitatibus
946 2836 1090 2875 Romae
1110 2835 1297 2871 citaverat
1318 2828 1506 2866 Rhodum.
