1828 3253
321 210 382 248 IN
412 210 524 250 [ΑΒ.
555 208 679 248 xlv.
713 208 848 248 CAP.
877 210 952 250 21.
976 230 1023 238 ·-
1049 210 1123 250 23.
1390 209 1481 249 735

37 322 210 370 κοσῖων,
236 330 304 361 aut
325 324 448 361 simile
462 323 660 374 quiddam.
692 322 928 369 palmerius,
960 321 1058 371 quod
1082 334 1200 370 paene
1218 323 1364 359 sueram
1385 321 1484 359 obli-

39 388 124 426 tus,
159 387 237 416 stat
267 393 290 417 a
321 393 402 425 me,
430 379 521 416 haec
544 380 871 417 animadvertens:
912 379 961 416 Si
995 391 1096 415 sana
1132 385 1193 415 est
1223 379 1324 415 llaec
1352 379 1483 425 lectio,

36 438 212 474 notanda
234 443 319 473 est:
353 436 452 473 alibi
478 438 579 473 enim
603 448 678 473 non
700 437 881 472 invenias
901 435 1018 471 talem
1039 437 1146 472 vocis
1174 437 1306 486 μῆκος
1325 435 1483 483 signifi-

39 496 253 538 cntionem,
281 505 416 543 nempe
438 505 518 543 pro
544 488 694 541 βάθος.
738 491 857 528 Hunc
876 490 1049 529 Diodori
1068 492 1193 528 locum
1226 492 1380 528 mallem
1410 504 1481 528 ηο-

40 556 149 595 tare,
175 562 290 599 quam
320 550 484 585 imitari.
522 549 603 585 Sed
630 550 747 586 credo
776 549 907 585 deesse
930 548 1102 597 aliquid,
1133 554 1174 584 et
1191 549 1485 598 szcspieorpnst

37 619 169 642 vocem
199 607 331 656 μῆκος
349 606 539 656 scriptum
558 605 695 651 ftn'sse
723 617 923 641 numerum
941 604 1199 652 longitudinis
1223 605 1306 640 eius
1318 603 1481 650 fossae,

37 669 77 699 et
95 662 234 699 deinde
264 657 310 699 τὸ
342 660 386 700 δὲ
415 656 556 711 βάθος
588 660 727 699 ’τοδῶν
751 659 871 709 δέκα,
896 659 1162 712 profunditas
1190 667 1321 697 autem
1336 661 1482 711 pedum

36 720 180 756 decem.
210 715 346 755 WVEss.

152 773 258 813 658.
296 772 371 811 93.
398 762 476 810 ἶὨν
508 766 702 811 ἁπάντων
733 769 947 823 Κλέαρχος
980 792 1027 801 ·—-
1063 768 1288 825 ἀφηγεῖτο]
1338 771 1379 807 In
1411 770 1482 808 hac

36 832 130 867 acici
151 829 407 876 descriptione
427 830 580 879 egregie
603 841 756 865 suorum
777 829 998 874 securitati,
1024 840 1102 864 non
1123 829 1235 864 saluti
1257 826 1363 878 Cyri,
1393 826 1481 865 Cle·

37 885 174 924 archus
193 886 397 922 consuluit.
444 885 539 921 Vide
559 883 660 921 Plut.
682 884 889 922 Artaxerx.
913 896 947 932 p.
973 885 1106 924 1015.
1128 883 1167 920 B.
1201 884 1339 920 Wssss.

150 942 255 981 658.
279 942 353 981 98.
378 938 630 992 Ἀριδαῖος]
661 940 704 977 ln
725 939 984 988 Xenophonte
1005 953 1153 990 semper
1168 937 1360 993 Ἀριαῖος,
1378 938 1482 988 quod.

39 1005 78 1034 et
94 997 194 1034 Plut.
215 996 350 1033 Artox.
372 1010 409 1046 p.
436 999 569 1037 1016.
591 995 632 1033 Β.
659 999 850 1047 agnoscit.
878 997 1017 1033 Wnss.

149 1055 254 1094 658.
290 1054 328 1092 5.
374 1050 460 1091 Ίὸν
493 1050 675 1103 ἀριθμωι
705 1050 778 1091 οὐκ
798 1050 944 1104 ὀλίγα]
985 1051 1145 1089 Centum
1174 1058 1284 1089 erant
1303 1058 1341 1088 et
1370 1053 1483 1102 quin-

36 1109 244 1160 quaginta,
271 1116 366 1146 teste
388 1107 644 1159 Xenophonte
667 1108 708 1146 L.
729 1108 754 1145 Ι.
785 1121 818 1157 [5.
842 1111 949 1149 206.
986 1109 1118 1145 wEss.

151 1160 1027 1217 658.18Ὗπερπετεΐςέδόκειποιησειν]
1066 1163 1233 1201 bundas
1223 1176 1263 1201 ιη
1280 1159 1483 1215 Y71697zc-

37 1226 119 1267 τεΐς
134 1221 228 1259 haec
248 1224 475 1269 exscripsit,
507 1222 571 1257 sed
597 1224 671 1267 ita,
700 1227 743 1257 ut
761 1222 878 1258 verba
900 1228 938 1257 et
961 1223 1190 1257 sententiam
1209 1219 1371 1257 Diodori
1400 1233 1484 1257 mu-

37 1280 229 1324 tilaverit⁷
258 1278 356 1326 qnod
380 1277 421 1314 L.
442 1277 599 1314 Kusteri
619 1248 860 1328 diligentiam
883 1276 984 1314 haud
1003 1278 1117 1327 fugit.
1139 1271 1399 1328 Ὑπερπετεΐς
1418 1279 1484 1313 in-

35 1338 266 1383 terpretatur
287 1328 388 1385 νπὲρ
408 1333 499 1371 λίαν
521 1332 798 1384 σωζομένους,
826 1335 975 1381 inepte,
1004 1335 1037 1370 si
1057 1340 1183 1370 tamen
1203 1334 1256 1370 ita
1275 1334 1483 1380 scripserit.

38 1389 142 1427 Sunt
167 1385 425 1442 υπερπετεΐς,
469 1392 533 1438 qui
565 1402 679 1439 supra
709 1402 780 1425 nos
810 1390 1066 1427 transvolant.
1115 1388 1172 1425 De
1204 1390 1290 1425 lacu
1326 1389 1482 1425 Averno

39 1445 242 1485 StraboL.
264 1446 308 1482 V.
330 1459 364 1495 p.
390 1446 494 1485 374.
515 1444 557 1481 Β.
589 1440 905 1496 προσειιυθειον
937 1442 979 1483 δ’
1015 1442 1054 1484 οἱ
1074 1440 1276 1513 ἐπιχώριοι
1299 1444 1364 1483 καὶ
1386 1458 1484 1490 τοις

38 1499 192 1551 ὄρνεις,
224 1498 322 1547 τοὺς
356 1501 733 1541 ΥΠΕΡΠΕΊἘΙΣ
761 1515 928 1553 semmei
931 1515 1025 1547 ους,
1056 1499 1322 1540 καταπίπτειν
1353 1499 1407 1547 εἷς
1434 1498 1482 1539 τὸ

38 1555 164 1609 ὕδωρ.
205 1558 390 1608 Polybius
417 1558 463 1593 de
484 1560 591 1602 telis,
620 1569 715 1606 quae
735 1559 936 1606 catapultis
967 1558 1125 1604 emissa,
1158 1569 1271 1606 supra
1291 1556 1485 1593 Romanos

40 1615 266 1659 avolabant,
307 1610 375 1652 ὅτε
413 1612 457 1651 δὲ
493 1610 625 1652 ταῦθ’
676 1613 1006 1652 ΥΠΕΡΠΕΤΗ
1029 1612 1204 1664 *dymno
1237 1612 1279 1649 L.
1311 1612 1410 1650 Vffl.
1443 1615 1484 1653 (5.

39 1669 175 1708 Paullo
195 1671 308 1706 aliter
328 1671 469 1706 montis
487 1675 637 1717 vertex,
667 1669 768 1705 ultra
787 1673 911 1706 aerem
932 1675 1106 1706 nostrum
1124 1671 1165 1705 in
1183 1670 1300 1705 altum
1317 1683 1363 1705 ev
1367 1675 1488 1715 ectus,

38 1740 268 1792 υπεοπετης
303 1723 409 1778 &noa
438 1728 513 1777 τῆς
551 1728 634 1764 τῶν
665 1722 826 1774 ἇιέμων
856 1727 1007 1776 πνοῆς,
1044 1726 1113 1762 inf.
1131 1724 1178 1762 Ι..
1202 1725 1277 1761 XV
1283 1725 1329 1763 ll.
1358 1727 1413 1771 7.,
1449 1732 1488 1762 et

39 1777 274 1834 ὑπερπετεῖς
304 1779 467 1832 ἄνεμοι,
507 1783 572 1830 qui
601 1782 826 1818 sublimibus
862 1794 881 1818 e
911 1781 1105 1818 montibus
1134 1783 1282 1828 spirant
1311 1783 1351 1818 in
1378 1781 1489 1818 Stra-

41 1838 129 1875 bon.
150 1837 192 1875 L.
214 1837 304 1875 XV·
336 1850 372 1887 p·
406 1838 535 1878 1063.
557 1836 597 1874 C.
641 1839 746 1881 Quae
766 1837 918 1885 quidem
949 1838 1032 1874 loca
1060 1839 1362 1886 copiosissimum
1384 1839 1485 1874 alio-

42 1897 107 1944 qui
128 1894 265 1931 Graeci
283 1897 468 1931 sermonis
490 1893 752 1941 Thesaurum‚
783 1895 844 1931 cui
863 1893 1094 1931 vocabulum
1114 1893 1154 1930 id
1176 1893 1288 1941 defit,
1316 1895 1486 1944 locuple-

40 1959 122 2002 tare
145 1957 334 2000 poterunt.
360 1947 505 1987 'Wssss

155 2008 260 2047 658.
288 2009 363 2046 27.
406 2005 491 2046 Και
510 2010 600 2052 ταῖς
622 2002 866 2057 ευχερειάις]
907 2004 1010 2055 Lego
1031 2002 1264 2058 εὐχειρίαις,
1287 2012 1332 2041 ut
1350 2007 1490 2055 pagina

43 2075 120 2113 seq.
139 2067 230 2109 ταῖς
258 2059 432 2113 τόλμαις
460 2063 527 2101 καὶ
555 2067 646 2108 ταῖς
676 2059 889 2113 ευχειριάις
910 2057 1145 2112 τικώμειοι,
1183 2068 1222 2099 et
1242 2062 1374 2099 itidem
1396 2063 1492 2100 alibi.

42 2131 121 2156 non
154 2120 282 2156 semel.
322 2117 474 2157 Suram.

158 2176 263 2216 658.
287 2176 361 2215 29.
386 2174 472 2214 Και
491 2171 543 2214 τὰ
564 2190 604 2213 π.
627 2176 709 2213 τῶν
730 2187 849 2225 ταρμ.
869 2170 1027 2223 ἔχοντες
1045 2170 1206 2222 ψιλικὰ]
1232 2173 1298 2210 Sic
1318 2175 1487 2223 scripsit.

48 2227 115 2269 Τὰ
136 2228 279 2280 ψιὶικὰ
300 2233 385 2270 τῶν
413 2226 635 2283 ταῃιάτων
653 2236 857 2267 recurrunt
877 2229 918 2265 L.
941 2228 1030 2268 XV.
1057 2230 1129 2269 32.
1160 2229 1236 2266 XV
1242 2230 1287 2268 ΙΙ.
1315 2233 1386 2270 88.
1426 2230 1491 2266 1¹1-

44 2288 272 2337 telliguntur
301 2284 559 2334 ἀκοντισταὶ,
585 2282 750 2333 τοξόται
779 2292 818 2322 et
849 2285 1145 2352 σφειὸοιῆται,
1176 2286 1491 2335 quemadmodum

46 2344 128 2392 ipse
145 2343 256 2380 docet
278 2342 318 2382 L.
339 2342 453 2380 ΧΙΧ.
480 2345 554 2383 92.
597 2342 713 2379 Modo
743 2338 849 2380 ὅπὶα
871 2338 997 2391 ιιικρὰ
1025 2355 1070 2378 ea
1098 2349 1208 2388 sunt,
1239 2344 1374 2391 quibus
1405 2355 1491 2379 cor-

47 2411 118 2448 pus
151 2400 353 2450 tevebant,
382 2407 489 2436 scuta
523 2401 709 2449 inprimiS.
750 2397 854 2434 Infra
878 2397 919 2433 L.
938 2377 1014 2434 XV
1020 2397 1066 2435 ΙΙ.
1093 2400 1162 2438 18.
1190 2397 1410 2436 Alexander
1440 2395 1488 2437 τὸ

47 2453 122 2505 μὲν
154 2451 256 2494 ἴὸιον
277 2427 354 2495 3717'.
359 2471 406 2494 ον
437 2453 614 2506 ἀνέθηκε
644 2457 694 2508 τῆ
715 2456 825 2507 θεῶ,
854 2456 938 2492 τῶν
968 2450 1010 2491 δ’
1044 2453 1086 2492 ἓν
1104 2455 1162 2507 τῷ
1193 2458 1270 2493 νεῶ
1299 2452 1492 2505 κειμένων

48 2507 188 2550 ὅπλων
217 2508 264 2550 τὸ
288 2509 506 2560 κράτιστοι
536 2509 638 2549 ἀνα).
644 2507 758 2560 αρ’ὠν
777 2516 848 2546 etc.
878 2509 944 2546 ubi
971 2516 1121 2547 scutum
1151 2523 1256 2557 esse,
1285 2523 1333 2547 ex
1361 2525 1394 2547 c.
1415 2512 1489 2549 21.

49 2566 248 2616 adparebit
266 2569 489 2606 clarissime.
517 2566 723 2615 Euripides
747 2565 890 2602 Hecub.
911 2579 948 2602 v.
975 2566 1046 2606 14.
1069 2588 1116 2593 -
1128 2563 1263 2605 οὔτε
1252 2564 1328 2620 [ἀρ
1353 2581 1490 2619 (sepem

50 2620 158 2662 ὅπλα
183 2620 279 2662 Ούτ
302 2620 332 2662 {2
321 2637 416 2675 ’7ος
436 2619 522 2669 οἱος
542 2621 574 2661 ‘c'
597 2623 659 2675 ἢν.
688 2622 732 2659 ln
758 2635 851 2671 quae
873 2621 964 2658 haec
987 2620 1142 2661 Critici.
1176 2619 1307 2669 ὅπλα,
1336 2620 1387 2661 τὰ
1407 2637 1489 2674 qv-

49 2674 204 2730 λακτηρ
208 2694 270 2725 ια,
308 2682 396 2718 υἱον
424 2675 595 2729 θώραξ,
640 2673 809 2731 κράτος,
844 2679 1019 2728 neglecto
1046 2680 1203 2728 clype0,
1240 2691 1351 2728 quem
1386 2684 1490 2715 recte

51 2735 301 2772 addidissent.
336 2736 460 2772 Arma
491 2735 520 2771 L
525 2738 714 2772 atinorum
735 2734 1010 2770 consuetudine
1030 2736 1114 2771 loco
1134 2735 1253 2771 sim-ili
1272 2737 1382 2784 poni,
1410 2747 1490 2771 moe

52 2797 220 2828 nuerunt
238 2794 312 2828 viri
331 2791 469 2828 eruditi
500 2791 555 2827 (ΣΙ.
578 2791 790 2828 Salmasius
819 2790 867 2827 ad
886 2790 1042 2840 Vopisci
1061 2790 1191 2828 Aurel.
1214 2805 1246 2828 c.
1272 2793 1310 2830 7.
1342 2789 1488 2828 Duker.

52 2849 93 2885 in
116 2846 290 2898 Thucyd.
317 2847 397 2884 Vll.
417 2848 492 2887 45.
524 2848 664 2886 VVESS.
