1828 3253
301 167 395 208 740
765 140 1288 201 ANNorA'rloNEs

305 287 387 317 tum
409 277 702 327 demergentem.
746 276 917 320 Quorum
940 277 1070 324 opinio
1095 278 1180 314 veri
1203 275 1364 324 quadam
1396 278 1520 326 specie
1541 290 1620 314 non
1641 284 1756 314 earet.

306 336 405 373 Nam
428 342 465 370 et
486 336 639 384 longius
659 331 886 369 Colchorum
906 332 1047 369 finibus
1068 333 1227 370 aberant
1247 333 1409 379 Graeci,
1437 347 1521 370 cum
1543 335 1590 370 ad
1621 334 1659 371 id
1683 334 1755 370 ssu-

309 405 395 429 men
416 393 681 440 pervenirent:
713 397 751 425 et
766 390 918 425 tametsi
938 402 986 425 ex
1006 389 1187 426 Armenia
1211 391 1292 426 sive
1322 389 1509 426 Armenio
1529 396 1658 427 monte
1672 417 1683 436 ,
1713 396 1757 426 ut

309 447 523 497 Dionysius
542 446 693 496 Perieg.
713 459 750 483 v.
774 446 906 491 694..
935 444 1127 482 Colchidis
1151 445 1285 482 Phasis
1307 445 1569 493 descenderet,
1595 446 1757 482 necdum

309 512 436 542 tamen
456 515 571 552 prope
594 503 696 552 ipsos
718 502 845 537 fontes
866 515 909 538 ea
930 502 1179 550 amplitudine
1198 503 1347 540 ruebat.
1381 501 1629 539 substituunt
1651 502 1758 539 Ara-

309 574 420 606 xem,
450 561 516 607 qui
536 557 663 608 ’Έραξ
687 554 898 607 ποταμὸς,
921 554 1011 609 ἤτοι
1042 553 1063 597 ὃ
1104 553 1236 604 (Βάσις
1269 559 1362 606 Imp.
1385 557 1639 595 Constantino
1663 558 1759 595 Por-

310 616 566 666 phyrogenito
594 615 639 650 de
673 613 898 651 Administr.
936 613 1029 662 Imp.
1072 627 1104 651 c.
1132 615 1232 661 45.,
1271 617 1386 651 sicuti
1427 616 1487 651 illi
1513 615 1757 653 adseverant.

310 673 395 724 Ego
417 685 508 709 vero
530 671 726 709 addubito,
772 668 963 722 Φασιανὴ
986 672 1109 717 enim,
1137 683 1211 720 qua
1232 671 1278 708 de
1298 671 1521 720 Imperator,
1548 685 1570 708 a
1592 670 1759 709 Phaside

312 728 508 765 Colchidis
542 727 697 765 videtur
724 728 935 774 appellata:
965 733 1002 764 et
1031 728 1132 764 ratio
1162 727 1246 764 dari
1270 734 1398 775 potest
1428 734 1665 777 opportuna⁷
1692 740 1761 764 cur

310 785 448 822 Phasis
467 787 517 820 sit
535 781 663 832 ”Epalg
693 782 839 829 dictus,
876 784 983 820 nulla
1014 797 1129 829 vero,
1157 796 1224 820 cur
1244 783 1390 821 Araxes
1410 783 1586 821 Phasidis
1620 796 1762 821 nomen

313 842 529 879 abstulerit.
564 839 696 876 Erras
726 841 808 876 sive
838 838 946 876 Aras
974 839 1177 877 Persarum
1198 853 1371 877 sermone
1394 841 1564 890 fluvium
1591 841 1760 877 indicat:

313 910 389 946 quo
409 898 523 934 titulo
547 910 631 932 cum
652 895 816 943 quodvis
838 898 961 932 maius
983 895 1124 933 flumen
1148 896 1415 946 designarent,
1444 896 1532 932 hinc
1555 903 1613 932 tot
1635 897 1764 933 diver-

315 957 368 991 sis
382 954 493 990 Asiae
514 955 554 989 in
573 954 667 989 locis
687 965 818 988 amnes
838 952 1001 998 Araxae,
1029 960 1071 989 ut
1092 953 1189 988 belle
1211 953 1341 990 docuit
1360 951 1604 990 Clarissimus
1624 952 1671 988 H.
1686 951 1764 988 Re-

314 1008 628 1047 landusDissert.
649 1008 694 1044 de
710 1008 895 1045 Paradiso
916 1022 946 1045 c.
964 1010 1034 1048 17.
1067 1009 1335 1052 Quaerendum
1356 1011 1481 1058 itaque
1502 1008 1591 1045 huic
1604 1008 1764 1046 Phasidi

314 1066 420 1104 aliud
444 1067 725 1115 patrocinium,
755 1065 856 1113 quod
880 1064 1001 1101 donec
1021 1067 1255 1113 reperiatur,
1285 1066 1487 1113 ampliabo.
1517 1065 1650 1102 Wess.

408 1123 534 1161 *oo—l.
564 1121 638 1160 94.
670 1118 758 1172 Τὴν
777 1117 909 1159 Χάο)ν
930 1121 997 1159 καὶ
1024 1122 1275 1171 Φασιανῶν]
1304 1122 1450 1159 Prioris
1469 1123 1602 1171 populi
1624 1133 1764 1158 nomen

314 1181 498 1216 vitiosum
518 1185 587 1216 est.
631 1176 885 1226 Xenophonti
918 1173 1073 1227 Τάοχοι
1103 1185 1194 1214 sunt
1213 1185 1250 1215 et
1279 1179 1469 1215 dicuntur.
1514 1179 1593 1215 Alii
1627 1173 1766 1224 To'tovg

314 1236 529 1280 vocabant,
560 1233 806 1282 Sophaeneto
829 1234 928 1283 apud
953 1232 1136 1283 Stephan.
1158 1237 1199 1271 in
1220 1248 1304 1272 voc.
1333 1231 1486 1284 Τάοχοι
1510 1242 1617 1271 teste.
1657 1233 1766 1271 Scri-

317 1291 482 1328 bendum
504 1304 594 1341 ergo
617 1287 692 1341 τὴν
716 1285 914 1340 Ταόχων,
939 1297 1005 1327 aut
1024 1297 1143 1337 certe,
1169 1291 1271 1338 quod
1290 1305 1312 1328 a
1332 1293 1491 1341 vulgato
1510 1291 1657 1327 recedit
1677 1303 1766 1339 pro-

315 1350 424 1396 piuS‚
459 1344 535 1398 τὴν
566 1342 690 1385 Τάων
720 1360 806 1383 cum
833 1347 1048 1383 clarissimo
1076 1346 1363 1384 Hutchinsonio
1391 1347 1438 1384 ad
1466 1345 1606 1398 Ἀναβ.
1636 1346 1678 1384 L.
1702 1347 1764 1384 [V.

316 1418 352 1454 p.
370 1405 475 1443 321.
500 1403 557 1438 ed.
574 1402 701 1440 Oxon.
730 1403 873 1439 Videor
891 1406 1005 1439 etiam
1028 1416 1136 1452 posse
1157 1406 1357 1451 suspicari,
1378 1403 1591 1441 Diodorum
1612 1406 1653 1440 in
1673 1405 1766 1450 illis,

316 1461 382 1497 ubi
403 1474 425 1496 a
440 1458 698 1508 Xenophonte
718 1458 910 1506 dissentit,
931 1458 1215 1507 Sophaenetum
1231 1463 1348 1496 istum
1367 1460 1501 1496 ducem
1521 1461 1594 1497 sibi
1613 1461 1767 1509 legisse.

317 1515 533 1566 Scripserat
564 1511 707 1567 Κύρου
735 1510 998 1565 Ἀνάβασιν,
1025 1515 1168 1552 diserte
1197 1529 1219 1552 a
1243 1515 1438 1565 Stephano
1469 1519 1510 1553 in
1534 1530 1620 1555 voc.
1644 1515 1765 1567 Kap-

314 1572 456 1622 ὃοῦχοι
476 1573 632 1608 citatam
645 1598 656 1618 ‚
682 1571 884 1618 fueratque
908 1571 1164 1619 expeditionis
1184 1584 1270 1620 pars
1289 1585 1368 1609 non
1388 1579 1590 1622 postrema.
1632 1573 1766 1621 Neque

314 1631 418 1665 enim
439 1628 615 1665 diversus
647 1634 706 1663 est
725 1641 747 1664 a
773 1626 1015 1676 Sophaeneto
1036 1627 1303 1678 Stymphalio‚
1333 1629 1378 1666 de
1402 1642 1476 1678 quo
1501 1642 1610 1679 saepe
1631 1629 1766 1666 Xeno-

312 1684 439 1735 phon:
474 1684 574 1733 quod
593 1684 746 1732 quidem.
767 1682 938 1721 Thomae
969 1684 1013 1720 de
1033 1683 1181 1722 Pinedo
1208 1685 1450 1736 diligentiam
1470 1687 1615 1737 fugisse
1643 1688 1765 1722 mira-

312 1755 398 1787 rer,
426 1743 503 1776 nisi
523 1742 632 1788 plura
653 1741 729 1777 alia
749 1753 834 1776 eum
855 1743 1153 1790 praeteriissent.
1197 1740 1318 1778 Porro
1338 1739 1413 1793 τὴν
1438 1743 1662 1781 Φασιανῶν
1677 1736 1767 1793 χώ-

314 1812 394 1849 ραν
423 1797 557 1834 Nostri
590 1797 632 1832 in
664 1799 790 1833 animo
817 1795 1044 1834 Eustathius
1073 1796 1228 1845 habuit,
1268 1811 1354 1835 cum
1385 1806 1695 1836 conmentaretur
1721 1801 1764 1836 in

311 1852 498 1904 Dionysii
520 1867 558 1892 v.
581 1854 689 1894 689.
719 1853 857 1890 WEss.

427 1910 533 1950 664.
564 1911 639 1948 96.
690 1905 877 1955 Τούτους
902 1907 979 1959 μὲν
1007 1906 1046 1948 ἓν
1079 1911 1131 1964 τῇ
1162 1905 1277 1964 μάχῃ
1309 1905 1577 1963 νικήσαντες]
1626 1911 1765 1948 Eradit

313 1967 635 2016 praepositionem
662 1964 987 2012 Rhodomannus‚
1014 1979 1109 2016 quae
1140 1974 1183 2004 ut
1204 1968 1514 2017 frequentissime
1546 1968 1673 2014 abest,
1707 1970 1762 2005 ita

311 2025 482 2070 reperire
506 2024 671 2070 poterit,
701 2024 809 2059 cuius
838 2023 986 2059 auxilio
1008 2023 1258 2070 defendatur,
1285 2027 1508 2072 praesertim
1541 2037 1625 2060 cum
1644 2025 1687 2060 in
1718 2038 1763 2061 ea

311 2078 515 2116 retinenda
529 2077 650 2117 Codd.
672 2080 904 2127 conspirent.
930 2078 1111 2116 Abundat
1129 2082 1230 2116 enim
1253 2079 1353 2116 haud
1372 2080 1635 2129 infrequenter
1654 2087 1763 2117 utro-

313 2147 386 2183 que
408 2137 448 2172 in
469 2147 655 2172 sermone.
684 2134 871 2184 Exempla
891 2136 1131 2186 collegerunt
1148 2135 1393 2172 Burdelotius
1414 2139 1455 2173 in
1468 2135 1621 2173 Heliod.
1639 2150 1674 2186 p.
1687 2139 1763 2178 26.

313 2197 352 2228 et
374 2190 424 2230 N.
447 2190 636 2228 Heinsius
656 2191 704 2228 ad
722 2191 850 2229 Valer.
870 2190 995 2228 Flacc.
1017 2190 1061 2230 L.
1084 2191 1130 2228 V.
1153 2193 1258 2231 349.
1288 2191 1424 2230 WVESS.

426 2249 531 2288 664.
574 2249 611 2287 l.
668 2244 758 2299 Τὴν
793 2244 1038 2287 Χαλκιδέων
1077 2248 1169 2287 καλ.
1209 2243 1380 2300 χώραν]
1434 2248 1546 2297 Apud
1584 2248 1764 2300 Xenoph.

309 2299 549 2354 Χαλύβων,
581 2303 682 2352 quod
697 2310 764 2340 aut
783 2304 1065 2353 recipiendum,
1089 2311 1155 2341 aut
1176 2304 1417 2344 Χαλδαίων.
1444 2305 1675 2357 Distinguit,
1699 2308 1763 2344 fa-

309 2365 416 2406 teor,
446 2359 669 2408 Xenophon
688 2367 858 2397 extremo
876 2359 919 2397 L.
939 2360 1022 2398 Vll.
1047 2358 1188 2410 ζ4ναβ.
1219 2356 1425 2410 Χάλυβας
1448 2369 1486 2399 et
1506 2362 1762 2410 Χαλδαίους,

309 2416 462 2453 vicinos
484 2423 612 2452 tamen
626 2418 702 2464 ait.
741 2415 882 2453 Strabo
911 2429 1004 2454 vero
1025 2416 1178 2454 L.X11.
1201 2430 1237 2466 p.
1263 2420 1367 2458 826.
1401 2416 1439 2457 οἱ
1464 2417 1507 2457 δὲ
1537 2422 1610 2458 νῦν
1638 2419 1760 2458 Χαλ-

309 2470 442 2520 δαῖοι,
466 2468 663 2522 Χάλυβες
691 2468 739 2511 τὸ
770 2469 948 2511 παλαιὸν
978 2468 1254 2522 ὠνομάζοντο.
1292 2474 1399 2511 Adde
1423 2474 1556 2523 Steph.
1579 2478 1619 2512 in
1641 2477 1760 2514 Xui-

310 2527 420 2567 ὁάΐοι
441 2535 479 2565 et
491 2525 660 2579 Ἀλύβη,
686 2529 753 2565 ubi
770 2527 986 2576 Berkelius‚
1015 2530 1088 2566 etsi
1106 2531 1164 2566 illi
1183 2530 1461 2579 quodammodo
1482 2533 1632 2578 faveat,
1657 2531 1758 2580 quod

310 2590 437 2621 tamen
455 2597 535 2622 non
555 2584 901 2632 animadverterat,
929 2585 1105 2623 Eustath.
1128 2587 1169 2623 in
1189 2585 1354 2638 Dionys.
1383 2601 1421 2626 v.
1445 2589 1571 2636 767.,
1604 2589 1759 2626 modum

308 2640 474 2680 excedit.
506 2640 646 2678 Wssss.

421 2698 528 2738 664.
557 2699 599 2737 2.
631 2693 752 2750 Πρὸς
770 2693 843 2737 τὸν
853 2692 1063 2751 Ἅρπαγον
1085 2694 1200 2747 ὄνομ.
1222 2696 1444 2750 ποταμὸν]
1468 2697 1697 2753 τἈρπασος
1717 2703 1758 2738 ἰη

306 2749 567 2802 Xenophonte
597 2752 698 2803 Exp.
729 2751 820 2804 Cyr.
852 2753 895 2793 L.
919 2754 982 2791 lv.
1018 2768 1054 2804 p.
1077 2756 1185 2795 265.
1222 2755 1459 2793 Alterutrum
1479 2759 1659 2795 vitiosum
1679 2764 1756 2794 est:

306 2809 384 2847 imo
411 2815 633 2860 utrumque,
665 2811 698 2849 si
724 2822 858 2849 verum
885 2811 1055 2861 pervidit
1074 2809 1248 2862 Theoph.
1274 2812 1360 2865 sig.
1392 2811 1577 2863 Bayerus.
1617 2812 1757 2851 Censet
