1828 3253
411 147 474 186 IN
507 146 620 187 LIB.
649 146 734 184 111.
763 145 888 183 CAP.
920 147 1144 188 66.-69.
1423 145 1516 185 303

75 258 312 314 πορφυρίδα
347 257 580 299 θαλαττίαν
611 258 746 309 Polyb
778 261 819 296 in
848 258 1029 307 Excerpt.
1065 271 1099 308 p.
1132 258 1287 298 1473st
1279 286 1288 304 ‚
1326 255 1514 308 ποικῖὶην

75 315 155 355 ἀπο
178 316 412 367 3a7arro1'ejg
432 312 589 366 Ιίίάψιος
605 318 678 354 τοῦ
701 311 798 366 on7
803 331 849 354 ov
870 315 1085 351 Perictione
1106 314 1187 350 inl
1191 316 1339 363 lorileg.
1359 313 1518 350 Stobaei

79 371 158 409 'lit.
181 372 409 409 LXXXIII.
436 385 470 420 p
492 373 599 411 487.
641 371 738 409 Puto
762 385 968 421 purpuram
986 370 1094 420 1)ιί
1086 384 1159 416 un,
1192 378 1228 406 et
1246 373 1402 415 murice,
1434 382 1514 405 non

78 428 228 475 herbis,
261 429 441 466 infectam
472 429 655 465 indicari:
684 441 807 476 neque
833 430 934 464 enim
963 440 1007 464 ea
1035 427 1209 472 videtu1‚
1251 440 1345 475 qauxe
1374 425 1514 461 Athen.

79 484 171 523 ΧΠ.
196 485 236 524 3
269 497 302 532 Ι).
326 486 428 524 525.
457 483 506 521 D.
533 486 748 523 Saluo-rme
753 482 863 535 ιὸιζς,
894 484 1034 520 nedum
1056 495 1151 531 quae
1177 484 1344 532 pelagia
1373 483 1514 527 Plinio,

80 553 154 589 qua
183 541 227 576 de
254 539 308 576 Cl.
341 540 501 578 Salmas.
541 543 582 577 in
614 539 778 579 Tertull.
809 540 905 577 l’all.
937 553 972 589 p.
998 542 1098 580 187.
1162 538 1278 575 Porro
1307 541 1399 586 quin
1429 544 1515 585 post

79 609 199 645 pauca
228 597 424 643 scripserit
451 594 501 635 ἄ)
504 598 594 643 λαις
622 592 771 650 (sivetu
804 594 1199 660 περιλαιιπομέἰαις,
1237 594 1331 631 milii
1362 595 1514 643 quidem

80 653 235 689 dubium
256 664 334 689 non
352 659 429 689 est:
456 653 623 701 pendent
641 655 744 690 enim
765 665 813 689 ex
833 654 961 690 verbis
990 650 1064 703 τὴ]
1079 666 1214 702 χροαι
1235 648 1328 701 ἔχοι(
1333 665 1410 695 οας
1434 665 1517 687 πα-

79 710 187 761 ραι-ι)
179 704 307 759 .ἦσιοι
317 734 328 754 ‚
351 715 388 744 et
409 710 506 746 solet
523 705 666 762 ([ίσεις
685 711 797 761 περι).
788 707 991 759 „affluendi
995 723 1043 754 ας
1069 709 1260 755 adpellare
1280 721 1342 743 res
1363 721 1393 743 e
1384 709 1517 756 rregie

79 764 390 814 resplendentes,
423 767 481 802 uti
503 768 545 802 in
564 765 821 806 c.11.l1uius
841 766 930 802 libri
953 765 1131 801 animadv
1136 776 1263 800 ersum
1282 771 1350 799 est.
1381 763 1429 799 W
1436 773 1515 798 iss.

193 820 300 860 238.
323 821 395 860 32.
430 819 495 860 Ἐν
516 821 560 860 δέ
580 818 741 866 τούτοις
762 817 1033 870 ἕνιόσσειῖἐιιν]
1066 820 1150 857 Hoc
1171 821 1359 856 sermonis
1379 822 1517 870 genius

80 882 120 913 et
139 879 335 924 scriptoris
359 878 593 914 consuetudo
612 880 825 927 postulant:
859 880 913 914 ita
933 879 1035 914 enim
1055 877 1103 915 ΙΙ.
1126 878 1167 915 4.
1198 873 1389 927 πλήθους
1409 890 1519 926 περι-

78 935 235 985 στερῶν
255 930 580 981 ἒνιόσσεύοντος,
606 935 671 971 ubi
694 936 810 971 simili
831 941 985 981 peccato
1007 932 1124 970 Codd.
1143 934 1263 980 aliqui
1284 928 1519 971 ἐννοσείυν-

78 1002 162 1034 τος·
193 996 230 1025 et
248 988 293 1024 V·
315 990 389 1028 43.
420 987 571 1042 ὀρνέων
598 991 762 1042 πλῆθος
791 986 1112 1037 ἒννιεοσσεύεται,
1144 989 1244 1038 quod
1272 991 1383 1038 plane
1405 988 1518 1025 idem.

81 1043 173 1082 Scio
194 1044 379 1082 Herodoti
410 1045 438 1082 l·
469 1047 570 1086 159.
600 1046 868 1096 νειόσευμένα
899 1043 1215 1097 ὅρι’ίθιονγένεα
1248 1044 1289 1083 ἐν
1322 1047 1380 1099 τῷ
1420 1045 1519 1098 νηῷ,

82 1100 150 1136 sed
177 1108 214 1138 et
240 1100 280 1138 id
310 1102 490 1139 vitiosum
519 1117 600 1140 esse
625 1105 750 1140 visum
780 1110 817 1139 et
836 1103 966 1140 addita
994 1104 1105 1139 litera
1138 1101 1354 1152 augendum
1383 1100 1519 1138 Aeniil.

84 1156 201 1195 Porto
239 1169 316 1193 non
343 1171 402 1194 me
431 1162 623 1206 praeterit.
656 1159 795 1196 u'ssss.

192 1214 298 1253 238
335 1215 406 1253 50.
448 1214 723 1266 Παραδοῦιαι
744 1212 906 1267 τρέφειν
927 1208 1081 1266 Νύσῃ]
1110 1212 1258 1264 Nysam
1277 1211 1419 1250 Bacchi
1448 1225 1520 1249 nu·

81 1270 216 1306 tricem
240 1268 388 1306 Plinius
420 1270 465 1308 V.
491 1250 560 1311 18.
594 1270 755 1308 Servius
786 1271 827 1307 in
855 1271 992 1321 lirgil.
1019 1269 1152 1320 Eclog.
1182 1269 1246 1307 U.
1272 1271 1342 1310 15.
1373 1268 1522 1319 Hygin.

82 1323 435 1362 Fab.CIXXX11.
466 1340 551 1364 cum
581 1326 785 1364 Munckeri
813 1333 904 1363 nota
935 1339 1013 1363 non
1044 1328 1316 1376 neglexerunt:
1354 1325 1524 1362 Aristaei

80 1381 200 1419 filiam
219 1380 369 1419 Baccho
389 1386 576 1421 nutricem
596 1383 662 1421 dat
679 1383 855 1433 Apollon.
876 1381 1000 1419 Rhod.
1020 1382 1083 1419 lv.
1112 1383 1245 1422 1132.
1276 1382 1342 1419 sed
1363 1382 1523 1419 Macrin

84 1440 263 1484 nomine,
291 1449 386 1486 quae
406 1440 445 1475 in
464 1439 622 1477 Euboea
651 1441 780 1477 insula
801 1452 888 1476 eum
909 1441 997 1476 sinu
1017 1444 1219 1487 exceptum
1246 1440 1390 1477 foverit
1409 1445 1522 1487 atque

82 1493 265 1532 educarit.
302 1493 437 1531 W'ess.

196 1549 302 1590 238.
336 1552 406 1591 56.
448 1547 515 1590 Δι’
548 1547 594 1591 ὃν
620 1549 688 1590 καὶ
720 1549 954 1603 Τριτωνίδα
974 1548 1370 1603 προσηγορεῦσθαι]
1397 1549 1524 1588 Fabu-

85 1607 163 1644 lam
182 1606 280 1643 hanc
303 1607 387 1643 Afri
409 1606 566 1644 Graecis
586 1608 865 1656 approbarunt,
889 1607 1080 1644 Pausania
1100 1607 1130 1644 l.
1153 1609 1223 1647 14.
1244 1615 1282 1644 et
1302 1606 1454 1644 Criticis
1475 1606 1523 1644 ad

86 1663 265 1710 Apollon.
295 1661 418 1701 Rhod.
453 1663 481 1700 Ι.
512 1665 614 1704 109.
643 1665 880 1700 docentibus.
919 1663 1092 1700 Indidem
1120 1666 1231 1701 venit
1255 1667 1297 1701 in
1319 1663 1522 1701 Graeciam

87 1720 230 1768 Aegis,
259 1721 293 1756 si
312 1719 406 1755 fides
424 1718 621 1757 Herodoto
640 1720 702 1757 lv.
730 1721 833 1760 189.
850 1730 859 1767 ;
898 1720 943 1756 de
964 1732 1039 1767 qua
1058 1726 1183 1756 tamen
1210 1721 1325 1756 sicuti
1344 1727 1381 1756 et
1402 1721 1522 1770 origi-

86 1777 245 1812 natione
265 1774 482 1812 Tritonidis
511 1784 549 1813 et
568 1775 816 1827 Tritogeniae
851 1789 930 1812 non
958 1776 1162 1813 admodum
1193 1778 1294 1812 inter
1323 1789 1405 1812 sese
1429 1790 1521 1813 con-

89 1834 260 1880 spirant,
282 1838 325 1868 ut
344 1831 392 1868 Is.
425 1829 558 1869 Tzetz.
591 1831 832 1883 Lycophron.
859 1845 896 1869 v.
921 1833 1022 1872 519.
1055 1839 1092 1868 et
1112 1831 1285 1868 Eusta'sh.
1305 1835 1347 1869 in
1366 1831 1522 1870 Homer.

86 1901 122 1938 p.
144 1890 249 1928 602.
277 1888 427 1924 abunde
451 1896 651 1925 testantur.
683 1888 791 1925 Conf.
813 1889 884 1926 inf.
906 1889 950 1925 V.
974 1890 1045 1928 72.
1075 1888 1214 1924 W'Ess.

201 1945 308 1984 239.
338 1945 410 1984 64.
451 1943 622 1996 Γιῃειές
654 1942 732 1996 ⁴640
763 1940 976 1995 ὕπαρχοι]
1022 1943 1217 1981 Describit
1235 1943 1408 1992 Euripid.
1439 1943 1519 1980 Ion.

88 2013 126 2038 v
148 2002 255 2040 989.
306 1999 364 2041 De
393 2000 565 2052 Phrygia
592 1999 672 2037 Cat
663 2014 936 2047 icecaumena,
967 2007 1005 2037 et
1030 2003 1196 2046 nominis
1226 2013 1381 2047 caussa,
1408 2002 1524 2051 longe

87 2059 246 2094 meliora
266 2055 405 2093 Strabo
425 2056 532 2094 Xlll.
557 2070 590 2105 p.
617 2059 721 2097 931.
746 2056 786 2094 C.
826 2057 910 2108 Ego
932 2070 1024 2093 vero
1056 2056 1118 2094 ἐπὶ.
1145 2053 1225 2094 αα).
1232 2071 1361 2094 ατται
1374 2084 1385 2102 ,
1411 2069 1524 2104 quam

88 2111 274 2150 Rhodum.
315 2113 538 2162 proscribit,
577 2127 656 2150 non
692 2114 841 2152 damno.
896 2112 1065 2150 Habebis
1095 2114 1212 2149 simili
1247 2114 1332 2150 loco
1361 2117 1525 2162 positam

85 2182 117 2206 c.
143 2171 214 2209 73.
260 2168 399 2205 Wssss.

199 2226 304 2265 239-
338 2227 410 2266 70.
445 2222 541 2264 Ἐπὶ
572 2221 817 2272 θάλατταν]
863 2225 937 2262 His
975 2231 1179 2263 contextus
1211 2224 1352 2274 absque
1380 2227 1526 2261 incom-

88 2281 201 2318 modo
225 2295 352 2318 carere
374 2290 508 2331 potest.
540 2281 675 2319 RHoD.

200 2338 305 2377 239.
326 2339 397 2377 74.
426 2338 500 2383 Εἷς
516 2336 612 2384 τοὺς
632 2337 721 2388 περὶ
742 2335 793 2377 τὰ
807 2332 1015 2389 Κεραύνια
1036 2333 1218 2389 δρυμοὺς
1238 2336 1524 2386 κατασκῆψαι]

92 2391 278 2430 Rhodon..
308 2394 415 2432 bene.
463 2394 659 2444 Frequens
689 2402 747 2431 est
775 2395 820 2430 de
849 2395 996 2430 tonitru
1024 2401 1061 2429 et
1089 2394 1271 2438 fulmine,
1312 2395 1368 2428 uti
1396 2400 1526 2428 monet

95 2447 224 2486 Scliol.
255 2452 294 2486 in
323 2449 454 2497 Eurip.
488 2450 588 2488 Med.
618 2465 657 2490 v.
689 2452 762 2490 94.
814 2449 880 2487 Sic
901 2449 1007 2486 XVI.
1033 2452 1102 2490 81.
1137 2447 1351 2499 ἀστραπαί
1380 2463 1421 2486 τε
1456 2447 1523 2485 καὶ

91 2504 265 2555 βρονταὶ
284 2503 386 2555 μετὰ
411 2502 598 2557 μεγάλων
626 2502 869 2557 πνευμάτων
893 2504 1185 2556 κατέσκηπτον.
1217 2512 1255 2539 et
1275 2503 1400 2540 lel.
1427 2505 1523 2549 943

94 2573 165 2597 nec
185 2562 314 2597 minus
331 2561 376 2598 de
397 2561 612 2600 vehementi
637 2572 769 2600 vento:
800 2562 911 2598 Philo
932 2561 1012 2598 Iud.
1034 2561 1060 2598 Ι.
1082 2561 1159 2597 vit.
1183 2559 1278 2596 Mos.
1301 2572 1335 2607 p.
1357 2562 1461 2599 629.
1476 2558 1522 2595 l).

91 2612 211 2662 νότος
231 2614 358 2662 εὐθὺς
376 2615 527 2668 ἤρξατο
551 2615 850 2671 κατασκήπτειν
873 2611 1120 2666 βιαιότατος.
1155 2616 1276 2664 Atque
1302 2616 1390 2651 binc
1410 2617 1524 2660 mala,

91 2685 186 2722 quae
206 2673 378 2710 fulminis
401 2677 708 2723 tempestatisque
731 2678 771 2711 in
802 2674 956 2710 niodum
976 2676 1173 2710 incessunt
1191 2679 1302 2719 atque
1322 2671 1525 2715 invadunt,

88 2725 545 2822 Ξακῖιξῖκατασκήψαντα
566 2731 690 2768 eidem
709 2730 799 2781 Leg.
819 2730 869 2767 ad
889 2728 968 2767 Cai.
986 2742 1022 2779 p.
1039 2731 1171 2770 1018.
1196 2727 1244 2765 D.
1266 2734 1314 2763 et.
1334 2740 1369 2776 p.
1390 2728 1522 2767 1030.

123 2812 132 2821 .
209 2795 291 2822 Ess.
