1828 3253
383 200 445 240 IN
475 199 588 240 LIB.
616 198 754 240 X111.
787 197 912 242 cAP.
943 200 1173 241 91.-94.
1407 201 1498 242 697

54 311 96 363 ἴς
114 330 157 356 τε
177 310 230 355 τὰ
248 309 516 368 χρηστήρια
503 309 675 362 ἔπεμπε,
713 311 749 354 εἲ
776 307 1047 366 στρατεύηται
1079 310 1141 352 ἐπὶ
1163 310 1346 364 Πέρσας
1373 313 1439 351 ubi
1464 320 1503 351 et

55 374 132 410 alia
167 373 336 420 ellipsis,
370 370 416 406 de
448 382 522 418 qua
555 369 614 409 CI.
644 369 717 407 Iac.
748 369 919 406 Gronov.
960 368 1011 406 Et
1040 367 1173 407 Cicero
1201 370 1273 407 XI.
1300 369 1404 407 Fam.
1431 372 1501 410 16.

55 429 172 467 Mitte
202 428 257 464 ad
288 426 436 478 Lupum
466 433 666 475 'wsb-,um
699 432 744 464 ut
772 428 807 463 is
836 425 944 463 nobis
976 437 1044 463 eas
1064 428 1270 463 centurias
1298 427 1498 474 conficiat.

58 483 169 522 Conf
192 483 454 520 doctissimum
481 480 682 519 Cortium
672 495 713 519 in
734 480 912 518 Sallustii
930 480 1094 519 Cati1.c.
1119 483 1191 522 32.
1234 482 1368 521 VVEss.

171 541 276 580 616
307 540 378 579 76
417 535 594 604 Ἀγνοων
619 553 695 588 την
726 534 945 588 ἐπιβολὴν]
985 536 1149 587 Scripsit
1168 553 1243 588 Tm
1267 532 1500 590 ἐπιβουλήν.

53 596 291 641 Praecessit,
317 595 462 641 fateor,
489 589 624 632 πάντα
654 592 699 632 δὲ
725 592 829 645 πρὸς
853 607 927 645 την
961 592 1069 632 ἰδίαν
1098 591 1289 644 ἐπιβολὴν
1317 595 1452 646 ‹iq-„mn
1455 609 1502 632 0-

59 665 202 704 ρησας.
242 649 286 687 Id
314 653 456 688 iustum
487 650 661 698 quidem,
699 663 776 686 non
800 650 893 695 hoc,
934 652 1096 687 errantis
1114 651 1262 688 librarii
1280 663 1416 699 manu,
1458 657 1502 688 ut

60 708 274 745 sexcenties
293 709 334 750 in
355 705 414 743 his
433 706 557 752 libris,
583 708 839 756 progenitum.
869 705 919 742 W
923 716 1003 742 Ess.

172 764 278 803 616.
299 763 375 801 93.
420 761 560 802 Οἷκεῖα
588 767 674 809 τοῖς
702 757 945 815 πράγμασι]
986 760 1097 802 Conf.
1128 760 1172 799 L.
1200 760 1346 800 XVIII.
1368 763 1442 803 46.
1465 768 1503 800 et

58 817 155 856 XX.
182 819 252 859 10.
279 818 420 857 wass,

173 876 278 915 616.
302 875 375 915 13.
418 873 716 922 Κατασταθεὶς
746 869 826 914 ὑπὸ
862 871 1186 928 Συρακουσίων]
1227 872 1286 911 De
1315 887 1359 912 eo
1388 887 1504 925 supra

59 943 93 968 c.
113 931 185 972 85.
205 943 255 968 ex
274 929 447 969 Timaeo.
476 930 610 969 Wnss.

174 988 279 1028 617.
300 989 376 1027 27.
409 985 667 1026 Δεσποτειάν
689 981 846 1026 ἑαυτῶν
868 981 1119 1032 ἀπεκάλουν]
1150 984 1233 1034 Est,
1256 988 1320 1036 qui
1341 999 1390 1023 ex
1409 984 1506 1037 Reg.

64 1044 106 1083 1.
130 1040 267 1082 αὐτῶν
288 1044 449 1090 mavult,
478 1042 579 1091 quod
608 1041 823 1082 δεσποτεία
847 1038 1062 1094 Ῥωμαίων
1081 1044 1133 1079 sit
1152 1045 1372 1091 imperium,
1404 1042 1506 1091 quod

61 1097 228 1136 Romani
251 1101 291 1136 in
311 1101 408 1137 aIios
428 1098 627 1146 inhibent,
663 1105 702 1135 et
731 1098 946 1138 δεσποτεία
971 1100 1046 1138 τοῦ
1078 1094 1257 1150 μεγάλου
1286 1097 1503 1148 βασιλέως,

63 1167 138 1204 quo
171 1155 373 1192 Persarum
401 1168 473 1192 rex
503 1156 579 1192 sibi
610 1156 792 1192 subiectis
821 1158 991 1204 imperat.
1035 1153 1113 1191 Sed
1133 1154 1231 1192 nihil
1251 1168 1345 1203 opus
1367 1167 1410 1191 eo
1433 1162 1505 1192 est.

66 1211 172 1248 Ordo
196 1211 398 1249 verborum
417 1213 615 1262 vulgatum
636 1218 784 1257 tuetur3
823 1224 946 1259 neque
966 1212 1163 1248 insolitum
1184 1217 1344 1260 utroque
1364 1213 1404 1247 in
1425 1224 1507 1247 ser-

63 1281 176 1306 mone
197 1274 267 1314 est,
286 1275 328 1305 ut
346 1267 477 1304 eadem
497 1280 574 1305 vox
595 1273 632 1304 et
650 1273 788 1318 agente
808 1274 844 1304 et
864 1269 1034 1316 patiente
1054 1269 1095 1303 vi
1110 1268 1298 1304 instructa
1319 1269 1380 1305 sit.
1401 1266 1508 1304 Alias

66 1324 108 1360 icl
124 1325 308 1372 exemplis
321 1323 543 1360 firmabitur.
566 1322 714 1360 Interea
725 1324 800 1360 loci
810 1323 872 1360 adi
885 1322 1010 1360 Celeb.
1026 1322 1099 1359 Iac.
1111 1323 1289 1360 Perizon.
1303 1323 1351 1360 ad
1362 1323 1509 1360 Aelian.

64 1378 115 1419 11.
138 1380 212 1419 35.
237 1379 327 1419 Var.
348 1378 449 1417 Hist.
469 1386 507 1418 et
525 1380 607 1418 Pet.
631 1377 813 1418 Burman.
833 1382 875 1417 in
894 1378 1058 1416 Phaedri
1079 1378 1121 1415 L.
1144 1378 1194 1418 11.
1220 1382 1258 1419 8.
1282 1381 1323 1418 2.
1365 1379 1504 1416 Wssss.

180 1437 286 1476 617.
310 1436 385 1476 42.
428 1432 518 1487 Τὴν
548 1431 661 1486 ὥραν
687 1456 735 1486 —f
759 1432 924 1487 παρῆν]
963 1436 1171 1483 Praeponit
1189 1434 1248 1472 his
1271 1434 1508 1473 Rhodoman.

65 1492 109 1530 in
129 1498 208 1530 not.
231 1494 401 1530 auctario
424 1488 553 1538 κατὰ,
577 1502 689 1541 quam
708 1504 841 1530 vocem
863 1493 896 1528 si
918 1491 1215 1532 subaudiendam
1238 1491 1419 1539 dixisset,
1448 1505 1508 1528 me

67 1547 340 1596 adstipulatore
360 1560 451 1584 usus
469 1548 617 1586 fuisset.
649 1546 881 1584 Cornelius·
871 1560 912 1585 in
931 1547 1015 1584 Act.
1038 1547 1084 1584 A.
1105 1560 1137 1584 c.
1158 1546 1213 1584 Χ
1237 1549 1308 1588 30.
1342 1547 1410 1587 καὶ
1433 1545 1509 1598 τὴν

67 1599 239 1653 ἐντατην
258 1600 371 1655 ὥραν
390 1599 717 1656 προσειχόμενος
738 1602 780 1642 ἐν
803 1605 862 1643 τῶ
892 1600 989 1658 οἴκῳ
1011 1618 1106 1654 μου.
1145 1601 1280 1642 Mox'
1259 1619 1308 1655 a>
1312 1608 1416 1643 νοεῖν
1438 1601 1512 1642 αὐ-

67 1656 168 1706 τοὺς
198 1657 275 1713 ἔφη
294 1640 412 1698 διότι
441 1661 524 1699 τῶν
555 1657 712 1706 εξωθεν
745 1665 784 1696 et
822 1661 970 1707 reliqua
995 1661 1139 1696 rectius
1169 1659 1304 1698 Latine
1335 1661 1513 1707 verteris,

84 1728 262 1766 ,fg-nouare
291 1728 357 1754 eos
387 1716 610 1768 respondit,
639 1715 836 1763 hostibus,
865 1718 951 1766 qui
945 1722 1076 1753 extra
1097 1718 1252 1754 moenia
1272 1717 1374 1763 sint,
1398 1718 1514 1765 longe

69 1773 176 1823 ipsos
197 1771 428 1820 infestiores
450 1773 630 1824 experiri
649 1785 784 1811 rerum
799 1774 839 1811 in
859 1772 954 1810 urbe
974 1779 1183 1811 curatores
1202 1786 1252 1811 ao
1262 1772 1515 1826 praefectos.

71 1828 208 1867 Wssss.

184 1886 291 1925 617.
308 1884 383 1925 48.
407 1883 722 1938 Διαφοροῦντες
741 1881 793 1924 τὰ
814 1879 1026 1937 δημόσια]
1055 1883 1145 1922 Νοη
1165 1891 1282 1922 muto.
1314 1883 1519 1934 Proprium

70 1952 190 1990 paene
215 1940 359 1978 Nostro
380 1947 438 1977 est
459 1942 498 1977 in
520 1941 667 1990 opibus,
689 1952 785 1989 quae
806 1941 1041 1978 dilaniantur
1059 1948 1171 1990 atque
1192 1943 1514 1980 intervertuntur.

71 1997 160 2034 Vid.
182 1997 224 2034 L.
246 1996 352 2033 XIV.
374 1997 449 2037 46.
481 1996 596 2035 XIX.
618 1999 659 2037 9.
692 2009 861 2047 quaeque
893 1997 1087 2046 adscripta
1117 2005 1206 2033 sunt
1233 1996 1346 2035 huius
1367 1997 1457 2034 libri
1482 2010 1515 2033 c.

75 2054 149 2093 62.
175 2049 518 2106 Διαόῥοφοῦντες
534 2054 692 2090 debetur
716 2054 931 2091 errantibus
952 2054 1135 2099 librariis,
1157 2064 1251 2101 quos
1274 2060 1409 2091 contra
1430 2065 1518 2104 pec-

75 2122 182 2147 casse
203 2109 381 2146 diceres
371 2122 412 2147 in
431 2111 557 2177 veteri
576 2109 675 2160 Epig,
664 2116 860 2147 rrammate
881 2108 1038 2146 Anthol.
1058 2108 1100 2146 L.
1122 2108 1167 2146 II
1190 2123 1226 2158 p.
1250 2111 1351 2149 196.

244 2161 444 2216 Τετράκις
464 2163 685 2232 ἀμφορέως
705 2181 793 2217 περι
811 2164 898 2216 zei.)
904 2179 960 2204 εσι
976 2165 1112 2215 χείλεα
1134 2167 1260 2204 θεῖσα

300 2220 393 2260 Σει)
397 2221 485 2272 γνὶς
511 2219 648 2267 πάσας
672 2220 763 2274 ἔξει]
770 2218 841 2273 ὄρη
851 2236 893 2260 σε
914 2217 988 2273 τρί
982 2235 1078 2273 γας.

78 2277 187 2314 nisi
177 2289 218 2314 in
236 2278 396 2328 vulgato
416 2278 600 2326 quaedam
620 2281 732 2328 grati·
724 2292 745 2314 ι
765 2285 802 2314 et
826 2278 955 2315 Venus
975 2279 1137 2314 inesset.
1167 2290 1255 2314 nam
1276 2277 1376 2326 quod
1397 2276 1522 2314 Obso-

77 2345 195 2381 poeus
223 2329 441 2386 ἀμφορέας
468 2333 627 2371 distichi
655 2337 844 2383 principio
872 2334 1049 2385 refingit,
1085 2333 1124 2371 id
1147 2335 1207 2371 iIli
1229 2340 1351 2371 totum
1375 2334 1523 2372 remitti

80 2389 203 2426 debet.
232 2389 366 2426 XVESS.

193 2446 298 2486 617.
324 2446 394 2485 57·
431 2445 572 2486 Πλείω
591 2448 674 2486 τῶν
698 2443 1013 2499 συναρχόντων]
1044 2444 1158 2486 Novo
1179 2446 1343 2495 quodam
1363 2459 1525 2495 usurpa-

80 2507 162 2537 tum
182 2501 294 2538 modo
312 2501 505 2539 videbitur
524 2516 662 2540 nomen
685 2502 805 2542 πλείω
827 2503 898 2539 hoc
918 2504 1013 2540 Ioco.
1041 2501 1118 2539 Sed
1141 2504 1235 2540 alibi
1256 2505 1395 2551 passim
1418 2505 1525 2540 simi-

80 2558 130 2594 lis
150 2563 208 2593 est
227 2561 308 2594 eius
328 2570 420 2595 usus
439 2559 539 2607 apud
560 2559 660 2596 hunc
681 2562 925 2607 scriptorem,
959 2561 1070 2596 etiam
1092 2565 1273 2609 tanquam
1291 2559 1525 2599 ,adverbiali-

83 2619 143 2649 ter
166 2615 294 2661 positi,
318 2621 362 2651 ut
382 2627 496 2664 supra
516 2618 656 2666 pagina
679 2617 750 2655 58.
777 2614 982 2654 δικαστῶν
1002 2613 1126 2654 πλείω
1148 2618 1231 2655 τῶν
1252 2611 1526 2663 τετταράκον-

83 2683 150 2708 τα.
181 2667 335 2706 STEPH.
363 2668 555 2718 Interpres
579 2671 816 2721 Stephanum
844 2671 1034 2719 deseruit,
1060 2672 1177 2709 verba
1197 2671 1290 2708 haec
1310 2671 1358 2708 ad
1377 2671 1529 2720 Diony-

86 2727 184 2762 sium
213 2726 415 2763 referenda
446 2727 665 2765 arbitratus.
709 2726 806 2765 Mihi
828 2733 1070 2764 conmentum
1096 2727 1198 2765 haud
1218 2730 1353 2776 placet.
1395 2727 1527 2774 Neque

88 2784 192 2818 enim
220 2781 375 2819 videtur
397 2781 610 2833 Dionysius
640 2796 728 2832 prae
759 2797 799 2820 se
828 2785 986 2830 tulisse,
1015 2786 1086 2821 etsi
1105 2797 1197 2822 vera
1219 2797 1280 2820 res
1307 2790 1411 2830 erat,
1445 2785 1529 2833 plus

88 2839 230 2875 ceteris
257 2839 460 2888 praefectis
481 2852 521 2876 se
539 2842 683 2888 valere,
703 2841 862 2890 plusque
881 2842 1121 2879 auctoritatis
1138 2840 1214 2878 sibi
1230 2852 1393 2889 parasse.
1423 2839 1464 2876 Id
1484 2839 1531 2878 ab
