1828 3253
374 169 438 210 IN
469 167 579 210 LIB.
608 166 747 207 XIII.
775 166 903 207 CAP.
932 169 1192 211 97.-100.
1425 175 1517 215 703

193 285 299 326 622.
324 284 398 324 61.
427 278 512 324 Διὰ
532 279 630 328 τοὺς
660 279 906 332 κρατίστους
933 277 1007 321 τὸν
1034 276 1137 336 *ὑπὲρ
1165 284 1249 322 τῶν
1269 291 1342 323 etc.
1355 282 1374 339 J
1420 285 1518 324 For-

83 347 185 378 tasse
207 340 453 378 scribendum
480 335 550 376 du)
580 334 627 377 τό
658 335 757 384 τοὺς
785 335 1031 388 κρατίστους
1058 337 1114 384 εἷς
1147 336 1221 378 τὸν
1252 348 1323 378 etc.
1361 341 1517 382 STEPH.

78 395 166 438 Διά
187 393 284 443 τοὺς
306 394 551 447 κρατίστους
571 393 627 440 εἷς
647 390 720 433 τὸν
739 388 841 445 υπὲρ
860 393 944 445 etc.]
963 393 1051 431 Non
1071 393 1166 432 mihi
1186 397 1338 446 quidem
1358 399 1518 438 dubium

81 460 152 501 est,
182 455 276 502 quin
295 465 410 490 verus
429 451 490 488 hic
510 457 618 488 vates
640 448 857 500 Stephanus
877 451 1005 487 fuerit.
1047 449 1196 488 Favent
1218 456 1458 493 coniecturae
1479 464 1518 494 et

81 511 268 547 sermonis
296 510 434 560 genius
470 513 508 544 et
527 506 695 544 Venetus
716 506 837 554 liber,
869 520 889 543 e
915 518 990 556 quo
1017 510 1340 557 praepositionem
1364 514 1518 552 restitui

80 579 187 603 suam
208 568 249 603 in
267 565 407 603 sedem.
436 563 570 601 IVEss.

195 623 300 662 622.
333 623 406 662 68.
442 617 529 658 Ἐπὶ
558 614 633 670 τὴν
663 611 855 657 Ναυσιόυ
886 619 960 657 τοῦ
989 621 1224 671 στρατηγοῦ
1254 623 1381 669 ναῦν]
1413 622 1518 675 Lego

78 677 248 717 Λυσίου
279 679 352 716 τοῦ
383 676 630 728 στρατηγοῦ
668 673 767 712 Nam
797 673 973 712 Nausias
1002 676 1104 712 inter
1129 677 1218 713 illos
1242 677 1372 716 decem
1401 680 1518 718 duces

80 735 215 771 classis
235 746 306 770 nec
325 746 348 771 a
367 731 629 782 Xenophonte
664 743 737 768 nec
767 743 791 768 a
810 729 1010 768 Diodoro’
999 744 1082 781 ipso
1106 735 1338 774 nominatur.
1383 734 1515 778 Ram

79 789 166 828 Vid.
190 803 304 839 supra
327 802 359 825 c.
384 789 456 829 74.
478 788 622 838 Lysias
641 786 718 834 hic,
754 788 829 824 etsi
848 789 972 834 navis,
994 799 1068 836 qua
1088 787 1311 837 vehebatur,
1332 792 1439 830 rimis
1457 795 1520 831 fa-

79 848 223 883 tiscens
245 845 407 882 fundum
431 851 597 893 peteret,
629 845 762 880 mortis
783 850 861 880 tum
881 843 1032 891 quidem
1052 846 1260 894 periculum
1281 851 1426 896 evasit,
1450 849 1520 887 do-

79 909 189 939 cente
208 914 280 938 nos
298 901 574 952 Euryptolemo
602 901 645 937 in
667 901 838 938 oratione
867 899 967 951 apud
986 899 1237 950 Xenophont.
1259 902 1412 942 Hellen.
1432 904 1460 942 1.
1479 920 1518 957 p.

79 959 187 1000 352.
222 957 360 995 WEss.

195 1017 301 1055 622.
333 1014 406 1055 83.
435 1007 827 1063 Καταπονηθῖῑναι]
866 1010 1006 1049 Melius
1033 1025 1081 1050 ex
1099 1012 1358 1064 Xenophonte
1379 1017 1523 1069 legitur

83 1072 480 1122 καταποντισθῆναι.
501 1069 601 1106 Nam
621 1071 677 1106 sic
698 1068 745 1105 de
767 1066 1011 1106 Callicratida
1028 1072 1105 1116 ait,
1132 1067 1351 1111 ἀποπεσὼν
1369 1072 1425 1120 εἰς
1443 1072 1521 1126 τὴν

82 1123 307 1166 θάλασσαν
325 1123 559 1180 ἠφανίσθη,
591 1125 692 1174 quod
717 1132 774 1162 est
794 1127 945 1174 proprie
963 1129 1360 1178 καταποντισθνναι.
1388 1130 1518 1168 ΡΑΙΜ.

82 1182 201 1221 Haud
223 1186 303 1221 scio
321 1195 373 1220 an
395 1182 604 1220 deserenda
631 1180 723 1218 haec
750 1183 826 1218 viri
849 1181 1064 1220 doctissimi
1087 1185 1140 1219 sit
1160 1186 1394 1225 coniectura.
1429 1187 1522 1226 Κα-

81 1236 356 1279 ταπονεῖσθαι
385 1246 490 1276 certe
520 1237 674 1287 quidem
701 1236 873 1274 Diodoro
904 1238 1258 1286 frequentissimum
1279 1240 1325 1278 de
1348 1243 1427 1280 illis
1447 1250 1522 1291 est,

83 1297 150 1345 qui
178 1297 357 1334 infractis
382 1295 532 1333 viribus
552 1294 807 1331 succumbunt
821 1300 866 1337 ‚et
896 1294 1168 1332 conficiuntur.
1196 1296 1383 1345 Exempla
1407 1300 1524 1338 obvia

82 1359 189 1399 sunt,
217 1359 258 1389 et
275 1353 372 1389 alias
391 1365 414 1388 a
431 1364 490 1388 me
508 1351 711 1389 conducta.
750 1349 868 1387 Mitto
891 1350 1030 1397 dicere,
1052 1356 1435 1405 καταποντισθῆναι
1457 1369 1523 1394 eo·

82 1421 169 1446 rum
188 1421 271 1445 esse
293 1409 556 1457 potissimum,
592 1409 658 1457 qui
678 1409 719 1444 in
736 1419 840 1443 mare
858 1405 1117 1455 deiiciuntur,
1149 1409 1251 1459 quod
1270 1411 1312 1447 in
1338 1409 1523 1450 Callicra-

82 1465 165 1503 tida
182 1478 316 1503 verum
335 1477 414 1501 non
432 1464 521 1501 fuit.
546 1463 687 1500 Wnss.

198 1521 306 1562 623.
339 1522 412 1560 97.
453 1515 691 1566 Διώξαντες
721 1514 784 1572 ἐφ’
813 1515 982 1569 ἱκανὸν]
1025 1517 1094 1557 Sic
1115 1519 1159 1559 L.
1181 1519 1252 1558 XI.
1276 1521 1352 1562 40.
1380 1520 1420 1562 οἱ
1449 1522 1525 1574 μὲν

74 1572 294 1628 Ἀθηναῖοι
316 1573 362 1616 τό
383 1579 515 1626 τεῖχος
542 1573 740 1627 ἔφθασαν
760 1571 821 1622 ἐφ’
853 1571 995 1614 ἱκανὸν
1025 1573 1380 1624 κατεσκευακότες.
1419 1579 1526 1618 Alias

83 1629 146 1686 ἐφ’
172 1629 314 1673 ικανὸν
332 1627 459 1672 τόπον
477 1638 545 1670 aut
565 1628 707 1671 ἱκανὸν
729 1627 936 1681 διάστημα
958 1632 1127 1669 scribere
1148 1634 1269 1681 solet,
1307 1642 1350 1671 ut
1369 1634 1411 1672 L.
1432 1636 1525 1674 XII.

86 1690 160 1729 70.
189 1696 230 1726 et
261 1689 305 1727 L.
330 1688 440 1729 XIV.
476 1688 578 1730 114.
616 1687 725 1725 Adde
755 1686 799 1725 P.
830 1686 1070 1737 Leopardum
1090 1687 1293 1727 Emendat.
1316 1689 1360 1728 L.
1380 1692 1426 1732 V.
1454 1694 1525 1734 13.

78 1744 219 1784 wass.

199 1802 305 1843 623.
327 1803 370 1842 2.
401 1801 611 1847 Χαλεπῶς
641 1797 909 1839 διατίθεσθαι
932 1820 981 1828 -·
1011 1797 1076 1838 ἐπὶ
1105 1804 1192 1847 τοῖς
1219 1796 1408 1855 ἀτάφους
1428 1803 1525 1858 etc.]

86 1858 169 1896 Lex
187 1865 270 1896 erat
291 1857 475 1905 Athenis,
503 1864 572 1904 ut,
600 1858 634 1894 si
656 1858 698 1894 in
719 1868 796 1893 non
816 1857 1006 1906 sepultum
1025 1857 1278 1904 incidissent,
1315 1861 1350 1896 ei
1383 1867 1526 1900 terram

86 1916 320 1962 iniicerent,
352 1914 454 1962 apud
473 1913 622 1951 Aelian.
645 1912 734 1950 Var.
755 1910 859 1951 Hist.
889 1912 933 1949 V.
959 1913 1029 1952 14.
1053 1912 1150 1949 Erat
1174 1920 1213 1950 et
1231 1915 1329 1961 alia,
1365 1927 1460 1964 quae
1483 1919 1523 1954 in

85 1973 232 2022 praelio
262 1973 426 2009 mortuis
453 1968 627 2020 puhlica'e
655 1970 874 2017 sepulturae
904 1967 1088 2006 honorem
1108 1969 1358 2018 decernebat,
1383 1972 1429 2024 de
1451 1986 1525 2023 qua

86 2028 133 2070 L.
147 2026 220 2065 XI.
243 2026 514 2075 33.>Utraque
533 2025 714 2072 faciebat,
744 2032 788 2062 ut
808 2026 887 2062 illis
907 2026 1084 2062 molestia
1106 2033 1315 2073 crearetur,
1338 2030 1404 2076 qui
1425 2029 1524 2066 bello

85 2090 304 2135 pereuntes,
328 2096 376 2120 ne
397 2085 550 2132 sepeliri
571 2087 741 2133 possent,
767 2083 1023 2131 negligerent.
1070 2080 1156 2118 Hoc
1184 2084 1360 2131 amplius,
1385 2097 1433 2122 ex
1456 2098 1525 2122 ne-

85 2142 215 2192 glecta
231 2147 470 2178 mortuorum
486 2152 577 2176 cura
587 2137 860 2187 superstitibus
870 2138 977 2174 nasci
996 2143 1148 2186 poterat
1162 2140 1324 2176 militiae
1344 2141 1524 2189 taedium,

86 2198 239 2243 veritis,
270 2209 318 2233 ne
337 2197 411 2234 sibi
433 2195 660 2233 cadentibus
680 2194 780 2231 idem
800 2195 1063 2244 contingeret3
1107 2194 1208 2242 quod
1238 2195 1372 2233 ducem
1403 2210 1525 2245 suum,

88 2265 138 2290 ne
168 2263 337 2302 unquam
365 2251 616 2303 posthabeat,
657 2251 866 2302 diligenter
893 2250 1074 2287 admonet
1100 2251 1328 2294 Onosander
1348 2252 1522 2306 Strateg.

89 2322 122 2346 c.
144 2309 216 2348 35.
259 2309 360 2353 Quid
379 2316 508 2346 autem
526 2314 637 2358 parta
657 2309 824 2345 victoria
843 2307 976 2343 classis
995 2306 1149 2344 Atticae
1169 2309 1378 2358 praepositi
1400 2312 1527 2348 moliti

89 2367 183 2411 sint,
208 2371 252 2401 ut
270 2366 314 2401 in
333 2377 438 2402 mare
459 2365 600 2402 deiecti
627 2365 713 2401 tolli
732 2363 780 2400 ad
800 2363 1035 2413 sepulturam
1054 2370 1226 2412 possent,
1256 2364 1369 2402 docet
1388 2363 1525 2404 Xeno-

88 2420 192 2472 phon
210 2420 362 2458 Hellen.
380 2420 409 2458 I.
431 2435 468 2471 p.
491 2422 596 2462 348.
628 2420 762 2458 Wnss.

202 2477 308 2518 623.
334 2478 404 2517 17.
430 2476 516 2517 Καὶ
546 2473 784 2528 Φωκαέων]
823 2474 1042 2513 Instauravi
1060 2487 1195 2512 vocem
1215 2488 1264 2512 ex
1284 2473 1442 2528 Reg.1
1465 2480 1525 2515 in-

89 2532 202 2573 dicio.
239 2532 445 2598 Peccatum
463 2535 657 2583 frequen&
694 2531 735 2568 ln
756 2531 927 2568 Aristide
949 2530 1056 2568 Sacr.
1079 2530 1255 2568 Sermou.
1276 2531 1327 2571 11.
1358 2546 1392 2581 p.
1417 2535 1522 2575 516

89 2590 214 2640 leges:
243 2583 298 2635 ὥς
318 2587 360 2627 δ’
393 2585 618 2642 ἐγενόμεθα
640 2587 680 2627 ἓν
701 2585 1006 2637 Κλαζοιιέναις,
1029 2582 1156 2626 ἐδόκει
1173 2590 1324 2639 χρῆναι
1345 2587 1526 2640 περαιώ-

89 2646 251 2690 σασθαι
275 2641 378 2685 εὐθὺ
400 2644 582 2692 Φωκέας.
607 2645 687 2682 Imo
702 2657 794 2682 vero
805 2640 908 2682 εὐθυ
925 2642 1133 2690 Φωκαίας.
1162 2642 1343 2681 Recurrit
1362 2659 1469 2682 error
1488 2660 1523 2695 p.

94 2702 198 2741 519.
211 2698 294 2740 ἔστι
315 2699 360 2740 δὲ
374 2701 527 2754 χωρίον
540 2703 616 2741 Γεν
610 2702 721 2747 ναις,
740 2697 890 2750 ἀπέχον
910 2702 983 2751 τῆς
997 2698 1168 2746 Φωκέας
1188 2697 1237 2739 οὐ
1257 2697 1375 2739 πολύ.
1402 2702 1528 2750 Atque

91 2755 185 2794 haec
209 2757 361 2807 quidem
379 2758 571 2807 expedita.
607 2758 754 2794 Vellem
773 2757 946 2793 succurri
966 2758 1021 2793 ita
1040 2764 1170 2805 posset
1188 2756 1360 2805 Appiano
1383 2756 1472 2807 Syr.
1492 2771 1527 2807 p.

94 2815 197 2854 162
228 2811 269 2860 ἔς
288 2828 331 2853 τε
355 2813 550 2862 Φωκίδα,
574 2808 757 2865 ὗπηκοον
773 2810 849 2864 μὲν
861 2808 1085 2864 Ἀντιόχου,
1111 2807 1191 2852 υπὸ
1226 2810 1269 2851 δ’
1303 2809 1530 2864 ἔκπὶηξεως
