1828 3253
401 204 464 244 IN
497 203 608 243 LIB.
637 203 750 243 Xll.
778 203 908 244 CAP.
939 205 1077 247 116.--
1101 208 1173 248 50.
1442 211 1530 251 601

89 317 191 355 Nam
212 317 374 355 isthmus
395 323 464 364 est,
483 324 594 355 terra
615 319 802 368 utrinque
827 319 867 355 in
890 320 1100 368 angustias
1121 320 1307 367 redacta,
1335 319 1532 374 πορθμὸς

86 387 181 411 vero
191 373 352 420 fretum
372 381 580 423 angustam
602 375 707 410 inter·
728 376 829 411 duas
855 381 1002 421 terras,
1027 376 1144 425 quale
1165 383 1226 413 cst
1244 378 1353 423 illud,
1384 379 1430 416 (le
1455 392 1530 429 quo

87 433 227 479 agitur
256 432 362 467 inter
384 431 458 467 duo
480 431 550 466 illa
571 433 863 480 promontoria.
902 430 1048 481 Itaque
1068 433 1105 467 si
1131 445 1207 469 non
1225 432 1368 471 abusus
1391 441 1451 471 est
1481 448 1529 472 ea

87 499 181 523 voce
200 485 423 532 Diodorus,
453 486 655 523 dicendum
685 493 764 533 est,
794 486 938 524 Rhium
961 487 1179 524 Aetolicum
1205 489 1388 527 habuisse
1409 493 1532 541 quod-

88 544 177 581 ιῖιιιιι
199 544 337 579 collam
363 549 498 578 terrae
518 544 623 578 inter
643 544 768 578 sinum
792 542 1016 580 Crissaeum
1047 550 1089 579 et
1109 557 1220 582 mare
1253 545 1429 592 Ionium,
1460 560 1531 584 ca·-

87 601 211 636 terius
233 604 454 648 (crzgustum,
482 605 695 648 antequam
716 604 932 635 esti-emam
946 603 1216 650 promontorii
1222 602 1348 649 finem
1363 609 1533 653 proten-

87 657 222 693 deret:
249 655 353 705 quod
372 666 446 690 non
477 653 669 692 abhorret
689 667 714 693 α
737 656 976 702 verosimili,
1008 662 1048 692 et
1067 657 1122 693 ibi
1135 656 1273 703 fuisse
1294 660 1336 696 id
1358 658 1535 710 Neptuni

87 711 281 763 templum,
295 717 548 761 prospectum
569 710 716 749 liabens
738 713 776 747 iu
800 713 925 749 sinum
946 718 986 751 et
1004 713 1043 749 in
1064 719 1243 752 eaeterum
1263 727 1386 752 qnare.
1426 715 1531 752 Haec

85 769 172 814 ille3
199 778 358 814 quorum
377 772 567 815 postrema
587 773 629 804 ut
641 767 795 815 probem
809 767 948 805 adduci
967 780 1044 804 non
1064 781 1228 818 possum.
1256 769 1353 807 Nam
1374 768 1532 821 ἴσθμὸν

83 824 169 859 loco
197 823 272 861 τοῦ
305 823 503 874 πορθμοῦ
534 825 708 872 posuisse
735 821 950 861 Diodorum
977 825 1200 873 persuaderi
1229 826 1401 865 nondum
1437 827 1534 865 mihi

86 881 222 928 patior.
252 877 389 914 XVEss.

199 935 303 974 511.
337 934 410 973 54.
444 929 640 982 Πρόκλον
670 931 932 987 Οὐεργίνιον]
964 935 1079 973 Lucii
1098 939 1344 985 praenomine
1365 940 1406 977 in
1429 937 1534 978 Livii

83 988 126 1027 L.
151 989 212 1027 IV.
239 992 313 1030 21.
351 989 510 1028 Eusebii
529 989 719 1027 Chronico
752 998 789 1027 et
820 993 907 1028 aliis
940 993 1108 1043 insignis
1139 1000 1217 1041 est3
1251 995 1350 1043 quod
1370 994 1531 1047 Pighius

81 1052 284 1096 propterea
304 1047 346 1082 in
366 1044 468 1083 Fast.
489 1047 539 1083 ad
572 1059 662 1085 ann.
684 1057 877 1084 cccxvlll.
908 1051 1036 1085 verius
1057 1056 1198 1086 censet.
1227 1050 1361 1088 WEss.

198 1103 303 1142 511.
338 1102 411 1142 57.
446 1098 674 1153 Σύμμαχος
693 1098 932 1155 ΖΠεσσήιίος
956 1101 1036 1143 ἀπὸ
1060 1103 1272 1157 Σικελίας]
1304 1102 1533 1158 Σύμμαχος

83 1159 168 1196 τῶν
199 1156 261 1197 ε’πὶ
288 1159 470 1212 πορθμῷ
503 1158 782 1209 ]ΙῚεσσηνιίον,
809 1160 910 1211 quod
934 1160 1066 1198 eodem
1093 1161 1217 1209 redit,
1244 1163 1343 1212 apud
1366 1162 1531 1200 Pausan.

82 1213 148 1250 Vl.
171 1216 213 1253 2.
253 1216 500 1262 Quanquam,
528 1221 570 1251 ut
602 1214 744 1251 ibidem
772 1215 947 1261 additur,
979 1215 1103 1254 Siculi
1123 1216 1394 1267 Symmachum
1416 1222 1534 1257 istum

85 1272 235 1321 origine
255 1269 486 1306 Messenium
508 1271 721 1320 negabant,
747 1271 983 1309 Zanclacum
1002 1272 1257 1321 perhibentes.
1287 1275 1421 1314 WVESS.

201 1327 304 1366 511.
337 1327 410 1366 58.
446 1323 545 1364 Ἐπὶ
576 1325 620 1364 δὲ
648 1323 807 1365 τούτων
836 1328 1009 1378 Κνῆμος
1031 1327 1134 1381 etc.]
1173 1330 1352 1368 Nondum
1381 1331 1534 1368 exierat

84 1384 292 1431 superioris
315 1380 522 1418 Archontis
544 1395 680 1428 annus,
708 1394 824 1432 quum
845 1382 1010 1420 Cnemus
1031 1397 1074 1420 ea
1094 1387 1317 1435 moliretur,
1353 1387 1535 1438 quemad-

82 1438 237 1476 modum
257 1450 306 1474 ex
325 1437 553 1488 Thucydide
576 1437 625 1477 ll.
652 1439 726 1478 93.
761 1442 1016 1490 cognoscitur.
1046 1439 1181 1479 WESS.

201 1496 303 1535 512.
328 1496 401 1535 68.
436 1492 495 1533 Τὸ
516 1490 771 1545 καλούμενον
785 1491 1042 1546 Βουδόριον]
1076 1497 1121 1534 ln
1143 1497 1372 1549 Thucydide
1396 1494 1535 1552 (1)ροῦ-

85 1564 173 1603 (nov
194 1546 410 1601 Βούὸορον
432 1549 479 1586 ll.
502 1551 576 1589 94.
613 1564 700 1587 cum
720 1557 814 1588 nota
833 1552 1123 1603 diligentissimi
1141 1554 1290 1591 VVasse.
1317 1555 1452 1593 NVESS.

200 1607 302 1645 512.
329 1608 400 1648 72.
442 1604 612 1656 Ταχέως
631 1603 913 1661 ἐξεβοήθουν]
954 1608 1154 1659 Obsequor
1173 1613 1324 1660 seriptis
1343 1610 1461 1649 Codd.
1494 1618 1533 1650 et

84 1660 248 1699 Diodori
278 1662 572 1707 consuetudini,
603 1673 676 1710 qua
698 1661 740 1700 L.
759 1662 867 1700 Xlll.
900 1666 974 1704 67.
1003 1662 1042 1703 οἳ
1068 1664 1145 1718 μὲν
1175 1664 1281 1706 κατὰ
1310 1664 1385 1719 τὴν
1415 1664 1536 1708 πόλιν

85 1714 200 1764 ὄντες
225 1739 272 1746 --
295 1714 547 1769 ἐξεβοήθουν
568 1717 631 1756 ἐπὶ
652 1715 749 1764 τοὺς
777 1717 955 1769 λιμένας.
1000 1719 1052 1756 Et
1070 1727 1151 1759 tum
1173 1736 1204 1759 c.
1228 1724 1301 1762 93.
1333 1721 1460 1769 εὐθὺς
1489 1722 1533 1763 δ’

85 1770 338 1825 ἐξεβοήθουν
361 1771 476 1820 ὄντες
498 1771 624 1826 ὀλίγοι
648 1775 872 1820 παντελῶς.
916 1775 1005 1812 Non
1027 1777 1148 1827 addo,
1176 1780 1341 1828 simplici
1360 1780 1477 1818 verbo
1499 1787 1538 1818 et

83 1831 269 1881 grandius
289 1836 327 1867 et
346 1832 464 1868 multo
487 1830 524 1866 id
554 1833 805 1879 opportunius
838 1844 932 1868 esse.
969 1832 1053 1869 Vid.
1079 1832 1120 1870 L.
1142 1834 1186 1871 V.
1215 1837 1286 1874 59.
1314 1835 1448 1873 WEss.

201 1887 303 1925 512.
327 1887 400 1926 75.
427 1883 674 1938 Ἐπιβολῆς]
706 1883 958 1939 Ἐπιβουλῆς
982 1886 1028 1927 R.
1048 1891 1090 1929 2.
1111 1890 1422 1940 frequentissima
1443 1905 1537 1930 con-

84 1942 248 1980 fusione.
279 1942 364 1980 Vid.
385 1941 426 1979 L.
450 1941 478 1979 I.
501 1943 543 1981 4.
569 1943 696 1990 ibique
717 1943 920 1992 adscripta.
949 1943 1088 1983 YVESS.

201 2000 305 2038 512.
336 2000 408 2038 79.
442 1998 666 2051 Κλεζθροις
688 1998 755 2036 καὶ
785 2001 990 2051 φυλακαῖς
1011 1997 1306 2053 διαλαβόντες]
1342 2002 1443 2041 Tum
1464 2004 1536 2041 de·-

83 2066 189 2091 mum
212 2056 363 2092 Piraeei
383 2061 513 2104 portus
535 2051 745 2100 κλειστοῦς
764 2055 961 2102 fecerunt,
996 2060 1061 2104 qui
1080 2055 1168 2095 ante
1188 2060 1391 2108 patebant,
1417 2063 1536 2098 nullis

82 2113 223 2148 muniti
251 2112 440 2148 claustris.
481 2109 583 2146 Bene
612 2109 830 2160 Hesychius
859 2115 899 2147 in
933 2111 1033 2151 Ze'a·
1076 2111 1153 2164 ἔχει
1187 2114 1231 2154 δὲ
1264 2110 1284 2155 ὃ
1315 2114 1536 2168 Πειραιεὺς

83 2164 251 2217 λιμένας
270 2171 377 2220 τρεῖς
396 2161 616 2212 κλειστοὺς.
646 2166 780 2215 Neque
801 2167 854 2206 lo.
877 2167 1067 2206 Meursius
1078 2168 1228 2208 Piraeei
1247 2184 1277 2208 (·.
1290 2172 1330 2211 3.
1350 2174 1535 2223 neglexit.

84 2221 171 2258 Hoc
191 2224 351 2272 amplius
372 2224 595 2272 opportunis
618 2223 713 2259 locis
733 2224 926 2260 custodias
945 2227 1204 2264 collocarunt:
1224 2228 1262 2264 id
1282 2230 1384 2265 enim
1401 2231 1535 2281 φυλα-

86 2282 179 2323 καῖς
197 2275 504 2329 διαλαμβάνειν.
535 2277 593 2315 De
606 2277 789 2316 Cicerone
801 2279 997 2328 Appianus
1016 2281 1058 2317 L.
1075 2282 1122 2319 ll.
1142 2282 1222 2320 Bel.
1252 2282 1365 2321 Civil.
1383 2298 1416 2334 p.
1430 2288 1481 2325 71
1498 2287 1535 2326 1.

85 2328 162 2384 τήν
188 2348 231 2372 τε
264 2330 382 2373 πόλιν
412 2334 454 2373 ἐκ
487 2331 780 2385 διαστημάτων
806 2342 1009 2389 φρουραῖς
1039 2334 1321 2390 διελάμβανεν.
1361 2340 1537 2378 Herodes

87 2385 383 2440 διαλαμβάνων
398 2391 601 2443 φυλακαῖς
621 2388 667 2431 τὸ
691 2394 773 2430 πᾶν
795 2388 918 2438 ἔθνος
939 2399 997 2429 est
1016 2395 1115 2442 apud
1136 2395 1283 2446 Ioseph.
1301 2395 1430 2446 Antiq.
1451 2397 1534 2437 lud.

88 2444 176 2482 XV.
192 2448 230 2485 8.
248 2446 300 2493 5.,
323 2448 388 2495 qui
411 2458 559 2496 quoquc
580 2443 898 2498 τῆνἸὸουμαίαν
919 2448 1128 2499 δισχιλίοις
1149 2451 1282 2501 πεζοῖς
1304 2452 1371 2492 καὶ
1392 2468 1538 2506 τετρα-

88 2499 242 2546 κοσίοις
265 2498 426 2540 ἱππεῦσι
456 2498 701 2552 ὸίελ(ἱ,ιιβιινε
732 2503 773 2540 L.
800 2503 829 2543 l.
848 2503 928 2541 Bel.
956 2505 1039 2545 lud.
1066 2509 1135 2547 16.
1160 2510 1197 2548 1.
1241 2508 1319 2546 Sed
1344 2510 1434 2548 vide
1454 2517 1534 2548 not.

89 2559 132 2598 in
153 2556 287 2593 Nostri
317 2556 360 2594 L.
384 2557 411 2596 l.
439 2559 512 2597 33.
542 2558 676 2596 ἨἘεΞ.

205 2613 309 2652 512.
342 2615 414 2653 81,
458 2613 564 2665 Περὶ
587 2613 629 2653 δὲ
660 2612 757 2660 τοὺς
789 2611 939 2662 αὐτοὺς
956 2612 1136 2667 χρόνους
1163 2615 1395 2673 Σιτάλκης]
1450 2620 1536 2660 Ηοο

88 2681 183 2707 vero
205 2675 320 2706 recte.
362 2667 580 2719 Superioris
610 2671 711 2708 enim
731 2674 824 2708 anni
847 2674 954 2709 exitu
983 2672 1148 2712 Sitalces
1169 2679 1211 2713 in
1240 2677 1281 2715 id
1303 2678 1443 2716 bellum
1466 2677 1538 2714 dc-

91 2724 251 2765 scendit.
294 2722 436 2761 Confer
459 2724 675 2775 Thucydid.
694 2726 742 2763 ll.
764 2728 837 2766 95.
866 2728 1003 2768 Wsss.

205 2782 308 2823 512.
339 2781 413 2820 96.
451 2780 591 2823 Πλείω
612 2782 753 2832 χιλίων
776 2778 1018 2836 ταλάντων]
1050 2785 1196 2839 Attigit
1218 2788 1342 2826 obiter
1359 2788 1461 2826 hunc
1479 2791 1540 2826 lo«

91 2848 178 2873 cum
208 2836 452 2874 doctissimus
473 2836 608 2873 lVasse
638 2838 686 2874 ad
708 2837 883 2889 Thucyd.
915 2839 962 2878 11.
988 2842 1062 2882 97.
1096 2845 1440 2895 corrigendumque
1460 2859 1544 2885 mo-
