1828 3253
555 218 614 259 ΙΝ
644 218 754 258 LlB.
781 218 863 258 Xl.
891 217 1018 258 CAP.
1041 222 1115 261 26.
1469 226 1558 266 509

113 330 219 379 dem,
248 329 409 382 Delphis
427 331 598 382 Apollini
619 337 884 370 consecratum
910 344 933 369 a
958 331 1129 380 Gelam,
1166 334 1232 384 qui
1252 335 1437 375 talentum
1458 336 1556 375 duu-

113 394 222 425 taxat
240 398 314 426 xvi
334 389 430 435 fuit,
456 401 542 425 cum
559 389 624 425 ille
647 388 796 437 pondus
819 390 1056 437 talentorum..
1070 391 1351 442 quinquaginta
1369 400 1408 429 et
1426 395 1555 442 paullo

111 445 198 493 plus
223 443 419 491 habuerit,
448 445 526 487 nisi
547 445 580 480 si
605 445 648 497 in
666 454 740 481 xvl
764 443 823 482 his
845 446 1006 486 talentis.
1028 446 1168 483 vitium
1188 450 1416 495 suspiceris,
1430 451 1553 493 *cuius

113 513 185 553 ego
209 507 334 537 tamen
355 501 494 551 iustam
512 513 684 543 (nussam
700 513 782 538 ,ιιοιι
805 500 938 538 video:
982 512 1105 550 neque
1128 503 1228 538 enim
1249 511 1420 551 constat,
1436 519 1553 554 reum,

113 556 159 592 de
184 568 258 605 quo
280 555 520 602 Simonides,
557 556 754 606 tripodem
764 556 935 604 Apollini
956 555 1159 610 Delplnco.
1165 558 1291 595 fuisse
1319 559 1547 600 dedicatum.

113 611 224 655 Quod
256 623 369 660 porro
388 615 435 650 in
451 611 734 663 Epigrammate
765 619 823 649 est
849 607 1057 663 Λαρετιόυ
1077 617 1243 665 χρυσοῦ
1272 622 1310 652 et
1337 617 1437 666 apud
1458 618 1550 657 Sui-

111 667 198 707 dam
228 681 265 705 v.
291 665 651 720 Aa9511s0v‚.iur,e
669 670 804 708 merito
825 669 926 707 vitii.
932 669 1176 706 manifestum
1192 671 1403 711 arbitratus
1425 681 1481 710 est
1501 673 1548 710 R.

108 722 319 772 Bentleius,
343 722 612 775 Δαμαρετιόυ
625 726 787 776 χρυσοῦ
805 725 1032 771 rescribens,
1055 725 1238 771 utj'aeon
1256 728 1382 766 locum
1392 727 1549 778 Dactyli

110 786 290 827 occupet,
316 781 574 829 innuaturque
602 793 772 827 aurum,
793 781 894 830 quod
915 793 936 817 a
954 776 1197 835 Damarete,
1221 781 1381 821 Gelonis
1411 797 1547 832 uxore,

107 847 249 873 nomen
261 835 439 877 abstulit:
465 839 538 879 cui
547 838 620 877 etsi
638 837 795 902 obloqui
817 835 1073 882 vehementer
1081 838 1216 902 nolim,
1243 851 1322 876 uon
1336 841 1467 879 celabo
1487 849 1547 878 ta-

104 903 207 938 men,
228 905 253 928 v
255 893 356 929 erius
368 891 468 930 mihi
478 904 626 941 semper
641 895 766 930 visum
780 899 818 931 et
835 895 955 932 multo
968 895 1129 939 minoris
1139 896 1347 932 moliminis
1360 896 1544 947 Δαρείου

101 949 272 997 χρυσοῦ.
301 947 335 984 Α
354 946 474 985 Dario
494 951 618 995 enim,
647 948 851 986 Persarum
869 962 981 1000 rege,
1009 963 1156 990 aurum
1156 955 1547 1002 perpurgatissimum

102 1002 286 1054 Δαρείου
305 1016 446 1042 nomen
464 1005 648 1057 adeptum
664 1012 734 1051 est,
763 1005 869 1043 unde
882 1008 977 1057 ψῆγ,
976 1021 1033 1044 ua
1051 1006 1234 1055 Δαρείου
1248 1007 1424 1059 χρυσίου,
1445 1009 1555 1058 apud-

103 1058 308 1097 Auctorem
329 1059 374 1096 de
397 1054 662 1108 fluminibus,
687 1074 798 1110 quem
821 1060 1064 1107 Plutarchum
1084 1064 1201 1128 vulgo
1223 1070 1394 1110 censent,
1414 1064 1459 1101 de
1481 1078 1545 1103 ra·-

102 1117 243 1152 mentis
265 1118 348 1153 auri
371 1118 519 1166 optimi.
553 1117 630 1155 Sed
652 1116 724 1154 hoc
747 1118 882 1155 obiter.
913 1116 1074 1161 Redeo
1064 1132 1105 1154 ιιι
1129 1122 1243 1156 viam.
1268 1119 1318 1156 u
1322 1130 1402 1157 Ess.

213 1172 320 1212 425
349 1174 424 1212 27.
450 1169 626 1225 Ἐννηως
649 1172 693 1212 ὸὲ
714 1170 867 1225 οἰσης]
903 1172 976 1210 Hic
998 1175 1138 1225 legiae
1160 1176 1274 1224 verti,
1309 1174 1351 1214 ἐν
1379 1177 1464 1230 νηῶ
1495 1173 1540 1215 δ’

102 1222 242 1278 ου’σης,
265 1240 352 1266 cum
370 1228 473 1266 aliud
496 1241 574 1268 non
595 1236 812 1267 occurreret
843 1231 980 1270 melius
1001 1237 1040 1266 et
1060 1244 1144 1268 cum
1161 1232 1276 1268 litera
1295 1234 1419 1282 magis
1449 1246 1543 1270 con-

101 1286 283 1321 sentiens.
311 1282 446 1320 Rnoo.
475 1282 595 1325 Νεών
616 1281 856 1337 Δήιιητρος.
885 1283 1038 1337 ἐιιιηώς
1057 1285 1102 1325 de*
1124 1283 1279 1338 οὔσης]
1322 1287 1408 1325 Iure
1430 1296 1544 1327 nota-

101 1344 164 1374 tur
182 1341 335 1388 punctis
354 1339 416 1377 hic
436 1341 573 1378 locus
561 1355 603 1378 ιιι
623 1354 719 1377 voce
739 1338 892 1392 ἐγνηιὺς
912 1340 957 1380 δὲ
979 1338 1116 1394 ου’σης.
1148 1341 1221 1380 Est
1242 1345 1343 1380 enim
1363 1345 1541 1384 mendum

99 1401 232 1442 putum
254 1408 403 1444 purum,
427 1402 467 1433 et
488 1397 613 1435 cuivis
634 1397 747 1434 facile
765 1405 823 1434 est
844 1397 883 1433 id
905 1397 1134 1435 decernere:
1163 1405 1202 1435 at
1221 1401 1409 1448 quomodo
1428 1414 1542 1449 repo-

97 1450 266 1488 nendum
285 1453 362 1499 sit,
389 1451 461 1490 hoc
479 1465 596 1502 opus,
633 1452 696 1490 hic
715 1454 824 1490 labor
844 1459 927 1500 est3
966 1461 1025 1491 est
1043 1457 1144 1491 enim
1165 1455 1288 1492 nodus
1308 1457 1462 1494 uindice
1481 1457 1542 1498 di-

95 1519 209 1556 gnus.
250 1507 296 1544 In
329 1509 378 1545 iis
407 1510 567 1546 vocibus
597 1509 752 1547 videtur
777 1511 898 1547 latere
925 1510 1114 1558 quoddam
1133 1509 1284 1548 Cereris
1305 1526 1539 1563 cognomen:

96 1563 290 1600 tentabam
310 1559 540 1616 Δήμητρος
558 1563 825 1616 Ἑννησιαιάς.
846 1565 974 1603 Nam
963 1579 1044 1614 lpse
1066 1566 1259 1605 Diodorus
1280 1569 1382 1606 infra
1403 1569 1446 1608 Ι.
1466 1568 1539 1606 ΧΙ.

100 1620 172 1658 76
193 1619 242 1656 ad
263 1633 407 1658 annum
426 1622 457 1660 4
478 1620 717 1671 Olympiadis
737 1632 883 1669 Lxxlx,
911 1623 978 1659 ubi
999 1623 1044 1659 de
1066 1624 1179 1670 bello,
1198 1624 1298 1672 quod
1318 1633 1452 1662 eontra
1467 1624 1540 1662 Ca-

96 1680 277 1712 tanenses
305 1683 508 1727 gesserunt
539 1676 796 1727 Syracusani,
839 1681 894 1716 sic
924 1681 980 1715 ait
1011 1679 1057 1716 de
1081 1678 1383 1718 Catanensibus:
1425 1673 1540 1721 οἶτοι

94 1729 171 1781 μὲν
191 1729 380 1778 ἐξέπεσον
398 1731 441 1770 ἐκ
438 1735 535 1800 τῆς
554 1729 774 1785 Κατάνης,
810 1749 878 1772 και
899 1731 974 1786 τὴν
993 1737 1066 1773 νῦν
1088 1750 1218 1774 ουσαν
1236 1734 1399 1788 Αἴτιην
1419 1733 1539 1789 ἕκτη·-

96 1800 247 1834 σαντο,
275 1785 354 1840 πρὸ
376 1783 525 1828 τούτου
548 1787 803 1841 καλουμείην
819 1787 1044 1841 Έιν-’.ησιαν
1073 1790 1134 1829 Hi
1152 1805 1172 1828 e
1197 1792 1353 1829 Catuna
1367 1795 1481 1844 pulsi
1500 1800 1544 1831 et

93 1843 277 1890 Aetnam,
309 1857 411 1894 quae
430 1858 534 1882 nunc
553 1852 625 1892 est,
645 1847 837 1897 possedet-
840 1853 922 1893 unt,
949 1854 1071 1884 antea
1091 1855 1275 1885 vocatam
1297 1848 1538 1887 Ennesiam:

93 1899 196 1936 unde
222 1900 322 1936 forte
345 1899 465 1948 Gelo,
504 1902 569 1950 qui
600 1903 780 1950 templum
803 1902 952 1940 Cereris
974 1905 1016 1940 in
1046 1917 1090 1940 ea
1121 1905 1214 1941 urbe
1244 1912 1465 1942 construere
1493 1908 1537 1944 in

92 1957 222 1992 animo
250 1954 435 2004 habebat,
473 1970 612 1995 vocare
634 1959 788 1996 volebat
813 1959 909 1996 illud
933 1961 1115 2008 templum
1138 1956 1368 2011 Δήιιητρος
1392 1959 1534 2013 Ἔννη-

94 2010 230 2063 σιαιίῑς
252 2013 316 2049 vel
340 2009 615 2065 Ἔννησιάνης.
654 2013 791 2064 Cogita
813 2027 925 2065 super
945 2029 1010 2062 eo,
1041 2017 1161 2052 lector
1182 2016 1358 2063 erudite,
1379 2023 1417 2053 et
1434 1988 1534 2054 forlte

89 2068 247 2105 meliora
265 2066 694 2109 dabis.PA1.M.Nea)v
712 2067 952 2123 Δήμητρος·
973 2070 1014 2109 ἐι
1020 2087 1039 2110 ι
1043 2086 1126 2122 ηως
1146 2070 1193 2111 δὲ
1215 2069 1363 2124 οὔσης]
1393 2072 1535 2110 Pecca-

90 2130 172 2161 tum
191 2125 233 2161 in
253 2122 313 2161 his
333 2127 460 2162 inesse
479 2139 591 2163 nemo
609 2127 788 2177 ambiget.
819 2126 880 2163 Ex
903 2127 1104 2174 remediis,
1132 2140 1227 2176 quae
1246 2130 1322 2166 viri
1343 2129 1447 2166 docti
1466 2130 1534 2166 ad-

89 2178 310 2227 hibuerunt,
335 2179 719 2219 Rhodomannianum
739 2182 913 2220 firmatur
935 2184 1086 2232 quidem
1106 2197 1128 2221 a
1148 2183 1312 2223 Claram.
1335 2183 1420 2236 Ego
1440 2199 1533 2223 vero

90 2237 190 2272 scire
210 2237 340 2284 velim,
369 2250 438 2274 cur
456 2236 629 2275 Ionum‘
611 2253 653 2276 εν
673 2254 759 2293 νηῳ
780 2237 842 2276 hic
864 2239 1015 2277 admitti
1035 2240 1182 2287 debeat,
1210 2246 1249 2277 et
1267 2248 1394 2279 utrum
1416 2244 1534 2278 moris

88 2291 228 2337 fuerit,
256 2293 416 2330 nec-dum
434 2295 608 2332 absoluta
627 2294 743 2342 aede,
779 2293 949 2333 Deorum
971 2294 1189 2334 Dearumve
1210 2303 1356 2334 statuas
1378 2298 1532 2335 dedica-

88 2344 156 2383 re?
184 2347 466 2388 Palmerianum
482 2347 547 2389 Ἐι
540 2350 737 2402 νησιαιάς
757 2354 911 2402 egregie
932 2365 1014 2388 sese
1035 2353 1320 2400 conmendaret,
1350 2355 1426 2391 nisi
1443 2365 1532 2402 pra-

88 2414 180 2439 vum
199 2399 289 2441 Ἔνι
282 2403 412 2455 ησιάς
430 2413 530 2443 esset
540 2419 679 2444 nomen
693 2420 742 2443 ex
751 2404 937 2458 ’Ίνησσα,
950 2415 992 2445 ut
1006 2411 1277 2458 opportuniore
1295 2411 1381 2446 loco
1401 2418 1532 2448 osten-

89 2457 222 2504 detur,
254 2466 395 2498 natum.
444 2461 514 2499 Vel
535 2463 591 2499 sic
619 2470 744 2500 tamen
765 2476 788 2500 a
814 2477 907 2500 vero
928 2463 1027 2500 haud
1051 2467 1212 2502 multum
1230 2465 1400 2512 abludit,
1428 2466 1531 2514 quod

88 2520 155 2550 aut
173 2511 237 2551 'En
230 2514 370 2562 '‘vacag,
396 2525 462 2555 aut
476 2515 709 2569 ’Βησσαίας
727 2520 846 2556 fuisse
866 2521 1044 2557 arbitror.
1083 2520 1195 2558 Prius
1215 2520 1382 2559 Eunaea
1404 2521 1531 2568 Ceres,

86 2582 154 2619 per
185 2568 360 2609 Siciliam
386 2575 658 2621 celeberrima,
695 2576 866 2612 stabilire
889 2584 977 2624 apta
999 2584 1077 2623 est,
1117 2583 1155 2613 et
1184 2585 1294 2614 vetus
1327 2579 1530 2627 interpres,

89 2627 197 2662 cuius
219 2638 322 2663 nova
341 2628 436 2666 luna
458 2633 508 2683 τῇ
519 2627 618 2683 Ἔνῃ
641 2637 678 2667 et
698 2629 768 2669 νέα
788 2632 1301 2681 originenuideturdebere
1330 2633 1529 2670 Posterius

87 2681 178 2718 urbs
191 2680 342 2729 Inesse,
371 2695 467 2732 quae
485 2689 526 2723 in
547 2686 630 2735 ipso
641 2686 766 2723 Aetna
785 2694 927 2733 monte,
953 2695 1064 2736 atque
1085 2689 1241 2726 Aetnae
1264 2691 1379 2726 etiam
1399 2690 1528 2726 uomi-

87 2750 134 2773 ne
155 2739 321 2788 insignis
342 2740 440 2788 fuit,
478 2754 554 2778 non
582 2743 693 2790 plane
723 2756 791 2791 pro
814 2745 973 2780 reiiculo
998 2743 1214 2783 habendum
1235 2745 1379 2782 suadet.
1425 2744 1527 2789 Quid

87 2795 188 2830 enim
217 2795 387 2842 vetabit,
427 2797 459 2833 si
479 2797 664 2835 Gelonem
688 2798 842 2837 {nessae
863 2797 994 2837 Cereri
1024 2803 1228 2849 templum,
1271 2801 1331 2837 cui
1363 2801 1408 2837 ab
1435 2801 1526 2837 urbe

86 2849 220 2887 titulus
250 2851 370 2899 foret,
403 2854 592 2891 excitasse
620 2853 795 2892 dixeris?
839 2854 976 2893 Pulcre
996 2858 1154 2895 memini
1174 2858 1440 2907 quaestionum
1457 2855 1526 2894 Ph.
