1828 3253
425 181 490 220 IN
525 179 635 219 LIB.
666 178 794 218 XIV.
827 177 953 218 CAP.
984 180 1057 221 77.
1079 199 1126 208 —-
1150 179 1224 221 79.
1458 182 1550 222 777

112 295 242 334 PALM.
278 293 406 332 Habet
433 300 568 331 auctor
594 295 698 330 inter
727 292 879 330 Siculos
901 292 943 331 L.
963 291 1070 331 XVI.
1092 292 1135 332 9.
1163 289 1453 339 Μαδιναιόυς,
1486 295 1553 341 qui

110 355 230 402 recipi
250 351 311 389 hic
333 358 512 399 possent,
535 351 613 386 nisi
638 356 676 386 et
697 350 754 386 illi
773 350 860 386 vitii
878 349 1006 387 forent
1027 351 1204 398 suspecti.
1232 348 1394 396 Propius
1414 350 1554 386 absunt

113 422 162 446 ex
182 408 291 444 ltalia
303 407 488 453 Medmae,
518 407 600 442 sive
620 405 830 451 Medamae,
850 411 894 442 ut
914 405 1012 453 apud
1034 403 1216 441 Strabon.
1236 403 1277 442 L.
1301 404 1365 441 vl.
1384 418 1418 454 p.
1433 406 1553 451 394,

114 466 232 502 cives.
263 462 338 500 Dat
361 465 461 499 enim
478 460 649 512 ΖΙῙὲὸμη,
677 460 874 510 Stephano
893 469 1060 507 auctore,
1091 460 1362 510 ΖΙΊεὸίιαιόνς,
1389 463 1454 508 qui
1481 461 1554 497 Lo-

113 521 324 566 crensibus,
352 519 452 556 unde
474 519 663 567 originem
682 524 919 566 acceperant,
943 519 1156 567 iunguntur
1173 519 1380 567 aptissime.
1410 516 1555 555 Dubito

115 583 241 613 tamen
267 575 373 611 dclv
399 575 566 612 millium
588 587 767 619 numero,
797 576 926 622 utique
947 574 1089 609 maiore
1119 586 1188 622 pro
1208 573 1302 610 urbe
1325 585 1404 610 non
1422 573 1555 610 admo-

115 632 206 669 dum
237 632 378 679 ampla:
418 643 488 666 nec
518 637 623 666 muto
651 637 866 677 propterea.
910 628 1030 665 Secus
1062 635 1119 664 est
1143 631 1184 666 in
1203 628 1426 679 ,ΠΙιλῃσίων
1443 642 1554 676 voce,

114 700 227 737 quam
245 689 317 724 etsi
339 685 457 725 Codd.
479 693 623 731 vetent,
654 686 845 735 corrigere
870 686 1046 721 sustinui.
1076 682 1147 721 Cui
1171 688 1273 722 enim
1298 686 1397 722 bono
1417 687 1556 722 vitium

112 744 361 781 manifestum
404 748 443 778 et
479 743 752 791 praestantium
794 743 964 778 virorum
1004 741 1089 777 telis
1127 741 1318 778 confixum
1352 742 1556 791 propagari

113 797 288 849 paterer?
325 797 413 834 vid.
433 809 546 845 supra
566 811 598 834 c.
620 798 692 836 34.
729 795 787 832 De
810 795 1019 835 Medmaeis
1039 809 1186 834 mecum
1206 798 1303 834 facit
1322 797 1392 834 Ph.
1413 796 1555 835 Cluve-

111 857 193 892 rius
218 854 296 892 Sic.
319 854 364 891 A.
387 852 430 890 L.
450 853 496 890 11.
524 867 559 902 p.
583 854 687 893 338.
719 853 853 890 Wess.

227 912 334 951 702.
367 910 442 949 43.
491 908 741 960 ΖΠιλησίων]
768 908 1008 958 Ineptissime
1029 922 1098 959 pro
1125 907 1393 961 Βῖεσσηνίων.
1417 907 1556 947 RHOD.

225 968 329 1007 702.
357 966 432 1006 48.
490 966 577 1015 Τῆς
602 963 849 1015 Ἀβακηνῆς
873 961 1016 1015 χώρας
1057 963 1302 1016 ἀπετέμετο]
1339 964 1557 1013 Scripserat

110 1019 413 1072 Ἀβακαινίνης
435 1016 600 1073 χώρας,
626 1021 696 1057 Ph.
728 1019 909 1058 Cluverio
939 1020 979 1058 S.
1007 1021 1053 1058 A.
1071 1020 1113 1058 L.
1135 1021 1182 1058 11.
1215 1034 1251 1070 p.
1274 1022 1378 1061 386.
1412 1022 1554 1061 indice.

111 1077 215 1116 Urbs
239 1079 399 1116 Siciliae
417 1075 678 1127 ’Ap'azafvov
699 1084 794 1123 erat,
825 1076 916 1113 hinc
936 1074 1241 1126 Ἀβακαινῖνοι,
1269 1078 1369 1127 apud
1392 1076 1557 1126 Stepha-

111 1147 216 1172 num.
254 1134 333 1172 Sed
364 1133 456 1183 quid
483 1146 555 1184 ego
588 1132 825 1182 Stephanum
850 1132 1028 1182 adpelle?
1065 1132 1210 1170 Auctor
1230 1136 1389 1182 ipsemet
1415 1131 1558 1183 ’Ap'a-

112 1197 255 1230 καῒνον
291 1204 322 1227 c.
345 1191 418 1230 90.
452 1197 489 1226 et
516 1188 842 1239 Ἀβακαινίνους
874 1189 916 1225 L.
933 1188 1048 1225 XIX.
1077 1191 1179 1230 110.
1203 1197 1239 1226 et
1269 1189 1402 1240 Eclog.
1418 1199 1489 1226 xv,
1510 1189 1554 1226 L.

111 1246 247 1284 XXn.
268 1246 386 1286 dabit.
420 1245 557 1282 Visum
576 1253 769 1294 praeterea
791 1247 1043 1293 opportunius
1065 1241 1334 1296 προσώρισεν,
1357 1248 1494 1294 quippe
1514 1247 1557 1283 in

112 1303 248 1340 finium
277 1301 537 1352 regundorum
563 1301 706 1338 iudicio
730 1301 941 1350 probatum.
983 1299 1042 1338 De
1065 1300 1289 1352 Tyndaride
1320 1301 1408 1339 ltin.
1430 1303 1558 1339 Anto-

114 1361 223 1406 nini,
246 1358 347 1408 quod
367 1364 522 1403 vocant,
545 1370 579 1406 p.
601 1358 675 1396 90.
704 1357 840 1396 W'zss.

227 1416 333 1454 702.
368 1414 439 1453 52.
476 1410 668 1463 Mettio}
687 1415 820 1452 ταῦτα
841 1410 896 1458 εἷς
914 1408 989 1464 τὴν
1007 1414 1090 1453 τῶν
1110 1412 1289 1452 Σικελῶν
1304 1407 1447 1465 χώραν
1467 1416 1556 1460 etc.]

111 1469 158 1508 In
169 1471 228 1508 his
239 1473 335 1507 citra
353 1482 464 1506 omne
475 1469 630 1506 dubium
648 1470 838 1505 conmissa
853 1475 942 1505 sunt
960 1470 1079 1518 plura.
1104 1469 1248 1518 Ecquis
1272 1472 1374 1506 enim
1387 1470 1559 1506 credide-

110 1530 177 1574 rit,
198 1526 487 1576 Tyndaritanos
509 1538 597 1562 mox
617 1526 662 1562 ab
684 1525 822 1575 oppido
842 1525 998 1561 condito
1020 1532 1146 1562 tantas
1171 1527 1244 1563 sibi
1266 1528 1369 1564 vires
1391 1538 1559 1574 parasse,

113 1590 156 1620 ut
178 1582 354 1620 Siciliam
371 1583 486 1632 longe
507 1583 658 1629 lateque
678 1594 914 1630 percurrere,
935 1581 1048 1618 urbes
1068 1595 1268 1631 occupare,
1295 1589 1560 1632 tyrannosque

116 1640 190 1676 sibi
219 1638 373 1676 foedere
404 1638 613 1688 adiungere
635 1635 854 1687 potuerint?
884 1640 1110 1686 praesertim
1130 1640 1334 1687 superstite
1355 1636 1560 1687 Dionysio,

115 1698 181 1744 qui
201 1696 305 1732 selus
331 1694 488 1731 Siciliae
510 1702 548 1730 et
573 1707 702 1730 earum
732 1693 884 1730 urbium
912 1695 1071 1742 imperio
1102 1693 1286 1731 inhiabat.
1327 1693 1450 1732 Nemo
1471 1707 1561 1743 pro-.

113 1752 233 1797 fecto,
270 1753 347 1787 nisi
382 1749 516 1786 horum
545 1757 757 1798 temporum
786 1756 823 1785 et
855 1747 1013 1785 Siciliae
1045 1751 1157 1797 plane
1184 1750 1306 1788 rudis.
1359 1749 1562 1787 Pertinent

116 1810 245 1844 onmia
282 1806 331 1844 ad
354 1805 607 1856 Dionysiwi,
638 1805 738 1854 quod
767 1804 835 1840 Ph.
857 1803 1077 1842 Cluverium
1111 1805 1154 1845 S.
1178 1806 1224 1845 Α.
1249 1805 1292 1844 L.
1315 1805 1362 1843 ΙΙ.
1396 1819 1431 1855 p.
1451 1806 1560 1845 299.

115 1876 195 1900 non
217 1865 342 1900 latuit.
377 1861 467 1899 Fuit
488 1875 579 1912 ergo
601 1863 692 1898 olim
716 1856 929 1905 πλεονάκις
948 1858 1205 1914 στρατεύσας
1222 1883 1269 1889 —-
1285 1857 1386 1900 εἷλεν
1403 1882 1451 1888 —-
1465 1875 1563 1900 συν-

114 1916 254 1971 θήκας
275 1914 508 1969 ἐποιήσατο.
538 1916 745 1969 παρέλαβε
765 1937 812 1943 -
838 1912 1000 1968 εἷρήνην
1022 1913 1256 1969 ἐποιήσατο.
1287 1917 1561 1965 Amanuenses,

117 1976 162 2012 de
176 1974 453 2025 Tyndaritanis
474 1976 536 2024 agi
555 1975 747 2019 arbitrati,
770 1979 986 2009 mutarunt:
1017 1974 1116 2021 quod
1137 1974 1298 2010 necdum
1310 1975 1454 2010 factum
1467 1981 1561 2021 erat,

117 2045 202 2069 cum
229 2037 455 2081 argumenta
484 2033 670 2078 capitum,
708 2029 795 2066 huic
828 2029 926 2065 libro
955 2032 1208 2078 praescripta,
1244 2037 1564 2078 conponerentur,

116 2100 276 2138 quorum
295 2094 427 2124 auctor
437 2085 626 2136 Dionysio
646 2088 687 2122 in
710 2085 874 2122 solidum
889 2087 1017 2121 omnia
1038 2084 1130 2122 haec
1148 2087 1405 2134 transcripsit.
1427 2085 1562 2122 XVESS.

231 2145 336 2183 702.
363 2143 434 2182 54.
479 2139 657 2192 §piei-eoi)
679 2140 754 2192 μὲν
777 2140 845 2180 καὶ
866 2141 1186 2192 Μοργαντῖνοιὶ]
1218 2141 1363 2179 Notata
1388 2144 1428 2178 in
1457 2155 1565 2178 mar-

117 2201 208 2249 gine
236 2200 385 2248 potiora
404 2199 587 2236 iudicavi.
612 2197 748 2234 RHoD.
796 2197 958 2233 Admitti
986 2194 1255 2249 Μοργάιτιον
1286 2210 1333 2234 ex
1350 2196 1561 2250 §Strabone

118 2262 312 2304 potuerat,
339 2256 416 2291 nisi
437 2253 735 2306 ,Μοργαντίναν
756 2252 963 2298 Diodorus,
995 2255 1053 2290 uti
1088 2254 1231 2290 (lictum
1251 2256 1369 2299 alias,
1406 2254 1566 2302 probas-

119 2318 189 2350 set.
227 2309 286 2347 De
305 2312 427 2347 altera
445 2311 538 2347 urbe
560 2310 659 2346 haud
679 2311 776 2347 levis
799 2309 1013 2354 difficultas,
1042 2316 1172 2359 utpote
1192 2323 1378 2359 nusquam
1400 2317 1564 2358 reperta.

119 2366 321 2404 Cluverius
348 2380 483 2404 verum
512 2377 808 2417 germanumque
830 2377 968 2401 nomen
986 2366 1105 2402 fuisse
1133 2367 1291 2404 coniicit
1311 2364 1562 2417 Σεργέντιον,

120 2423 395 2473 Sei-gentium,
425 2422 468 2460 L.
500 2423 549 2461 Π.
583 2421 625 2461 S.
647 2422 692 2458 A.
717 2435 751 2470 p.
775 2422 903 2467 338..
930 2421 1031 2469 quod
1056 2429 1226 2470 paterer,
1258 2423 1291 2458 si
1311 2420 1523 2461 ΖΙΙέιάινον
1543 2435 1567 2459 a

120 2481 280 2530 vulgato
309 2478 468 2515 distaret
492 2480 658 2529 longius.
703 2477 747 2514 ld
776 2484 909 2514 auctor
938 2477 981 2513 L.
1009 2476 1080 2515 Xl.
1104 2479 1175 2518 78.
1223 2477 1442 2528 Morgantio
1473 2490 1567 2514 con-

119 2537 262 2581 nectit,
301 2541 338 2571 et
358 2535 418 2571 hic
448 2536 537 2572 olim
559 2536 678 2572 fuisse
706 2534 845 2570 innuit.
881 2532 1002 2570 Porro
1028 2530 1309 2588 ’,Αγυριναίων
1330 2546 1379 2570 ex
1407 2532 1502 2585 Reg.
1527 2535 1567 2574 1.

120 2592 284 2639 restitui,
313 2597 356 2627 ut
380 2591 481 2627 infra
507 2604 540 2629 c.
566 2591 639 2630 95.
671 2589 806 2628 W'Ess.

233 2647 338 2686 703.
363 2647 436 2686 59.
463 2643 584 2697 Πρὸς
609 2642 940 2697 Ἔρβησσίνους]
983 2644 1051 2684 Sic
1070 2652 1232 2697 oportet.
1258 2643 1491 2697 Ἐρβησσοῦ
1515 2641 1563 2685 τό

123 2700 289 2742 ἐθνικόν
306 2700 575 2752 Ἐρβησσΐνος
593 2702 693 2750 apud
715 2700 972 2750 Stephanum,
998 2714 1068 2739 nec
1091 2704 1212 2740 multo
1237 2704 1348 2739 aliter
1371 2701 1567 2739 Diodorus

125 2763 165 2796 in
185 2759 458 2808 superioribus.
485 2757 596 2796 Conf.
619 2757 699 2796 Sic.
722 2757 812 2794 Ant.
832 2757 874 2794 L.
899 2757 949 2797 ll.
973 2769 1008 2806 p.
1031 2759 1135 2800 361.
1157 2757 1337 2796 Cluverii.
1367 2757 1508 2797 Wssss.

241 2814 346 2854 703.
382 2815 458 2855 65.
503 2806 639 2861 Οὗτος
668 2810 710 2852 δ’
746 2809 1040 2865 ἑξακισχιλίους
1071 2809 1326 2869 στρατιώτας
1355 2812 1569 2867 ἐπιλέξας]
