1828 3253
296 169 393 214 720
739 164 1264 206 ANNOTATIONES

295 282 577 337 ραναλιοθεῒσι
602 277 805 333 τιμωρίαν
836 274 951 320 εἶναι.
1000 279 1104 318 Hinc
1123 288 1285 320 venuste
1306 278 1595 335 παρανάλωμα
1617 284 1663 321 de
1685 297 1744 332 eo,

295 343 363 389 qui
376 341 497 376 caesis
515 340 603 375 aliis
624 345 803 385 tanquam
823 350 886 374 res
904 339 996 375 vilis
1009 339 1059 374 .in
1079 341 1286 386 cumulum,
1301 347 1414 387 atque
1435 340 1558 377 obiter
1577 341 1744 389 quidem,

295 397 463 436 additur.
494 394 684 432 Demades
695 394 817 441 Orat.,
841 406 937 442 quae
957 407 1096 431 nomen
1117 397 1200 433 eius
1220 397 1400 444 praefert,
1428 399 1638 446 principio:
1667 394 1745 449 ἐγώ

290 450 340 493 ,δ”
366 447 596 491 ἀποθανὼν
613 449 702 500 μὲν,
724 447 749 502 ἢ
774 451 866 499 ζῶν,
891 447 1010 489 οὐδέν
1030 450 1121 502 εἶμι·
1151 449 1286 504 τίγιὶρ
1308 450 1564 504 Ἀθηναιόις
1583 450 1607 504 ἢ
1633 453 1746 492 HA-

295 506 665 549 ,ΡΑΝΑΛΩΜΑ
691 503 922 558 Δημάδηςς
959 507 1073 545 Philo
1104 507 1185 545 Iud.
1218 510 1259 545 in
1277 509 1403 546 Flacc.
1431 522 1468 558 p.
1495 511 1601 550 967.
1627 510 1672 546 A.
1699 510 1745 548 de

300 565 462 603 Tiberio
483 566 574 612 imp.
593 566 721 613 nepoti
740 577 830 610 suo,
862 577 909 600 ne
929 577 951 600 a
970 562 1063 601 Caio
1085 565 1336 613 occideretur,
1365 573 1570 613 metuente,
1604 564 1746 605 ἐδεδίει

296 619 376 676 γὰρ
402 618 460 673 μὴ
489 619 949 660 ΠΛΡΑΝΑΛΩΖΙΙΑ
973 619 1138 673 γένηται
1168 619 1486 674 τελευτήσαντος
1514 620 1656 662 αὐτοῦ.
1695 622 1747 659 Et

298 685 420 716 semet
440 681 523 727 ipso
545 691 590 714 ac
609 679 724 714 sociis
743 679 950 728 legationis
968 680 1009 715 in
1039 691 1083 716 ea
1102 678 1150 715 ad
1171 677 1250 716 Cai.
1278 691 1313 727 p.
1340 680 1474 719 1043.
1492 678 1535 716 B.
1568 676 1653 717 ἀλλ’
1688 678 1746 718 εἷ-

297 731 416 781 ὃότες
436 731 493 773 ἐπ’
518 731 653 773 οὐδενὶ
679 735 883 773 λυσιτελεῖ
905 734 1365 774 ΠΑΡΑΝΑΛΩΖΙἸΛ
1392 731 1656 788 γενησόμενοι
1675 749 1748 786 με·

297 789 353 831 τὰ
383 791 539 841 πολλῆς
573 789 798 836 ὁύσκλειάς.
844 790 997 828 Placuit
1027 794 1142 828 etiam
1172 790 1243 829 hoc
1266 805 1388 842 genus
1411 792 1642 838 Eustathio,
1670 793 1749 828 nisi

297 847 527 887 Eumathius
546 848 678 894 fuerit,
694 846 737 886 L.
759 846 861 885 VIII.
887 847 933 884 de
953 847 1041 892 Ism.
1065 855 1104 884 et
1122 848 1259 884 Ismen.
1280 849 1448 885 Amorib.
1473 861 1506 897 p.
1520 851 1644 895 282„
1665 855 1749 884 tur-

299 906 391 958 gido
425 905 570 952 alioqui
594 906 794 953 scriptori,
830 905 1002 953 quicum
1022 917 1132 941 senes
1150 905 1311 942 inbelles
1340 918 1362 942 a
1388 905 1561 942 barbaris
1589 912 1747 951 temere,

285 969 340 999 et
359 969 541 1011 tanquam
561 962 659 998 nulli
677 963 839 1011 amplius
858 962 929 1008 rei,
949 964 1095 998 occisos
1119 961 1356 1007 tradidisset,
1381 960 1528 1014 ξίφους
1546 956 1748 1013 γεγόνασι,

298 1021 440 1068 inquit,
473 1011 774 1070 παρανάλωμα.
806 1018 911 1061 Quae
932 1018 1085 1066 quidem
1107 1020 1280 1066 exempla
1299 1017 1512 1064 conducere
1534 1020 1689 1067 placuit,
1704 1023 1749 1053 ut

298 1076 409 1114 vocis
440 1087 545 1120 usus,
574 1075 773 1124 neglectus
799 1087 923 1124 saepe,
952 1076 1119 1111 eluceret
1136 1076 1378 1112 manifestior
1400 1083 1437 1111 et
1455 1079 1493 1111 in
1520 1074 1579 1111 his
1600 1073 1752 1123 Iosephi

298 1130 402 1169 Belli
420 1130 462 1167 L.
482 1130 546 1168 IV.
570 1131 609 1170 5.
631 1132 674 1170 2.
697 1129 773 1172 ,καὶ
804 1128 851 1170 τὸ
881 1129 958 1182 μὲν
987 1129 1086 1170 ἄλλο
1116 1133 1282 1182 πλῆθος
1311 1128 1454 1177 αὐτοῖς
1482 1127 1610 1170 ἐδόκει
1632 1130 1751 1169 ΠΑ-

298 1186 681 1235 ΡΛΝΑΛΩΠΊΑ,
699 1184 796 1233 τοὺς
818 1184 859 1226 δ’)
886 1185 1083 1240 ἀρχιερεῖς
1101 1184 1331 1240 ἀνεζήτουν.
1361 1195 1398 1224 et
1416 1187 1567 1224 Aeliani
1589 1187 1635 1224 de
1654 1187 1752 1223 Ani-

301 1247 391 1284 mal.
413 1243 456 1281 L.
477 1243 539 1281 IV.
565 1245 635 1284 13.
667 1244 842 1294 perdices
873 1256 1066 1295 pugnaces
1096 1252 1207 1292 sunt,
1240 1245 1573 1292 arbitramurque,
1601 1240 1662 1283 ὅτι
1689 1238 1749 1294 μή

300 1301 403 1342 εἰσιν
436 1297 541 1348 ἄξιοι
572 1300 1034 1341 HAPANAAQMA
1071 1300 1263 1355 γενέσθαι
1293 1299 1584 1355 τεθιῑρα,ιιὲνοι.
1634 1299 1753 1337 Aliud

302 1360 406 1396 enim
426 1358 482 1395 ibi
508 1358 673 1407 spectari
699 1359 808 1396 solet.
845 1358 980 1395 Wrss.

417 1415 522 1454 642.
557 1415 628 1453 73.
651 1411 846 1454 ’Λνεῖλον
869 1413 913 1453 δὲ
938 1413 1005 1453 καὶ
1025 1411 1265 1467 Νικήρατον
1287 1411 1360 1454 τὸν
1378 1412 1553 1463 Νικίου]
1584 1412 1663 1450 Sed
1682 1425 1753 1449 an-

301 1477 342 1510 te
359 1470 662 1518 Theramenem,
688 1471 789 1519 quod
808 1470 922 1509 huius
943 1475 1068 1509 oratio
1089 1473 1191 1522 apud
1210 1471 1507 1519 Xenophontem
1529 1469 1680 1506 Hellen.
1703 1468 1750 1505 ΙΙ.

300 1540 339 1578 p.
353 1529 459 1569 364.
480 1534 657 1565 testatur.
685 1527 820 1565 Fuisse
831 1529 1052 1565 Niceratum
1075 1536 1114 1565 et
1136 1529 1270 1578 opibus
1285 1535 1322 1564 et
1340 1525 1753 1565 humanitateAthenis

302 1587 527 1635 principem,
550 1584 640 1622 vide
658 1586 700 1621 in
722 1584 861 1634 Lysiae
880 1584 947 1621 Or.
969 1585 1110 1622 XVIII.
1134 1600 1166 1622 c.
1186 1586 1226 1624 3.
1256 1585 1389 1622 W'Ess.

418 1641 524 1681 643·
555 1642 627 1682 SO-
656 1637 983 1692 Λαμβανούσης
1004 1645 1078 1693 τῆς
1103 1639 1327 1692 ἀπονοίας]
1363 1640 1484 1678 Deest
1511 1640 1756 1677 accusativus

302 1700 457 1747 aliquis,
480 1699 545 1745 qui
565 1711 651 1735 cum
667 1695 966 1749 λαμβανούσης
987 1702 1182 1749 iungatur,
1208 1698 1421 1735 cuiusmodi
1442 1698 1558 1734 fuerit
1583 1693 1754 1746 αὔξησιν

301 1757 368 1795 vel
398 1753 592 1794 ἐπίδοσιν.
621 1753 777 1792 STEPH.
814 1752 890 1793 Ἐν
923 1751 1051 1794 ἅπασι
1072 1753 1226 1806 λαμβ.]
1266 1755 1412 1791 Horum
1442 1755 1527 1791 loco
1546 1754 1754 1790 restituen-

303 1812 395 1849 dum
425 1818 518 1861 puto
548 1810 731 1851 ἐπίδοσιν
765 1813 829 1849 vel
860 1809 1030 1863 αὔξησιν
1050 1808 1359 1863 λαμβανούσης.
1401 1810 1537 1847 RHOD.
1733 1834 1735 1837 .

417 1869 523 1908 643·
556 1869 627 1909 83.
674 1865 727 1908 Οἳ
747 1872 835 1914 τοῖς
852 1867 959 1918 βίοις
980 1865 1271 1921 εὐπορούμενοι
1293 1865 1439 1918 σχεδὸν
1458 1864 1636 1911 ἅπαντες
1660 1860 1753 1911 etc]

301 1924 401 1964 Erat
429 1924 596 1961 Athenis
614 1939 658 1963 ea
677 1932 901 1975 tempestate
922 1927 1168 1963 criminosius
1199 1927 1240 1962 in
1260 1939 1301 1962 re
1335 1927 1439 1961 lauta
1466 1937 1577 1973 quam
1605 1921 1753 1970 flagitio

302 1983 468 2021 versari.
503 1978 750 2034 Δεινότερον
774 1975 825 2033 ἧν
845 1983 1035 2020 πλουτεῖν
1055 1979 1079 2034 ἢ
1104 1980 1256 2021 ἀδικεῖν
1285 1982 1473 2018 Isocrates
1498 1979 1624 2026 inquit
1643 1977 1752 2012 Orat.

302 2041 347 2078 in
364 2038 537 2088 Euthyn.
560 2052 594 2088 p.
620 2040 723 2078 593.
765 2038 894 2088 Itaque
921 2039 1021 2076 dites
1041 2039 1190 2076 indicta
1209 2051 1344 2075 caussa
1363 2037 1498 2085 capitis
1519 2032 1756 2071 damnaban-

305 2102 392 2133 tur:
421 2095 522 2144 quod
540 2097 752 2144 periculum
764 2103 808 2132 ut
828 2098 1011 2143 vitarent,
1033 2097 1157 2132 solum
1178 2097 1245 2132 alii
1261 2099 1475 2139 verterunt,
1498 2098 1611 2139 atque
1626 2096 1691 2125 aut
1712 2090 1756 2125 in

304 2151 520 2199 Piraeeum,
552 2158 618 2189 aut
638 2154 714 2189 alio
736 2160 1022 2191 concesserunt.
1053 2152 1260 2189 Perierunt
1279 2153 1406 2200 plures
1421 2158 1494 2195 MD,
1516 2155 1554 2185 et
1573 2146 1621 2184 ad
1642 2147 1757 2193 quin-

306 2221 379 2258 que
401 2208 697 2246 Atheniensium
715 2210 840 2246 millia
867 2210 908 2246 in
930 2208 1130 2246 Piraeeum
1157 2222 1195 2245 se
1214 2213 1454 2256 receperunt.
1483 2204 1550 2242 Sic
1570 2203 1757 2240 isocrates

305 2266 496 2316 Areopag.
514 2279 549 2315 p.
567 2266 674 2305 224.
703 2274 741 2303 et
759 2265 969 2304 Aeschines
990 2266 1036 2302 de
1060 2265 1194 2316 Legat.
1214 2278 1316 2315 perp.
1341 2271 1450 2314 gesta
1470 2276 1504 2311 p.
1520 2263 1591 2302 87.
1618 2257 1754 2295 WVESS.

423 2323 529 2363 643.
563 2323 635 2362 84.
666 2322 752 2361 Καὶ
772 2318 1046 2373 Αὐτόλυκον]
1074 2322 1230 2359 Athleta
1249 2328 1343 2367 erat,
1372 2320 1438 2357 sed
1459 2319 1576 2356 faceti
1595 2315 1758 2366 ingenii,

306 2380 538 2417 notissimus
569 2392 618 2415 ex
646 2378 918 2429 Xenophontis
946 2379 1165 2430 Symposio.
1211 2376 1308 2415 Vide
1331 2374 1580 2413 Plutarchum
1598 2371 1689 2423 Lys.
1719 2384 1757 2421 p.

307 2438 416 2477 442.
438 2436 482 2472 A.
521 2435 663 2475 Wnss.

424 2493 530 2533 643.
556 2493 627 2532 89.
661 2489 750 2544 Τὴν
770 2487 890 2532 πόλιν
907 2494 991 2532 τῶν
1008 2488 1260 2544 Ἀθηναίων
1280 2484 1480 2542 δρῶντες]
1510 2485 1607 2524 Hiat
1622 2485 1759 2532 oratio,

308 2551 513 2602 participio
535 2549 698 2597 quodam
719 2549 881 2587 defecta.
905 2549 1098 2599 Interpres
1119 2550 1347 2585 sententiam
1367 2559 1445 2583 non
1466 2546 1564 2581 male
1584 2543 1758 2590 explesse

308 2607 464 2644 videtur
501 2619 726 2657 quanquam
758 2609 961 2644 civitatem
991 2608 1050 2644 ita
1081 2605 1315 2643 exhaustam
1346 2609 1388 2641 et
1423 2600 1617 2651 afflictam
1649 2599 1760 2636 vide-

309 2670 411 2701 rent.
442 2662 575 2700 WEss.

425 2720 530 2760 643.
563 2720 636 2759 93.
675 2715 941 2772 Ἀγωγίμους
973 2723 1060 2766 τοῖς
1092 2713 1314 2769 τριάκοντα
1348 2711 1477 2765 εἶναι]
1527 2712 1638 2750 Conf·
1663 2710 1754 2749 Des.

308 2775 522 2813 Heraldum
550 2775 593 2812 L.
615 2775 681 2812 lv.
712 2775 918 2814 Animadv.
949 2777 997 2814 ad
1027 2779 1086 2813 ius
1111 2776 1226 2812 Attic.
1247 2781 1285 2811 et
1302 2773 1413 2811 Rom.
1437 2785 1469 2808 c.
1495 2772 1533 2811 5.
1563 2769 1756 2807 Decreve-

309 2840 399 2872 rant
410 2833 607 2886 Spartani,
631 2835 784 2872 exsules
795 2833 1051 2874 Athenienses
1071 2832 1239 2885 undique
1259 2831 1349 2869 duci
1367 2841 1492 2883 posse,
1515 2838 1660 2879 proque
1679 2825 1756 2863 ini·

1820 2899 1823 2921 1
