1828 3253
396 217 484 259 ‚IN
526 215 636 255 LIB.
667 214 749 255 XI.
792 212 918 265 CJAP.
947 216 1020 257 68.
1042 235 1090 244 —
1113 216 1186 256 71.
1420 217 1506 257 541

71 332 249 378 assumit,
264 329 403 381 inquit,
421 331 466 368 in
483 331 712 367 societatem
733 327 1173 366 consiliiBacabasum:
1193 341 1322 378 prave,
1337 335 1511 379 utaugu-

71 401 149 426 ror.
171 378 427 437 Megabyzum
442 392 671 434 oportuerat,
689 393 732 422 ut
745 399 793 422 ex
803 385 931 422 Ctesia
941 386 1048 423 Pers.
1059 398 1090 427 c.
1100 387 1178 425 30.
1200 386 1360 423 videbis
1375 386 1510 423 WVEss.

185 446 291 484 457.
321 445 392 483 35.
420 440 518 493 ’Έτη
542 441 664 481 πλείω
688 443 770 480 τῶν
792 439 943 493 εἴκοσι]
973 440 1105 479 Canon
1126 441 1414 479 Astronomicus
1444 443 1510 479 dat

74 498 203 537 Xerxi
222 511 343 536 annos
361 509 452 545 xxl,
479 511 550 534 nec
570 498 674 534 aliud
696 505 828 534 auctor
845 500 1012 535 voluisse
1032 498 1196 535 videtur.
1221 498 1264 534 ld
1287 512 1418 547 parum
1440 512 1507 547 op-

73 562 311 604 portunum,·
334 554 437 604 quod
459 567 560 592 nunc
581 554 730 591 demum
751 553 897 591 Xerxis
917 562 1075 591 mortem
1107 563 1384 601 conmemoret,
1409 568 1468 604 qu
1461 569 1504 592 ae

75 619 165 648 ante
195 611 266 668 hos
292 614 458 661 quinque
487 623 630 657 annos,
673 611 798 658 paullo
828 618 914 646 ante
937 609 1208 646 Themistoclis
1239 612 1278 647 in
1310 612 1505 648 Persidem

73 667 159 714 iter,
187 669 370 718 contigit:
411 669 519 703 cuius
538 669 596 703 rei
622 680 756 703 caussa
776 673 856 714 est,
894 667 993 714 quod
1014 665 1158 702 Xerxis
1178 668 1288 704 initia
1309 670 1507 715 repetierit

74 737 98 760 a
116 726 242 774 patris
253 722 362 761 Darii
386 729 527 769 morte,
564 725 676 759 citius
698 721 924 759 inchoanda.
963 722 1038 759 Sed
1071 722 1161 759 haec
1192 735 1294 760 nunc
1323 737 1400 760 non
1420 738 1465 774 ag,
1455 738 1505 760 r.o

75 778 136 816 'lu
157 779 256 816 vide·
268 771 325 818 Cl.
346 778 456 818 Hier.
472 778 708 828 vanAlphen
729 777 926 815 Conment.
947 781 988 817 in
1009 777 1160 815 DanieL
1179 778 1246 815 lX
1267 780 1308 816 P.
1329 780 1394 816 llI.
1416 794 1447 817 c.
1443 754 1501 820 ἶῖ1.

73 834 208 874 Wess.

181 891 290 931 457.
314 892 386 931 38.
409 887 743 943 Ἀρχεὸη,ιιι’ὁ“ου]
770 891 946 928 Eundem
965 890 1196 928 Archontcm
1219 898 1256 927 et
1277 892 1503 941 Olympiade

69 944 142 983 hac
162 947 286 984 stadio
305 948 491 985 victorem
509 947 589 984 edit
607 945 770 997 Dionys
791 947 878 984 Ant.
892 947 1000 984 Rom.
1021 947 1062 984 L.
1083 946 1153 983 IX.
1174 960 1209 996 p.
1225 950 1275 987 6]
1290 952 1344 993 8„
1365 956 1406 984 ut
1426 962 1507 984 me-

69 1004 146 1039 rito
175 1002 228 1040 Io.
249 1003 440 1041 Meursius
463 1007 674 1041 correxerit
700 1005 863 1041 l’ausan.
885 1004 948 1040 lv.
970 1017 1002 1042 c.
1022 1006 1109 1049 24..
1141 1007 1182 1040 in
1204 1017 1278 1053 quo
1294 1001 1504 1055 'AOZss‘s'l‘

70 1057 169 1105 δους
199 1056 408 1111 ἄρχοντος.
447 1059 613 1108 Scripsit
641 1067 768 1098 autem
796 1059 1048 1110 Xenophonti
1079 1058 1280 1097 Corinthio
1300 1059 1372 1096 Od.
1393 1060 1504 1098 Xlll.

72 1114 224 1165 Olymp.
243 1115 445 1152 Pindarus.
476 1117 614 1154 W'Ess.

86 1190 89 1193 ·
183 1172 288 1211 457.
322 1173 396 1212 40.
437 1173 563 1212 Τῖτον
591 1168 844 1224 Muci-mov]
888 1171 1116 1224 Νουμίκιον
1138 1184 1220 1210 esse
1243 1172 1378 1209 debere
1399 1171 1505 1211 Rho-

71 1228 284 1265 domannus
303 1236 341 1265 et
358 1228 516 1279 Pighius
537 1229 585 1266 ad
605 1242 694 1266 ann.
717 1241 936 1266 CCLxxxw.
956 1237 1197 1267 monuerunt.
1222 1229 1323 1266 Nata
1348 1242 1506 1266 conmu-

70 1285 163 1322 tatis
184 1286 285 1321 intcr
303 1297 342 1320 se
364 1286 485 1322 literis
509 1299 627 1334 prava
646 1285 738 1323 haec
759 1288 948 1334 scriptura
968 1294 1037 1322 est.
1064 1286 1197 1323 Wess.

185 1341 292 1380 45-7.
315 1341 389 1380 42.
427 1337 712 1387 Ἀποστάντες
744 1339 918 1389 Θάσιοι]
956 1342 1045 1379 Non
1068 1342 1275 1379 concordat
1292 1355 1377 1379 cum
1397 1340 1506 1379 Thu-

72 1395 209 1446 cydide
236 1394 431 1434 Diodorus
465 1397 510 1434 de
539 1405 705 1447 tempore
729 1398 841 1435 huius
862 1397 1092 1435 Thasiorum
1111 1399 1359 1445 defectionis,
1392 1410 1506 1446 quam

72 1451 320 1502 Thucydides
352 1451 413 1506 (L.
437 1452 467 1490 Ι.
493 1452 612 1506 100.)
638 1457 767 1504 ponit,
810 1461 1012 1504 antequam
1034 1454 1173 1504 Sparta
1192 1461 1317 1491 terrae
1337 1455 1506 1491 motibus

71 1515 358 1546 concutereturt
392 1521 502 1557 quem
524 1516 648 1547 terrae
668 1518 810 1548 motum
832 1513 959 1560 posuit
979 1509 1173 1549 Diodorus
1194 1524 1309 1560 supra
1325 1517 1414 1548 ante
1436 1524 1506 1548 an-

73 1577 145 1602 nos
166 1577 257 1612 sex,
283 1572 320 1601 et
338 1577 385 1601 ex
407 1564 646 1616 Thucydidis
666 1570 883 1604 narratione
903 1567 1058 1604 duravit
1077 1567 1115 1604 id
1134 1568 1274 1604 bellum
1295 1580 1377 1604 cum
1401 1566 1508 1604 Tha-

75 1621 143 1657 siis
165 1627 245 1658 tres
266 1627 414 1658 tantum
436 1635 570 1659 annos.
607 1622 712 1673 Ergo
733 1625 795 1660 vel
822 1636 899 1659 non
919 1625 995 1660 fuit
1014 1626 1106 1661 satis
1126 1630 1284 1660 exactus
1305 1622 1506 1673 Thucydi-

74 1676 141 1713 des
168 1679 210 1714 in
240 1690 284 1714 ea
312 1679 556 1725 narratione,
585 1681 649 1716 vel
680 1681 848 1716 calculus
876 1678 1042 1716 Diodori
1069 1681 1189 1716 falsus
1220 1685 1290 1716 est.
1327 1679 1508 1716 Viderint

73 1730 330 1784 Chronologi,
366 1734 553 1781 quomodo
576 1736 842 1772 concilientur.
867 1735 996 1772 PALM.
1042 1735 1139 1773 Vide
1174 1737 1348 1785 superius
1376 1749 1408 1773 c.
1431 1737 1505 1776 63.

71 1796 109 1825 et
139 1789 242 1828 Plut.
267 1788 413 1826 Cimon.
438 1803 474 1838 p.
497 1792 602 1831 487.
624 1789 664 1827 C.
693 1790 832 1828 Delevi
851 1798 990 1839 autem,
1015 1791 1107 1829 Mss.
1130 1791 1406 1841 obtemperans,
1435 1806 1506 1830 vo-

71 1857 154 1882 cem
175 1843 313 1893 ἵνεκα,
335 1848 471 1896 quippe
492 1846 592 1884 haud
613 1849 876 1884 necessariam.
905 1846 963 1884 De
983 1848 1164 1895 metallis,
1189 1861 1283 1897 quae
1306 1848 1404 1885 bello
1424 1862 1506 1886 ma-

71 1903 206 1938 teriam
225 1901 434 1950 dederunt,
453 1895 586 1940 'dicam'
604 1905 711 1942 alias,
743 1903 876 1940 W'Ess.

182 1957 289 1997 457.
317 1958 392 1998 45.
432 1955 660 2011 Αἰγινήτας
689 1955 973 2010 ἀποστάντας]
1010 1959 1196 1997 Simultas
1225 1973 1311 1997 cum
1339 1961 1505 1998 maxime

69 2019 164 2061 erat,
195 2027 289 2064 quae
307 2017 348 2051 in
368 2015 507 2052 bellum
528 2016 619 2052 dein
640 2016 744 2052 abiit.
775 2014 885 2052 Conf.
906 2029 939 2054 c.
965 2018 1036 2056 78.
1065 2016 1199 2053 WESS.
1377 2026 1383 2030 ‘

180 2071 294 2110 457.
304 2071 376 2111 6·.0
408 2069 514 2117 Εἷς)
520 2070 766 2124 Αμᾳίπολιπ
789 2070 1021 2123 ἐξέπεμψαν
1050 2067 1269 2124 οἷκήτοοας
1297 2070 1502 2125 μυρίους]

66 2123 205 2166 Ἐννέα
234 2121 323 2165 ὃδοι
352 2127 444 2163 urbs
473 2128 688 2174 dicebatur,
727 2125 941 2176 deinceps’
946 2128 1213 2181 4μᾳ-ίποὶις,
1237 2135 1436 2176 postquam
1458 2131 1504 2166 ab

70 2183 234 2234 Agnone
252 2185 463 2220 instaurata
481 2185 569 2230 fuit,
587 2191 815 2232 nuncupata.
846 2183 1022 2221 Deducta
1042 2184 1134 2221 haec
1153 2185 1305 2220 colonia
1322 2186 1408 2231 fuit,
1435 2199 1506 2222 an-

71 2242 133 2276 nis
153 2249 274 2274 xxxn
296 2246 492 2288 postquam
526 2241 673 2287 coloni,
711 2236 934 2291 'Aristagora
954 2240 1047 2276 duce
1071 2253 1114 2277 eo
1134 2241 1319 2288 profecti,
1351 2242 1506 2278 excide-

71 2301 174 2340 rant,
201 2295 246 2331 de
268 2295 403 2342 quibus
423 2295 641 2333 Herodotus
664 2304 833 2333 extremo
855 2296 897 2333 L.
918 2296 965 2335 V.
996 2295 1164 2344 Cumque
1183 2298 1266 2344 pari
1289 2298 1505 2335 calamitate

73 2351 243 2400 oppressi
271 2358 399 2387 essent
417 2351 691 2398 Athenienses,
732 2353 870 2389 iterum
893 2354 1000 2389 missi
1022 2355 1148 2389 coloni
1167 2359 1259 2389 sunt
1277 2361 1362 2401 post
1382 2367 1503 2391 annos

71 2416 194 2453 xxm,
213 2408 393 2456 auspiciis
415 2414 452 2444 et
479 2408 594 2445 (luctu
614 2407 812 2458 Agnonis,
843 2407 1071 2458 Thucydide
1094 2408 1134 2444 L.
1157 2408 1220 2445 lv.
1244 2410 1347 2449 102.
1385 2409 1504 2447 Cuius

72 2464 245 2499 coloniae
264 2469 409 2511 tempus
437 2467 524 2513 quia
545 2471 713 2501 extrema
733 2464 885 2513 Olymp.
904 2473 1061 2500 LXXXV.
1084 2465 1246 2510 incidit,
1284 2466 1342 2502 uti
1364 2465 1504 2503 Noster

72 2519 184 2555 docet
205 2517 244 2554 L.
263 2517 453 2565 X11.32.‚
483 2533 560 2557 non
580 2523 723 2568 patitur
745 2527 903 2569 uterque
922 2522 1121 2567 terminus,
1139 2522 1305 2569 priorem
1323 2521 1420 2558 hane
1440 2536 1504 2559 co-

71 2576 213 2611 loniam
233 2581 276 2610 ut
295 2575 340 2611 ab
362 2573 433 2611 hoc
453 2589 554 2612 anno
574 2578 688 2627 longe
707 2589 982 2615 removeamus.
1013 2576 1062 2613 W*
1067 2587 1146 2613 Ess.

183 2631 289 2670 458.
321 2631 393 2670 64.
421 2627 619 2685 ’Ὕστερον
644 2631 688 2671 oe*
711 2630 847 2671 αὐτῶν
878 2628 1120 2682 ἀναβάντων
1142 2632 1197 2678 εἷς
1220 2630 1413 2689 Θρᾴκην]
1447 2635 1505 2672 Ad

70 2683 317 2778 aegggscum.
358 2685 455 2724 Vide
485 2686 752 2738 Thucydidem
782 2688 810 2725 Ι.
848 2689 950 2728 100
984 2698 1022 2725 et
1044 2688 1228 2725 Nostrum
1257 2688 1299 2726 L·
1319 2690 1408 2728 XL!
1432 2695 1503 2732 68-

183 2797 289 2838 458.
310 2798 383 2837 69.
411 2798 465 2836 K.
478 2798 774 2850 Ηερουΰιον
773 2799 992 2851 τροῦκτον]
1026 2800 1072 2846 Q.
1095 2799 1307 2838 Servilium
1329 2801 1506 2839 Priscum

71 2854 257 2904 collegam
285 2854 351 2891 dat
375 2853 420 2890 T.
445 2855 601 2898 Quintio
628 2854 843 2906 Capitolino
864 2854 1076 2906 Dionysius
1094 2856 1504 2906 R0111.Antiq.1„.1x.
