1828 3253
299 142 389 181 726
763 141 1284 185 ANNOTATIONES

305 255 362 303 pit
380 254 444 290 ille
471 247 624 303 πόρος,
653 253 692 291 id
711 260 782 302 est,
808 262 986 308 meatu35
1026 263 1086 294 est
1108 259 1209 296 enim
1230 258 1333 295 inter
1353 254 1572 309 Selybriam
1593 262 1631 294 et
1653 255 1754 294 Con-

309 311 588 357 stantinopolin
608 311 727 357 lacus,
765 315 830 360 qui
851 315 1031 364 exiguum
1052 317 1214 363 spatium
1232 321 1354 351 terrae
1373 315 1559 362 relinquit
1577 315 1618 350 in
1638 316 1755 350 maris

309 368 439 412 litore,
471 366 515 402 de
540 377 615 414 quo
635 369 782 415 prolixe
804 371 896 406 satis
921 369 1128 419 Procopius
1150 371 1192 408 L.
1212 370 1276 409 [V.
1300 371 1392 416 4l.‚
1415 383 1498 406 eum
1519 370 1629 407 vide:
1662 383 1756 420 pro-

310 424 430 460 lixior
452 425 552 459 enim
578 431 635 459 est
653 425 717 460 ille
742 425 872 471 loeus,
904 439 1016 476 quam
1037 433 1079 463 ut
1100 427 1235 464 debeat
1256 427 1318 464 hic
1338 427 1492 465 ascribi.
1520 425 1557 463 Is
1579 428 1686 464 locus
1707 426 1754 462 ob

313 482 513 531 angustias
536 477 731 532 πορθμὸς
761 488 798 517 et
822 477 992 533 μύρμηξ
1017 483 1157 520 dicitur
1177 497 1199 521 a
1219 483 1419 532 Procopio.
1449 481 1577 519 PALM.
1615 482 1758 520 Proco-

314 538 369 585 pii
398 533 617 586 πορθμὸς,
653 539 715 573 cui
741 550 880 576 nomen
903 535 1116 591 ΖΗύρμηξ,
1154 538 1344 591 Rhegium
1364 541 1467 576 inter
1487 546 1525 575 et
1545 538 1759 589 Anthyram

315 599 411 637 erat,
438 595 494 629 uti
514 592 674 629 docetur
693 593 734 629 L.
756 593 820 630 IV.
852 594 897 631 de
916 594 1041 632 Aedis.
1063 596 1197 633 lustin.
1218 610 1250 633 c.
1275 600 1329 643 8.,
1356 596 1558 644 pannoque
1576 596 1760 633 remotior

314 662 339 686 a
359 648 677 697 Selybrianorum
698 650 849 699 oppido.
878 650 1044 701 Propius-
1058 653 1190 690 aberat
1210 653 1352 690 flumen
1375 651 1576 701 Athyras,
1609 651 1654 688 de
1684 663 1759 699 quo

313 705 365 741 ad
400 704 532 742 Itiner.
563 704 755 745 Hierosol.
789 716 824 756 p.
848 708 975 754 570„
1005 709 1105 758 quod
1135 716 1262 746 tamen
1282 709 1447 746 indicari
1478 711 1518 746 in
1539 707 1599 744 his
1618 709 1762 745 veteris

316 761 606 811 Geographiae,
643 763 820 810 inprimis
838 775 906 813 per
926 763 1132 803 Thraciam
1144 785 1156 815 4,
1200 766 1370 804 tenebris
1389 778 1610 803 asseverare
1630 765 1762 802 nolim.

313 817 452 857 WVEss.

430 875 535 914 648.
559 875 629 914 59.
658 871 767 913 Ἐκεῖ
782 872 824 914 δ’
849 874 905 923 εἷς
927 873 1153 929 συνήθειαν
1174 874 1312 917 ἐλθὼν
1333 873 1480 931 Κύρῳ]
1506 877 1603 914 Vide
1625 876 1762 914 Xeno-

314 929 497 980 phontem
521 930 560 967 L.
581 930 630 970 ll.
652 930 799 980 Exped.
821 932 911 983 Cyr.
933 946 968 983 p.
992 937 1114 982 228,
1136 934 1203 971 sed
1223 937 1427 986 tyrannica
1446 932 1621 971 clearchi
1638 935 1766 970 consi-

313 988 368 1024 lia
389 987 706 1027 dissimulantem.
739 989 874 1026 XVESS.

432 1045 539 1083 649.
575 1047 647 1084 61.
676 1042 838 1097 ’Ἀρχων
866 1043 1032 1086 ἀποδεδ.
1064 1049 1149 1087 τῶν
1178 1044 1242 1086 ἐπὶ
1272 1042 1490 1098 θαλάττης
1511 1044 1763 1098 σατραπῶν]

314 1096 477 1147 Repono
501 1105 774 1151 σατραπειῶν.
799 1101 866 1139 Sic
887 1117 922 1152 p.
946 1104 1054 1143 493.
1083 1101 1158 1151 τὰς
1191 1101 1277 1143 ἄνω
1300 1102 1574 1156 σατραπείας,
1604 1109 1641 1139 et
1662 1103 1767 1139 alibi.

319 1154 477 1192 STEPH.
519 1156 553 1192 A
584 1156 780 1207 Stephano
809 1159 907 1196 nihil
938 1160 1136 1198 dissentio.
1182 1160 1329 1198 Auctor
1359 1162 1440 1208 ipse
1469 1161 1591 1209 praeit
1622 1172 1654 1195 c.
1692 1159 1764 1199 19.

316 1213 482 1266 Ιξῦρος,
518 1208 538 1252 ὃ
570 1216 653 1252 τῶν
682 1213 747 1252 ἐπὶ
776 1212 994 1268 θαλάττης
1018 1219 1277 1269 σατραπειῶν
1299 1212 1536 1269 ἡγούμενος.
1565 1215 1616 1252 Et
1637 1228 1669 1252 c.
1690 1216 1766 1254 26.

319 1267 379 1308 ὡν
406 1270 550 1321 Κῦρος
570 1268 633 1308 ἐπὶ
655 1267 872 1323 θαλάττης
891 1266 990 1324 ἦρχε
1015 1276 1288 1325 σατραπειῶν.
1323 1273 1459 1310 Wnss.

435 1327 540 1367 649.
578 1328 649 1366 70.
685 1324 750 1365 'Ev
785 1324 850 1374 αἷς
877 1328 954 1379 μὲν
986 1328 1290 1382 δεκαδαρχίας]
1332 1328 1635 1366 Decemviralem
1667 1325 1768 1364 hanc

315 1378 511 1430 Lysandri
531 1389 756 1432 potestatem
774 1387 909 1434 scripti
932 1385 1051 1422 Codd.
1071 1386 1331 1439 Λεκαρχίαν,
1360 1389 1473 1423 sicuti
1490 1392 1528 1421 et
1547 1382 1770 1432 Xenophon

317 1436 423 1474 Hell.
457 1438 523 1476 Ill.
552 1451 587 1487 p.
609 1441 738 1487 387„
777 1449 940 1479 vocant:
975 1442 1024 1479 ad
1056 1455 1167 1492 quem
1198 1443 1352 1480 modum
1375 1439 1597 1493 τετραρχία
1618 1439 1770 1488 Harpo-

319 1496 503 1542 crationi‚
519 1508 630 1544 quam
654 1510 676 1533 a
697 1496 875 1548 Philippo
897 1497 963 1535 Ill.
986 1511 1021 1547 p.
1043 1501 1116 1539 68.
1136 1497 1438 1551 τετραδαρχίαν
1460 1500 1644 1535 nominat.
1678 1495 1771 1533 Sui-

319 1550 387 1588 das
414 1560 626 1601 opportune
654 1555 696 1590 in
715 1553 956 1606 Δεκαρχιάι.
989 1552 1064 1601 τὰς
1083 1551 1163 1594 ὑπὸ
1184 1552 1537 1605 Λακεδαιμονίων
1555 1566 1770 1592 καταστα-

317 1606 469 1653 θείσας
489 1607 530 1647 ἕν
552 1614 644 1656 ταῖς
665 1605 807 1649 πόλεσι
823 1610 1042 1665 δεκαρχίας
1062 1614 1242 1663 συνεχῶς
1262 1607 1536 1663 ὀνομάζουσιν
1557 1606 1596 1649 οἳ
1617 1606 1771 1662 ἱστορι-

318 1662 397 1702 κοί.
424 1664 559 1702 WEss.

436 1722 543 1761 649.
568 1723 641 1762 76.
668 1721 754 1762 Καὶ
781 1720 922 1775 κοινὴν
955 1721 999 1763 ἐκ
1025 1720 1190 1764 πάντων
1211 1723 1347 1776 Σπαρ.
1370 1724 1539 1775 ποιῆσαι
1561 1724 1658 1769 etc.]
1691 1720 1771 1757 Ad-

323 1775 404 1813 didi
423 1780 746 1827 praepositionem
766 1793 814 1817 ex
835 1780 986 1818 schedis
1006 1783 1193 1829 vetustis,
1232 1793 1344 1830 quam
1365 1782 1619 1817 necessariam
1641 1785 1772 1816 osten-

321 1832 419 1870 dunt
438 1842 628 1884 postrema
651 1835 761 1873 huius
790 1850 872 1885 cap.
895 1837 1054 1877 πείθων
1080 1836 1122 1885 ἐξ
1143 1833 1338 1877 ἁπάντων
1359 1840 1444 1876 τῶν
1463 1837 1640 1875 πολιτῶν
1663 1832 1774 1887 αἶρε-

319 1886 420 1934 τοὺς
450 1891 639 1942 γίνεσθαι
664 1894 860 1942 βασιλεῖς.
897 1893 1057 1931 Molitus
1088 1901 1147 1931 est
1174 1894 1273 1931 hanc
1302 1893 1515 1943 Spartanae
1538 1892 1771 1940 reipublicae

319 1948 571 1984 mutationem
592 1947 793 1998 Lysander
821 1952 968 1999 aliquot
995 1951 1134 1988 abhinc
1154 1954 1289 1998 annis,
1317 1962 1432 1998 quum
1453 1949 1633 2000 Agesilao
1653 1948 1772 1986 variis

324 2015 372 2038 ex
397 2007 544 2040 caussis
565 2012 667 2041 esset
686 2006 876 2054 offensus,
909 2015 951 2043 ut
969 2020 1016 2043 cx
1036 2008 1138 2047 Plut.
1162 2007 1331 2057 Lysand.
1352 2020 1384 2056 p.
1405 2007 1512 2046 447.
1537 2014 1668 2042 notum
1692 2016 1774 2040 om-

321 2059 449 2096 nibus.
477 2059 535 2096 De
547 2060 837 2100 Heraclidarum
858 2076 951 2100 vero
962 2062 1248 2101 Lacedaemone
1268 2064 1422 2113 regibus
1443 2063 1663 2110 familiaque
1678 2059 1774 2096 Pro-

322 2116 509 2152 clidarum
532 2125 569 2154 et
588 2117 983 2169 Eurysthenidarum‚
1012 2123 1094 2158 sive
1112 2120 1468 2170 Eurypontidarum
1486 2125 1599 2166 atque
1623 2116 1775 2167 Agida„

320 2183 421 2220 nnn,
452 2175 673 2211 nominibus
694 2182 842 2213 tantum
860 2177 962 2214 enim
983 2177 1214 2227 discrepant,
1234 2175 1384 2214 abunde
1407 2174 1568 2227 Cragius
1590 2173 1636 2211 de
1656 2172 1774 2211 Lace-

324 2228 446 2265 daem.
468 2228 561 2279 Rep.
586 2230 628 2269 L.
653 2231 700 2269 Il.
721 2234 766 2272 2.
801 2233 934 2270 lVESS.

439 2287 545 2326 (549.
572 2290 643 2327 80.
679 2285 884 2329 Μάλιστα
904 2293 992 2335 τοῖς
1007 2288 1215 2341 μαντείοις
1232 2285 1540 2342 προσέχοντας]
1575 2284 1708 2324 Cicero
1729 2283 1773 2320 L·

323 2340 354 2378 Ῑ-
376 2340 510 2378 Divin-
535 2356 566 2379 c·
587 2345 662 2383 43.
692 2345 738 2382 de
767 2345 1106 2394 Lacedaemoniis,
1142 2348 1335 2396 iidemque
1358 2347 1404 2383 de
1425 2344 1540 2382 rebus
1560 2341 1776 2381 maioribus

323 2411 479 2449 semper
499 2407 573 2436 aut
589 2400 759 2452 Delphis
783 2404 1009 2450 oraculum,
1040 2410 1114 2440 aut
1131 2404 1179 2441 ab
1201 2403 1437 2449 Ham-mone,
1467 2408 1541 2439 aut
1557 2414 1582 2438 a
1605 2399 1776 2437 Dodona

316 2456 519 2506 petebant.
563 2455 679 2493 Cuius
705 2457 917 2507 Spartanae
936 2461 1137 2509 religionis
1157 2462 1269 2510 plena
1297 2466 1386 2496 sunt
1405 2460 1661 2496 vetustiorum
1680 2454 1776 2492 scri-

322 2520 474 2560 ptorum
496 2522 754 2551 monumenta.
793 2514 907 2552 Corn.
931 2515 1071 2564 Nepot.
1094 2516 1185 2566 Lys.
1208 2530 1241 2553 c.
1265 2517 1305 2555 3.
1326 2528 1510 2564 conpone.
1536 2513 1674 2551 WESS.

438 2569 542 2608 649.
578 2571 649 2611 81.
693 2568 782 2623 Τὴν
811 2570 852 2610 ἐν
881 2571 1067 2626 Δελφοῖς
1096 2570 1333 2627 προφῆτιν]
1370 2571 1458 2609 vid.
1490 2570 1534 2608 L.
1562 2567 1673 2607 XVI.
1697 2568 1774 2606 26.

321 2624 459 2663 NVnss

439 2682 544 2721 649.
571 2683 643 2722 87.
676 2683 781 2730 Ταῖς
800 2681 843 2722 ἒν
863 2683 918 2724 Δ.
941 2684 1030 2736 περὶ
1056 2682 1102 2725 τὸ
1126 2699 1249 2736 μαντ.
1280 2680 1424 2729 οὔσαις
1445 2678 1634 2732 ἱερείαις]
1677 2676 1775 2715 Tres

322 2736 593 2777 Δωδωναίων
623 2736 872 2790 προμάντιες
898 2743 1193 2791 intelliguntur,
1223 2741 1270 2778 (le
1293 2741 1431 2789 quibus
1456 2751 1504 2775 ex
1523 2736 1706 2775 Herodot·
1728 2733 1776 2770 Π·

326 2794 398 2832 55.
429 2796 624 2843 praeclare
646 2795 721 2833 lac.
747 2795 1001 2848 Triglandius
1021 2797 1244 2837 Coniectan.
1270 2797 1316 2833 de
1343 2795 1495 2833 Dodon.
1517 2809 1548 2832 c.
1570 2794 1614 2834 4.
1646 2791 1779 2828 Admi-
