1828 3253
473 159 537 198 lN
568 156 681 199 LlB.
715 156 759 196 V.
799 155 927 197 CAP.
957 160 1032 199 23.
1059 181 1104 188 --
1126 161 1200 201 25.
1463 164 1555 205 423

220 273 326 314 349.
355 273 430 314 27.
458 269 748 323 Προσεδέξατο
769 268 845 325 τὴν
866 269 1086 324 ἐπιπλοκὴν
1102 271 1197 324 etc.]
1228 271 1401 312 Similem
1421 275 1546 313 fabel-

105 330 182 367 lam
203 333 423 380 exsequitur
444 329 651 368 in·Erotic.
679 343 710 366 c.
733 329 806 369 30.
836 328 1064 366 Parthenius
1085 329 1131 365 de
1151 328 1313 378 Celtina,
1329 344 1423 379 quae
1446 332 1554 369 Her-.

103 387 182 422 culi
200 386 322 423 filium
343 385 502 431 celtum,
518 385 619 422 unde
646 385 781 422 Celtae
803 385 910 431 dieti,
928 388 1127 434 pepererit.
1157 386 1379 423 Ammianus
1398 387 1483 424 XV.
1499 391 1540 428 9.

103 442 239 479 aliter:
278 442 514 491 Aborigines
536 443 688 492 primos
713 444 752 478 in
785 441 847 478 his
878 441 1104 490 regionibus
1133 444 1291 492 quidam
1320 446 1425 481 visos
1456 458 1539 482 esse

98 499 336 546 firmarunt,
370 498 503 534 Celtas
531 499 683 534 nomine
704 500 813 546 regis
841 498 1042 544 amabilis,
1072 505 1112 534 et
1131 502 1276 536 matris
1306 502 1391 536 eius
1419 513 1539 538 voca-

101 554 189 592 bulo
215 555 389 592 Galatas
413 554 549 591 dictos.
587 554 707 591 Aliter
734 554 990 604 Etymologus
1017 566 1053 591 v.
1079 554 1261 593 Γαλατία
1290 569 1337 592 ex
1358 555 1535 594 'l'imaeoz

100 607 356 662 ὠνομάσθη,
399 606 454 655 ὥς
484 623 586 663 φησι
618 609 813 660 Τίμαιος,
847 606 926 649 ἀπὸ
962 605 1174 658 Γαλάτου,
1207 607 1437 658 Κύκλωπος
1469 612 1538 651 καὶ

100 665 334 713 Γαλατίας,
369 663 474 719 (lege
503 665 731 712 Γαλατείας
757 679 806 703 ex
837 665 1038 703 Theocriti
1065 666 1161 716 idyl.
1191 666 1281 718 XI.)
1304 666 1408 706 υἱοῦ.
1452 672 1535 712 Quo

97 735 238 773 genere
271 724 540 772 originationis
568 724 609 759 in
641 721 805 759 Graecia
833 729 945 771 atque
974 722 1073 772 apud
1102 725 1270 760 seculum
1299 727 1405 773 prius
1436 724 1535 761 nihil

97 785 179 815 erat
198 779 405 829 vulgatius.
445 776 489 814 Si
509 778 600 826 quid
620 780 723 816 enim
751 779 905 815 obscuri
933 786 1043 826 atque
1063 779 1290 817 eruditionis
1318 781 1536 817 reconditae

92 836 266 884 gentium
299 834 517 871 nominibus
545 834 856 881 adhaeresceret,
884 848 971 871 ecce
1000 836 1071 871 tibi
1099 842 1278 884 tanquam
1309 850 1328 872 e
1358 837 1536 874 maehina

93 888 220 927 Heros
258 891 419 938 aliquis,
457 892 522 939 qui
550 893 704 941 regioni
740 894 923 943 gentique
963 904 1101 929 nomen
1129 894 1329 941 pepererit.
1376 893 1534 940 Hellas,

94 948 256 993 Attica,
288 945 479 997 Scythia,
523 947 749 997 Carthago,
779 947 1004 998 Hispania,
1037 955 1074 984 et
1103 950 1186 985 sine
1216 962 1374 986 numero
1402 952 1533 999 plures

92 1002 244 1040 urbium
263 1005 561 1056 populorumque
582 1004 641 1051 id,
669 1007 701 1041 si
722 1017 816 1054 opus
838 1011 959 1050 esset,
985 1004 1193 1041 firmarent.
1225 1005 1363 1042 VVEss.

206 1059 312 1098 349.
342 1060 417 1098 43.
460 1058 535 1098 (Ων
561 1059 669 1099 ἐστιν
696 1055 741 1098 ίἓν
773 1057 876 1111 πρὸς
899 1055 1128 1110 ιΡοῃιαιόυς
1157 1058 1249 1111 ἔχον
1282 1058 1533 1113 συγγένειαν]

92 1114 250 1152 Aeduos
277 1117 483 1166 intelligit,
520 1128 614 1164 quos
649 1115 788 1153 Caesar
815 1115 859 1154 L.
892 1115 920 1152 l.
942 1115 984 1152 B.
1019 1116 1066 1153 G.
1087 1131 1119 1156 c.
1142 1118 1214 1157 33.
1241 1117 1410 1164 fratres
1442 1130 1534 1155 con-

91 1173 404 1221 sanguineosque
432 1185 713 1222 saepenumero
736 1187 761 1210 a
782 1179 923 1209 senatu
952 1173 1174 1224 adpellatos
1193 1175 1341 1212 scribit.
1371 1173 1532 1211 Tacitus

90 1227 191 1263 Anu.
221 1226 293 1264 XI.
312 1228 388 1267 25.
429 1228 558 1265 Ρι·ἰηιί
580 1229 711 1267 Aedui
735 1236 962 1266 senatorum
985 1231 1024 1266 in
1053 1230 1147 1267 urbe
1169 1233 1230 1267 ius
1260 1232 1399 1280 adepti
1424 1237 1528 1269 sant.

95 1282 241 1320 Datum
265 1283 490 1329 idfoederi
509 1288 696 1335 antiquo,
726 1292 767 1322 et
784 1286 878 1336 quia
910 1286 987 1322 soli
1012 1286 1220 1323 Gallorum
1238 1287 1532 1333 fraternitatis

87 1352 225 1377 nomen
255 1353 340 1376 cum
360 1342 510 1391 populo
541 1341 720 1379 Romano
760 1348 968 1393 usurpant.
1015 1342 1083 1379 ubi
1111 1341 1275 1380 Diodori
1305 1344 1423 1380 verba
1452 1355 1532 1380 non

87 1397 262 1447 neglexit
289 1395 455 1444 Lipsius.
492 1397 628 1435 WEss.

201 1453 307 1491 349.
337 1454 408 1492 50.
448 1451 534 1493 Διά
555 1456 627 1505 τῆς
647 1451 756 1499 &alae
775 1449 940 1521 φύσεως
960 1453 1258 1506 γεφυροῦνται]
1290 1456 1415 1498 Quum
1429 1468 1534 1491 ama-

86 1510 290 1545 nuensium
315 1510 468 1546 incuria
497 1505 653 1563 ῥύσεως
673 1516 711 1547 et
731 1523 895 1562 φυσεως
922 1511 1109 1548 vocabula
1137 1511 1237 1548 haud
1259 1524 1345 1549 raro
1376 1524 1534 1548 conmu-

87 1571 239 1611 tentur,
272 1565 587 1613 quemadmodum
626 1566 668 1602 L.
700 1565 764 1602 lv.
798 1567 869 1607 58.
899 1573 936 1602 et
965 1565 1076 1603 huius
1106 1568 1196 1604 libri
1223 1581 1256 1605 e.
1284 1568 1356 1607 36.
1386 1568 1531 1604 factum

86 1620 449 1667 animadvertimus,
483 1622 583 1659 idem
613 1629 651 1659 et
678 1621 740 1658 hic
769 1635 841 1658 usu
869 1624 1044 1669 venisse,
1073 1626 1239 1672 suspicio
1269 1624 1360 1660 fuit:
1400 1625 1530 1671 pontis

88 1679 189 1713 enim
211 1678 250 1712 in
269 1677 423 1714 modum
443 1677 603 1714 flumina
626 1685 900 1726 concrescunt,
932 1678 1021 1715 dum
1043 1692 1175 1728 sparsa
1203 1693 1269 1729 per
1290 1692 1424 1727 aquam
1448 1682 1532 1729 gla-

87 1734 164 1769 cies
186 1736 268 1780 ipso
286 1733 393 1770 fluxu
417 1735 684 1770 condensatur.
726 1733 809 1783 Ego
829 1748 922 1771 vero
943 1734 1040 1771 nihil
1058 1737 1214 1773 innovo.
1259 1735 1302 1771 ld
1323 1736 1530 1786 significat,

85 1788 224 1826 fluvios
247 1796 378 1838 suapte
405 1798 564 1837 natura,
593 1792 776 1839 nulloque
803 1791 898 1826 adeo
921 1792 1017 1839 ligni
1048 1791 1212 1843 adhibiti
1240 1793 1409 1841 auxilio,
1444 1806 1531 1830 cum

85 1846 352 1896 congelantur,
380 1847 559 1894 pontibus
580 1849 687 1894 quasi
711 1849 888 1882 insterni.
919 1846 1055 1886 wass,
1109 1843 1111 1845 ’

197 1901 303 1941 349.
332 1903 404 1942 56.
451 1900 503 1942 Oi
521 1901 597 1954 μὲν
617 1902 660 1941 ἐκ
682 1904 836 1954 λιμνῶν
859 1899 1056 1954 ἀβύσσων
1081 1899 1275 1957 ῥέουσιν]
1305 1903 1530 1954 Aristopha-

83 1968 152 1994 nes
171 1955 270 1995 Ran.
292 1971 332 1997 v.
360 1959 462 1998 137.

247 2010 394 2060 Εὐθὺς
412 2011 489 2067 γὰρ
510 2012 574 2053 ἐπὶ
593 2012 740 2066 λίμνην
759 2009 941 2067 μεγάλην
960 2011 1066 2066 ἥξεις
1086 2010 1194 2054 πάνυ

237 2066 460 2120 Ἄβυσσον.

82 2130 122 2161 et
138 2123 260 2177 λίμνη
283 2122 468 2176 ἄβύσσος
490 2121 515 2178 7⁶2
539 2125 579 2165 ἓν
589 2123 723 2179 ’Ἀργει
745 2127 843 2175 apud
857 2125 1104 2177 Hesychium.
1138 2126 1299 2166 Transit
1319 2127 1367 2165 ad
1389 2129 1530 2176 onmia,

82 2182 124 2218 in
144 2194 240 2232 quae
258 2181 416 2219 humani
430 2185 578 2234 ingenii
597 2187 698 2220 acies
717 2191 917 2233 penetrare
937 2186 1083 2232 nequit.

253 2237 312 2276 Τί
340 2238 385 2277 δὲ
405 2238 542 2289 μέλλω
570 2237 702 2292 φρένα
729 2239 823 2278 ὁῖαν

249 2294 483 2349 Καθορᾷν,
507 2292 606 2345 ὄψιν
626 2293 826 2346 ἄβυσσον.

84 2345 156 2385 Cui
183 2349 306 2386 simile
338 2350 511 2389 divinum
533 2351 629 2388 illud
658 2353 701 2388 in
729 2352 869 2389 Psalm.
893 2350 1062 2388 XXXV.
1087 2353 1126 2391 7.
1155 2348 1208 2390 τὰ
1239 2347 1419 2405 κριῖιιατά
1449 2365 1524 2391 σου

84 2400 269 2453 ἄβυσσος
289 2403 433 2458 πολλή.
472 2409 555 2451 Quo
579 2408 623 2443 de
653 2421 793 2458 genere
813 2410 922 2458 plura
950 2410 1027 2446 alia
1047 2408 1094 2445 ad
1116 2421 1272 2446 manum
1301 2418 1412 2455 sunt,
1442 2412 1527 2458 qui-

85 2460 155 2497 bus
174 2473 276 2497 nune
295 2474 373 2498 non
399 2470 498 2500 utor.
528 2464 662 2501 WEss.

198 2517 302 2556 349.
334 2520 407 2558 61.
439 2516 654 2566 Ἀλπειόις
675 2519 769 2570 Reg.
791 2520 892 2568 quod
914 2526 1093 2567 praestat.
1135 2520 1223 2557 Vid.
1246 2521 1395 2558 Aelian.
1416 2519 1521 2556 le.

83 2570 132 2608 H.
161 2571 207 2609 A.
228 2574 303 2612 23.
323 2580 361 2610 et
390 2574 550 2624 Appiau.
582 2576 610 2612 1.
634 2576 676 2613 B.
703 2575 815 2613 Civil.
846 2590 880 2625 p.
906 2578 1010 2616 (596.
1051 2576 1185 2613 WEss.

198 2630 305 2669 349.
329 2632 403 2670 62.
429 2630 562 2670 Πέντε
575 2628 775 2683 στόμασιν
798 2628 1101 2684 ἐξερευγόμενος
1122 2632 1177 2678 εἷς
1196 2629 1272 2683 τὴν
1286 2628 1525 2680 θάλασσαν]

84 2682 269 2734 Sequitur
305 2686 556 2734 inprudenter
593 2687 816 2736 Timaeum,
870 2689 1136 2725 adfirmantem
1180 2687 1409 2725 Rhodanum
1441 2699 1524 2723 esse

84 2737 389 2792 πεντάστομον,
418 2744 502 2780 iure
522 2751 721 2793 propterea
743 2747 973 2795 castigatum
993 2756 1016 2781 a
1037 2744 1214 2794 Polybio.
1241 2743 1382 2781 Strabo
1402 2742 1521 2780 L.1V.

87 2809 121 2846 p·
145 2799 250 2838 279.Γ
273 2797 317 2835 A.
352 2798 444 2850 περὶ
465 2798 510 2839 δὲ
536 2802 719 2840 τῶν·τοῦ
735 2795 937 2840 Ῥοδανοῦ
970 2796 1191 2852 στομάτων
1214 2796 1428 2848 Πολύβιος
1450 2796 1525 2849 μὲν
