1828 3253
432 190 496 230 IN
528 189 641 233 LIB.
669 189 753 230 XI.
780 189 911 230 CAP.
945 191 1082 233 79.-
1104 192 1178 233 83.
1461 194 1549 239 551

202 305 312 347 466
343 303 421 347 46.
465 301 554 348 Οὐκ
574 300 843 358 ἀπήντησαν]
876 303 962 343 Hoc
982 305 1175 353 retineas,
1205 317 1256 343 an
1280 300 1544 374 κατήντησαν

89 361 328 409 substituas,
356 374 436 400 non
455 374 636 413 magnum
657 375 793 412 operae
811 364 988 412 pretium.
1019 360 1156 399 Utitur
1178 368 1351 410 utroque.
1391 358 1544 401 Ἀπαν-

88 420 166 473 τᾷν
186 416 249 456 ἐπὶ
269 415 342 458 τὸν
362 415 565 471 θερισμὸν
584 417 627 455 L.
647 417 675 454 1.
704 419 778 458 36.
808 420 1018 474 καταντᾶν
1036 417 1092 464 εἷς
1114 414 1189 464 τὰς
1201 413 1386 468 Ἀθήνας
1408 417 1450 458 L.
1475 418 1539 456 IV.

89 475 162 514 60.
192 481 306 524 atque
334 476 431 513 alias
454 486 577 523 saepe.
622 474 719 512 Vide
741 474 902 512 Miscell.
926 460 1128 512 Observat.
1180 474 1266 512 Vol.
1288 473 1342 512 Χ.
1371 488 1409 524 p.
1432 476 1540 516 209.

85 529 221 569 wzss.

196 587 305 628 466.
333 585 406 627 54.
446 581 678 633 Κινδῦνους
698 581 1043 639 υποστήσεσθαι]
1084 581 1315 633 Κινδῦνους
1339 582 1414 638 οὐχ
1435 582 1537 627 ὓπο-

83 637 316 710 στήσεσθαι
357 645 505 710 inserta
542 643 711 694 negandi
737 644 926 692 particula
964 645 1147 692 scriptum
1177 643 1356 680 arbitror.
1396 642 1533 682 Rflon.

80 693 313 746 Κινδύνους
339 696 414 750 οὐχ
430 694 773 752 ὑποστήσεσθαι]
821 700 931 744 Quod
951 701 1082 737 abesse
1103 698 1271 751 negandi
1292 702 1430 737 vocula
1448 703 1532 738 sine

81 756 300 793 certissimo
319 759 534 794 sententiae
554 756 784 794 detrimento
805 755 905 794 haud
925 763 1077 807 posset,
1100 755 1381 803 revocandam,
1407 764 1451 793 ut
1470 757 1533 795 vir

80 811 326 849 doctissimus
356 819 580 861 censuerat,
611 815 789 864 opinatus
816 827 912 851 sum.
968 812 1100 851 Genus
1129 811 1312 863 loquendi
1342 811 1457 850 habes
1486 812 1530 851 L.

81 866 175 907 XII.
199 869 274 909 61.
299 867 434 906 Wssss.

189 924 300 965 466.
329 925 401 966 56.
444 922 533 978 Τὴν
562 923 604 964 ἓν
630 927 690 965 τῶ
721 923 886 980 πολέμῳ
917 921 1061 976 τάξιν]
1115 924 1305 965 Ordinem
1329 927 1528 977 inpugna

77 980 336 1019 adtributum.
377 980 500 1031 Saepe
519 968 696 1034 πόλεμος
726 982 773 1020 de
798 984 941 1034 praelio
965 990 1003 1020 et
1023 982 1150 1020 caede.
1185 980 1333 1031 loseph.
1355 981 1421 1018 Ill.
1447 981 1528 1020 Bel.

74 1034 158 1075 Iud
178 1039 221 1078 2
244 1039 287 1078 2.
310 1032 506 1089 ςΡωμαῖοι
537 1036 579 1078 δ
613 1037 656 1079 ἐν
683 1043 774 1085 ταῖς
795 1037 1052 1105 εὐπραμάις,
1082 1037 1226 1106 καίπερ
1251 1035 1365 1084 ὀντες
1384 1035 1527 1090 ὀλίγοι,

73 1094 134 1132 τῶ
163 1091 329 1147 πολέμῳ
357 1093 425 1132 καὶ
447 1109 698 1147 περισσευειν
730 1097 841 1163 σφᾶς
860 1092 1012 1142 αὐτους
1030 1091 1275 1146 ὖπελάμβαν
1279 1109 1337 1134 ον.
1383 1093 1528 1132 Noster

73 1134 122 1189 L.
138 1148 250 1188 XIII.
270 1150 344 1190 79.
370 1148 501 1197 πολυς
529 1149 681 1204 ἐγένετο
699 1147 899 1203 πόλεμος,
931 1147 1126 1192 ἁπάντων
1155 1149 1336 1204 ἀφειδῶς
1357 1148 1408 1190 τὰ
1438 1147 1525 1190 σώ-

72 1220 190 1257 ματα
229 1210 316 1253 τοῖς
344 1203 545 1254 κινδύνοις
576 1204 960 1262 παραρῥιπτόντων.
1008 1210 1128 1254 Quem
1156 1210 1264 1245 vocis
1294 1220 1404 1246 usum
1432 1208 1524 1255 quia

71 1262 246 1312 pluribus
265 1275 286 1299 e
312 1260 487 1300 Diodoro
505 1263 717 1302 declaravit
734 1264 784 1304 Is.
809 1263 1020 1302 Casaubon.
1042 1268 1082 1302 in
1102 1264 1239 1315 Polyb.
1262 1263 1292 1303 1,
1322 1265 1388 1304 12.
1381 1291 1403 1310 .,
1435 1271 1523 1301 tan-

72 1325 154 1356 tum
177 1317 338 1366 addam,
365 1319 467 1368 quod
487 1333 610 1369 neque
629 1322 697 1358 ille
717 1322 934 1370 praeteriit,
962 1321 1101 1359 bellum
1130 1323 1213 1369 pari
1236 1319 1521 1371 significatione

70 1372 221 1413 Latinis
249 1373 352 1413 haud
380 1389 462 1413 esse
490 1379 677 1428 ignotum.
728 1377 897 1414 Iustinus
919 1377 966 1415 II.
988 1379 1033 1419 4.
1064 1377 1113 1415 ab
1135 1378 1302 1415 auxiliis
1334 1377 1522 1414 desertae

69 1430 169 1469 bello
189 1431 238 1469 ab
248 1431 555 1471 Atheniensibus
572 1435 797 1471 vincuntur.
831 1433 884 1471 Et
902 1447 984 1484 cap.
1001 1435 1040 1474 5.
1062 1434 1188 1473 Ionas
1208 1446 1360 1485 quoque
1380 1433 1524 1472 navali

70 1487 169 1526 bello
199 1495 388 1541 superat,
425 1491 480 1526 sic
506 1492 607 1527 enim
636 1489 956 1539 Franequeranus
986 1492 1108 1528 bonae
1138 1497 1252 1528 notae
1280 1488 1401 1538 liber,
1439 1502 1520 1526 ιιοιι

59 1545 248 1597 praeliO,
276 1547 334 1582 uti
364 1546 495 1595 vulgo.
523 1545 600 1584 Sed
623 1547 711 1584 vide
741 1545 992 1585 Stewichium
1012 1550 1055 1585 in
1082 1547 1216 1598 Veget.
1236 1545 1279 1584 1..
1303 1545 1352 1583 II.
1379 1545 1449 1586 13.
1481 1552 1520 1584 et

70 1599 243 1638 Cortium
264 1601 313 1639 ad
335 1599 510 1640 Sallustii
528 1601 640 1640 Catil.
661 1616 694 1640 c.
715 1604 756 1643 9.
786 1603 920 1641 Wess.

182 1659 291 1698 466.
325 1659 399 1698 60.
435 1658 519 1697 Καὶ
540 1656 647 1698 κατὰ
679 1655 830 1712 κράτος
853 1657 1128 1712 περιεγένετο]
1167 1658 1272 1697 Usus
1292 1657 1519 1710 Myronides

67 1715 188 1752 variis
205 1714 353 1751 artibus
373 1720 453 1762 est,
480 1722 524 1752 ut
542 1714 670 1752 hostes
692 1717 858 1753 militum
878 1728 1036 1753 numero
1058 1719 1226 1765 potiores
1248 1715 1442 1762 eluderet,
1469 1715 1517 1752 de

66 1769 204 1821 quibus
234 1770 419 1820 Polyaen.
457 1771 503 1809 de
542 1770 774 1823 Stratagem.
805 1771 836 1810 1.
867 1773 943 1812 35.
976 1778 1015 1810 et
1038 1771 1251 1810 Frontinus
1277 1771 1325 1809 Il.
1353 1772 1398 1812 4.
1429 1774 1517 1821 11.,

65 1825 132 1865 IV.
154 1828 193 1867 7.
216 1828 291 1867 21.
317 1826 453 1864 WEss.

61 1938 114 1979 W
177 1883 288 1925 467.
317 1885 391 1925 78.
415 1878 613 1931 Ἑλλάδος
632 1878 798 1937 ἁπάσης
817 1879 1041 1938 ἡγεμόνες]
1082 1883 1189 1934 ,Vide
1219 1885 1343 1937 princ.
1359 1882 1404 1921 L.
1422 1881 1515 1922 XV.

117 1949 204 1977 Ess.

175 1996 284 2037 467.
317 1995 390 2037 85.
433 1991 656 2050 Τάναγραν
683 1994 760 2047 μὲν
786 1991 1138 2050 ἐκπολιορκήσας]
1166 1997 1262 2035 Post
1280 2009 1448 2048 pugnam
1467 1995 1518 2033 ad.

64 2051 295 2104 Oenophyta
315 2051 566 2104 Thucydides
597 2053 628 2091 I.
652 2055 754 2094 108.
776 2052 995 2104 Tanagram
1028 2055 1150 2091 muris
1178 2053 1360 2090 nudatam
1381 2053 1516 2100 refert,

62 2111 203 2158 prioris
223 2106 374 2162 pugnae
396 2110 592 2148 mentione
611 2111 801 2163 neglecta.
826 2110 924 2149 Vide
942 2109 1095 2149 Platon.
1116 2108 1321 2149 Menexen.
1342 2122 1379 2159 p.
1403 2109 1513 2150 242.

61 2164 108 2206 Β.
141 2165 283 2204 Wnss.

175 2222 283 2263 467.
304 2223 380 2263 93.
402 2217 480 2261 Ἔν
505 2217 754 2277 Οἰνοφύτοις
772 2224 848 2275 τῆς
867 2220 1104 2275 Βοιωτίας]
1143 2221 1194 2262 In
1219 2223 1365 2261 vinetis
1381 2220 1515 2259 Boeo-

63 2280 146 2316 tiae
168 2278 418 2329 inprudenter
427 2277 740 2317 Rhodomannus.
770 2278 864 2317 Loci
879 2292 1018 2317 nomen
1039 2287 1109 2317 est.
1138 2278 1330 2317 Aristides
1348 2277 1514 2316 Panath.

62 2347 100 2384 p
128 2336 237 2375 272.
276 2332 361 2374 ἀλλ’
403 2330 675 2388 ἡττηθέντες,
715 2335 891 2383 Boeotii,
926 2350 968 2374 εν
1000 2331 1250 2389 Οἷνοφυτοις
1280 2330 1512 2385 ἱπέκυψαν.

63 2390 293 2428 Plutarchus
315 2389 362 2428 T.
385 2390 436 2431 11.
467 2405 502 2462 p.
524 2393 631 2432 345.
656 2391 703 2429 D.
732 2391 800 2431 καὶ
820 2390 1081 2444 Μυρωνίδην
1100 2406 1278 2432 νικωντα
1301 2387 1514 2437 Βοιωτοὺς

62 2461 106 2486 εν
140 2441 387 2500 Οινοφυτοις
414 2463 482 2487 και
514 2447 774 2501 Θουκυδίδης
804 2447 870 2488 σοὶ
898 2446 1206 2502 διαγέγραπται·
1235 2449 1374 2499 quibus
1396 2450 1514 2499 iunge

65 2502 196 2541 Schol.
223 2505 266 2541 in
284 2503 479 2553 Aristoph.
501 2503 704 2555 Lysistrat.
723 2519 761 2543 v.
786 2507 889 2545 802.
917 2505 1058 2542 WEss.

177 2560 285 2600 467.
318 2562 358 2600 l.
400 2560 473 2607 Εις
495 2558 568 2613 τὴν
595 2560 870 2613 Φαρσαλίαν]
910 2560 1014 2599 Haec
1044 2573 1124 2599 vox
1148 2558 1398 2615 Φαρσαλίαν
1419 2559 1515 2598 mihi

65 2623 241 2665 suspecta
258 2623 327 2653 est.
369 2616 468 2655 Nam
489 2629 536 2653 ex
555 2619 618 2664 iis,
640 2630 735 2666 quae
757 2626 980 2665 sequuntur,
1007 2625 1112 2666 patet
1137 2616 1397 2669 Myroniclem,
1427 2622 1514 2666 post

65 2672 238 2710 devictos
256 2672 409 2710 tandem
419 2673 635 2711 Phocenses
656 2676 699 2712 in
710 2673 951 2712 Thessaliam
971 2680 1207 2724 penetrasse,
1226 2675 1293 2711 ubi
1312 2681 1371 2710 est
1383 2672 1514 2710 Phar·-

65 2730 196 2776 salus,
220 2735 258 2765 et
277 2731 399 2777 ipsam
425 2729 654 2768 Pharsalum·
680 2731 812 2768 urbem
833 2730 1033 2768 obsidione
1052 2732 1235 2768 cinxisse.
1280 2728 1382 2766 Tum
1410 2732 1513 2775 inter

67 2783 259 2835 Opuntios
280 2792 318 2822 et
337 2785 574 2823 Pharsaliam
592 2789 785 2825 intersunt
805 2786 1076 2835 Epicnemidii,
1093 2786 1390 2836 Thermopylae,
1412 2778 1513 2822 Tra·

68 2840 189 2880 chinii
207 2848 246 2880 et
264 2841 481 2890 Phthiotae,
499 2841 696 2891 dequibus
717 2843 790 2882 hoc
810 2844 895 2883 loco
917 2843 1028 2882 nihil.
1055 2842 1170 2882 Forte
1192 2845 1398 2892 scripserat
1416 2840 1513 2880 Dio-
