1828 3253
295 66 389 108 416
757 63 1284 106 ANNOTATIONES

409 177 514 217 311.
548 177 621 217 69.
650 175 832 229 ΖΙἸικροΐς
854 177 913 216 St.
931 191 979 217 m.
998 178 1055 216 Cl.
1076 177 1117 216 C.
1139 177 1191 216 M.
1219 178 1319 228 quod
1339 181 1490 228 verius,
1517 179 1737 231 probatum-

298 247 371 285 pue
389 247 411 271 a
433 232 586 270 Cluver.
613 232 693 271 Sic.
718 234 762 270 A.
787 234 829 271 L.
853 234 899 271 11.
932 247 966 302 p.
984 236 1087 275 503.
1126 235 1174 272 W
1179 247 1258 273 Ess.

412 291 517 329 341.
551 291 622 329 82.
644 283 693 328 ‘O
713 287 748 328 δ’
772 287 874 341 ditio
899 289 1028 342 αἰτῇς
1051 289 1267 331 ἀναπεσὼν
1288 306 1344 338 ως
1361 289 1516 344 νοσῶν]
1539 290 1598 331 De
1620 291 1738 331 Tiba-

296 348 402 385 renis
421 346 598 395 Apollon.
619 344 744 385 Rhod.
767 345 813 383 11.
838 348 970 387 1013.
1001 349 1140 385 similia
1161 350 1285 397 plane.

342 399 459 441 ’'Eva‘’
481 400 564 440 ἐπεὶ
586 398 637 455 fio
658 417 700 441 κε
720 400 914 442 τέκωνται
934 398 1000 442 {71
1026 398 1197 456 ἀνδράσι
1217 402 1308 443 τὲκν
1312 419 1337 442 α
1357 408 1559 457 γυναῖκες,

351 455 489 498 Αὐτοὶ
507 456 583 508 μὲν
605 454 869 509 στενάχουσιν
890 458 946 498 ἐνὶ
966 458 1143 511 λεχέεσσι
1163 457 1358 508 πεσόντες

353 509 531 565 Kadara
559 510 795 565 δησάμενοι.

299 571 406 617 Quae
425 569 561 607 Latina
582 583 630 606 ex
654 577 761 619 parte
779 572 872 609 fecit
890 571 1016 609 Valer.
1035 571 1197 610 Flaccus
1218 572 1262 611 V.
1286 573 1387 614 150.

358 647 408 655 —-
470 647 518 654 —
583 626 662 665 Ubi
689 628 821 665 deside
850 628 973 665 mitra

356 683 485 720 Foeta
509 683 632 732 ligat,
659 690 865 735 partuque
897 686 1025 721 virum
1042 684 1170 731 fovet
1196 687 1285 737 ipsa
1314 685 1454 723 soluto.

297 738 426 777 Habet
449 742 562 776 etiam
586 739 725 776 Strabo
756 740 801 776 de
830 742 1008 791 gentibus
1037 742 1085 778 ad
1115 744 1425 791 septemtrionem
1456 740 1617 789 positis,
1643 751 1740 790 quae

297 797 505 834 ridiculum
525 795 625 832 hunc
644 809 789 832 morem
806 796 960 833 firmant
989 796 1031 833 L.
1049 797 1114 834 Ill.
1148 811 1183 847 p.
1204 799 1311 837 250.
1330 798 1374 834 A.
1403 797 1540 836 VVESS.

411 853 517 892 341.
553 854 625 891 86.
680 850 793 891 Μέλι
827 874 876 880 —-
906 854 1118 899 παντελῶς
1148 853 1301 905 γίνεται
1332 850 1503 904 πικρὸν]
1550 852 1739 901 Virgilius

297 908 432 959 Eclog.
453 907 525 944 IX.
546 909 618 947 30.
648 907 721 945 ‘Sic
752 913 822 945 tua
854 909 1059 959 Cyrnaeas
1076 909 1254 959 fugiant
1280 911 1466 947 examina
1497 916 1626 946 taxos.
1663 906 1741 944 Ubi

300 965 483 1011 Servius,
516 964 653 1002 Tarus
674 973 873 1002 venenata
902 965 1025 1002 arbor
1053 973 1132 1013 est,
1164 980 1266 1017 quae
1296 967 1475 1004 abundat
1500 967 1539 1002 in
1563 964 1740 1001 Corsica.

298 1021 416 1060 Haec
435 1027 567 1058 autem
588 1022 717 1058 insula
736 1022 892 1059 Graece
918 1022 1045 1072 Cyrne
1067 1024 1215 1061 dicitur
1232 1037 1258 1059 a
1285 1023 1412 1073 Cyrno
1438 1021 1740 1068 Herculisfilio,

297 1078 401 1116 unde
415 1077 530 1124 fecit
560 1077 663 1116 lianc
690 1079 976 1116 derivationem
1008 1077 1202 1128 Cyrnaeas
1223 1087 1344 1116 taxos.
1375 1081 1399 1116 i.
1421 1092 1453 1116 e.
1487 1078 1739 1123 Cor-sicanas,

297 1135 436 1187 quibus
446 1140 597 1185 pastae
614 1147 711 1186 apes
730 1136 809 1172 mel
824 1137 1115 1172 amarissimum
1124 1136 1305 1182 faciant.
1338 1135 1472 1172 Wnss.

408 1191 512 1230 311.
546 1191 619 1230 91
661 1192 732 1229 Tc&
752 1189 827 1240 μὲν
845 1189 1010 1243 μεγέθει
1030 1188 1225 1241 παοαπλᾋ
1206 1206 1318 1242 ησιος
1336 1194 1386 1244 τῇ
1409 1187 1596 1245 Σικελία]
1632 1187 1740 1225 Rho-

296 1246 398 1285 dom.
432 1253 667 1293 vertentem,
697 1247 879 1284 Siciliam
899 1226 1172 1296 magnitudine
1201 1250 1456 1299 adaequans,
1495 1231 1741 1295 reprehendit

295 1302 365 1340 Ph.
394 1301 546 1340 Cluv.er
574 1301 617 1340 L.
638 1303 667 1342 I.
703 1303 813 1340 Sicil.
833 1303 878 1340 Α.
909 1318 943 1353 p.
968 1305 1065 1343 57.·
1057 1332 1066 1351 ,
1110 1304 1151 1340 id
1180 1308 1281 1341 enim
1311 1306 1481 1341 noluisse
1512 1301 1740 1348 Diodorum,

295 1360 362 1397 sed
383 1358 615 1397 Sardiniam
632 1359 734 1406 fere
755 1373 932 1410 aequare
953 1362 1226 1410 magnitudine
1253 1360 1447 1397 Siciliam.
1477 1356 1549 1395 Cui
1567 1357 1739 1405 adstipu-

293 1414 366 1453 l'or.
412 1411 718 1468 Παραπλήσιος
745 1417 784 1453 id
805 1416 906 1466 quod
927 1418 1052 1454 simile
1081 1424 1161 1464 est,
1192 1417 1265 1453 etsi
1292 1429 1370 1453 non
1394 1427 1541 1464 semper
1568 1415 1672 1451 omni
1691 1425 1740 1450 ex

293 1478 425 1523 parte,
454 1474 648 1521 exprimit.
679 1472 815 1510 WEss.

410 1529 517 1567 341.
551 1529 624 1567 94.
665 1526 828 1568 ’Όντων
854 1524 994 1567 αὐτῶν
1023 1529 1189 1568 πολλῶν
1219 1525 1262 1568 ἐκ
1289 1527 1396 1579 τῶν]
1436 1526 1653 1565 Adstruunt
1674 1524 1738 1562 his

294 1586 428 1634 scripti
450 1583 568 1621 Codd.
604 1582 786 1624 Θεσπίου
810 1591 876 1621 aut
899 1583 1091 1624 Θεσπίων
1110 1586 1360 1633 vocabulum,
1392 1584 1563 1633 mihique
1581 1596 1737 1633 persua-

295 1640 409 1687 dent,
443 1643 609 1690 quinque
636 1641 729 1678 haec
753 1642 942 1678 vocabula
962 1642 1009 1678 ab
1043 1640 1114 1679 hoc
1138 1643 1222 1679 loco
1253 1655 1334 1678 esse
1355 1643 1503 1688 aliena,
1530 1646 1569 1676 et
1590 1642 1632 1676 in
1651 1653 1738 1676 eum

291 1697 542 1746 inprudenter
559 1699 751 1734 inculcata
771 1710 820 1734 ex
839 1699 1015 1746 sequenti
1034 1712 1161 1736 versu.
1193 1698 1312 1735 Aufer
1332 1711 1388 1744 ea,
1414 1704 1453 1733 et
1470 1699 1607 1744 oratio,
1633 1708 1737 1732 nunc

293 1766 427 1803 aspera
448 1760 486 1790 et
506 1753 699 1802 inpedita,
738 1766 816 1791 uno
836 1755 988 1802 lenique
1010 1761 1143 1791 tenore
1170 1755 1358 1791 decurret.
1382 1754 1516 1790 WVESS.

404 1811 509 1849 312.
545 1810 586 1848 3.
622 1807 733 1856 Τους
752 1808 828 1859 μὲν
856 1807 984 1856 λαους
1015 1808 1084 1863 ἀφ’
1114 1806 1263 1850 ἑαυτοῖ
1285 1824 1456 1862 ποοσηγ.
1484 1805 1736 1858 Ἰολαείους]

292 1864 435 1903 Confer
455 1866 496 1904 L.
511 1866 574 1903 IV.
599 1867 695 1913 30.
725 1866 793 1903 ubi
813 1867 922 1913 plura
940 1866 986 1903 de
1007 1866 1076 1903 hac
1097 1868 1260 1903 colonia.
1291 1866 1426 1905 Wnss.

406 1923 511 1962 342.
542 1922 581 1961 5.
608 1920 729 1975 Ποός
749 1920 842 1971 βίον
862 1919 959 1961 ἀνθ.
981 1920 1219 1973 εὗὸυιμονα,
1247 1921 1303 1961 ὡι
1322 1916 1633 1973 ὗπομνηματα]
1668 1919 1736 1957 Sic

292 1980 467 2027 scripsit:
499 1980 730 2026 superabant
750 1985 884 2014 tenues
903 1980 1087 2027 reliquiae
1108 1981 1249 2016 veteris
1266 1979 1450 2015 ubertatis
1471 1985 1508 2014 et
1526 1978 1736 2023 felicitatis,

291 2035 474 2084 quaedam
495 2041 691 2082 praeterea
711 2035 855 2071 indicia
879 2047 1031 2081 eorum,
1058 2047 1153 2084 quae
1175 2034 1301 2071 Iolaus
1319 2035 1513 2071 ferebatur
1533 2047 1600 2083 per
1622 2035 1734 2069 insu-

290 2092 367 2128 lam
391 2094 600 2137 excitasse,
624 2102 859 2140 quorumque
883 2092 1058 2128 meminit
1077 2091 1305 2128 Aristoteles
1326 2089 1550 2127 Admirand.
1576 2103 1612 2140 p.
1628 2090 1732 2129 726.

291 2155 328 2184 et
350 2148 560 2184 Pausanias
578 2146 631 2183 X.
659 2149 726 2187 17.
765 2146 899 2184 WVESS.

403 2204 510 2242 342.
545 2205 614 2243 18.
639 2200 842 2256 ’Έτρεφον
862 2200 1017 2249 πολλὰς
1040 2199 1188 2255 ἀγέλας
1215 2197 1523 2254 βοσκημάτων]
1551 2201 1734 2238 Abunda-

290 2259 383 2296 bant
405 2260 446 2295 in
475 2260 604 2296 insula
627 2261 788 2306 arietes,
818 2259 884 2307 qui
908 2260 1019 2296 lanae
1039 2260 1125 2296 loco
1156 2261 1353 2309 caprinum
1381 2260 1519 2296 villum
1546 2258 1733 2304 ferebant,

289 2318 506 2364 victumque
534 2322 572 2351 et
607 2317 791 2353 vestitum
823 2315 958 2352 Sardis
994 2316 1148 2352 uberem
1179 2315 1473 2361 ministrabant,
1509 2314 1733 2352 Masmones

289 2371 471 2421 adpellati
493 2373 534 2408 in
559 2370 738 2408 Strabon.
761 2371 803 2408 L.
826 2371 870 2408 V.
893 2385 927 2421 p.
952 2372 1058 2411 344.
1093 2372 1242 2417 Vestis,
1273 2383 1367 2419 quae
1385 2373 1493 2422 genti
1513 2377 1732 2417 mastruca,

289 2439 474 2476 quamque
505 2425 766 2478 Hieronymus
791 2429 1038 2478 perstringit,
1066 2429 1255 2477 principio
1285 2428 1375 2463 libri
1405 2430 1445 2464 in
1465 2427 1729 2464 Luciferianos

289 2484 474 2529 scribens,
501 2496 574 2520 nec
594 2484 637 2520 ob
659 2483 880 2521 Sardorum
901 2489 1052 2521 tantum
1067 2490 1310 2520 mastrucam
1329 2483 1410 2520 Dei
1416 2484 1550 2530 filium
1570 2484 1730 2521 descen-

288 2542 414 2586 disse,
442 2540 586 2585 vestis,
614 2542 791 2589 inquam,
822 2552 869 2576 ex
896 2553 1137 2577 musmonum
1173 2540 1336 2589 pellibus
1366 2546 1549 2586 consuta,
1585 2539 1626 2576 id
1655 2539 1729 2576 sibi

288 2598 482 2644 proprium
516 2595 700 2642 habebat,
727 2603 771 2632 ut
796 2594 918 2632 hieme
945 2597 1192 2643 calefaceret,
1218 2602 1362 2633 aestate
1392 2596 1664 2647 refrigeraret,
1694 2595 1727 2631 si

288 2653 447 2688 Aeliano
470 2652 515 2688 de
535 2651 700 2689 Animal.
721 2650 764 2688 L.
780 2651 888 2689 XVI.
912 2652 985 2694 34.
1014 2652 1109 2691 fides
1128 2658 1198 2690 est.
1227 2652 1336 2691 Adde
1355 2651 1476 2690 Hadr.
1503 2651 1725 2690 Turnebum

288 2707 330 2745 L.
354 2707 448 2745 XX.
480 2708 644 2747 Advers.
667 2721 700 2746 c.
717 2708 761 2748 9.
793 2707 932 2746 WEss.
