<?xml version="1.0" encoding="UTF-8"?>
<!DOCTYPE html PUBLIC "-//W3C//DTD XHTML 1.0 Transitional//EN"
    "http://www.w3.org/TR/xhtml1/DTD/xhtml1-transitional.dtd">
<html xmlns="http://www.w3.org/1999/xhtml" xml:lang="en" lang="en">
 <head>
  <title>
</title>
<meta http-equiv="Content-Type" content="text/html;charset=utf-8" />
  <meta name='ocr-system' content='tesseract 3.04.00' />
  <meta name='ocr-capabilities' content='ocr_page ocr_carea ocr_par ocr_line ocrx_word'/>
</head>
<body>
  <div class='ocr_page' id='page_1' title='image "./bibliothecahisto04dioduoft_0495.png"; bbox 0 0 1828 3253; ppageno 0'>
   <div class='ocr_carea' id='block_1_1' title="bbox 492 135 1532 177">
    <p class='ocr_par' dir='ltr' id='par_1_1' title="bbox 492 135 1532 177">
     <span class='ocr_line' id='line_1_1' title="bbox 492 135 1532 177; baseline 0.002 -2"><span class='ocrx_word' id='word_1_1' title='bbox 492 138 554 175; x_wconf 88' lang='grc' dir='ltr'><strong>ΙΝ</strong></span> <span class='ocrx_word' id='word_1_2' title='bbox 588 135 698 174; x_wconf 70' lang='lat' dir='ltr'><strong>[AB.</strong></span> <span class='ocrx_word' id='word_1_3' title='bbox 730 138 773 175; x_wconf 73' lang='lat' dir='ltr'><strong>V.</strong></span> <span class='ocrx_word' id='word_1_4' title='bbox 811 136 934 174; x_wconf 77' lang='lat' dir='ltr'><strong>CAP.</strong></span> <span class='ocrx_word' id='word_1_5' title='bbox 972 138 1043 176; x_wconf 82' lang='lat'><strong>70.</strong></span> <span class='ocrx_word' id='word_1_6' title='bbox 1080 138 1150 176; x_wconf 78' lang='lat'><strong>71.</strong></span> <span class='ocrx_word' id='word_1_7' title='bbox 1441 137 1532 177; x_wconf 72' lang='lat'><strong>4139</strong></span> 
     </span>
    </p>
   </div>
   <div class='ocr_carea' id='block_1_2' title="bbox 67 245 1530 2538">
    <p class='ocr_par' dir='ltr' id='par_1_2' title="bbox 89 245 1530 466">
     <span class='ocr_line' id='line_1_2' title="bbox 206 245 1530 301; baseline -0.002 -12"><span class='ocrx_word' id='word_1_8' title='bbox 206 251 313 290; x_wconf 89' lang='grc'><strong>387.</strong></span> <span class='ocrx_word' id='word_1_9' title='bbox 354 249 428 290; x_wconf 89' lang='grc'><strong>30.</strong></span> <span class='ocrx_word' id='word_1_10' title='bbox 463 248 662 301; x_wconf 75' lang='grc' dir='ltr'><em>Αἷγιόχον</em></span> <span class='ocrx_word' id='word_1_11' title='bbox 693 246 1066 300; x_wconf 55' lang='grc' dir='ltr'><strong>ἐπονομασθέντα]</strong></span> <span class='ocrx_word' id='word_1_12' title='bbox 1104 245 1262 285; x_wconf 83' lang='lat' dir='ltr'>Certant</span> <span class='ocrx_word' id='word_1_13' title='bbox 1281 248 1530 287; x_wconf 66' lang='lat' dir='ltr'><strong>(li-armnatici</strong></span> 
     </span>
     <span class='ocr_line' id='line_1_3' title="bbox 92 304 1527 356; baseline 0.001 -15"><span class='ocrx_word' id='word_1_14' title='bbox 92 306 138 341; x_wconf 90' lang='lat' dir='ltr'><strong>de</strong></span> <span class='ocrx_word' id='word_1_15' title='bbox 158 307 261 342; x_wconf 89' lang='lat' dir='ltr'><strong>tituli</strong></span> <span class='ocrx_word' id='word_1_16' title='bbox 281 308 443 356; x_wconf 83' lang='lat' dir='ltr'><strong>origine,</strong></span> <span class='ocrx_word' id='word_1_17' title='bbox 472 307 547 342; x_wconf 85' lang='lat' dir='ltr'><strong>alia</strong></span> <span class='ocrx_word' id='word_1_18' title='bbox 569 312 681 354; x_wconf 83' lang='lat' dir='ltr'><strong>atque</strong></span> <span class='ocrx_word' id='word_1_19' title='bbox 702 307 796 351; x_wconf 85' lang='lat' dir='ltr'><strong>alia,</strong></span> <span class='ocrx_word' id='word_1_20' title='bbox 827 312 870 341; x_wconf 88' lang='lat' dir='ltr'><strong>ut</strong></span> <span class='ocrx_word' id='word_1_21' title='bbox 887 305 930 340; x_wconf 80' lang='lat' dir='ltr'><strong>fit</strong></span> <span class='ocrx_word' id='word_1_22' title='bbox 952 307 989 341; x_wconf 88' lang='lat' dir='ltr'><strong>in</strong></span> <span class='ocrx_word' id='word_1_23' title='bbox 1009 304 1158 350; x_wconf 73' lang='lat' dir='ltr'><strong>dubiis,</strong></span> <span class='ocrx_word' id='word_1_24' title='bbox 1190 305 1418 341; x_wconf 77' lang='lat' dir='ltr'><strong>adferentes.</strong></span> <span class='ocrx_word' id='word_1_25' title='bbox 1466 305 1527 343; x_wconf 84' lang='lat' dir='ltr'><strong>&#39;l&#39;u</strong></span> 
     </span>
     <span class='ocr_line' id='line_1_4' title="bbox 89 358 1523 412; baseline -0.001 -14"><span class='ocrx_word' id='word_1_26' title='bbox 89 361 177 398; x_wconf 90' lang='lat' dir='ltr'><strong>vide</strong></span> <span class='ocrx_word' id='word_1_27' title='bbox 206 361 426 412; x_wconf 84' lang='lat' dir='ltr'><strong>Etymolog.</strong></span> <span class='ocrx_word' id='word_1_28' title='bbox 457 375 494 398; x_wconf 85' lang='lat' dir='ltr'><strong>v.</strong></span> <span class='ocrx_word' id='word_1_29' title='bbox 524 360 596 399; x_wconf 87' lang='grc' dir='ltr'><strong>4ι</strong></span> <span class='ocrx_word' id='word_1_30' title='bbox 587 375 721 412; x_wconf 76' lang='grc' dir='ltr'><strong><em>ιοχος</em></strong></span> <span class='ocrx_word' id='word_1_31' title='bbox 758 368 795 397; x_wconf 81' lang='lat' dir='ltr'><strong>et</strong></span> <span class='ocrx_word' id='word_1_32' title='bbox 822 360 854 396; x_wconf 84' lang='lat' dir='ltr'><strong>E</strong></span> <span class='ocrx_word' id='word_1_33' title='bbox 859 374 884 396; x_wconf 88' lang='grc' dir='ltr'><strong><em>ι·</em></strong></span> <span class='ocrx_word' id='word_1_34' title='bbox 881 359 1065 396; x_wconf 73' lang='lat' dir='ltr'><strong>xtosthen.</strong></span> <span class='ocrx_word' id='word_1_35' title='bbox 1093 358 1349 397; x_wconf 71' lang='lat' dir='ltr'><strong>Catastmism.</strong></span> <span class='ocrx_word' id='word_1_36' title='bbox 1381 375 1410 397; x_wconf 89' lang='lat' dir='ltr'><strong>c.</strong></span> <span class='ocrx_word' id='word_1_37' title='bbox 1437 363 1523 409; x_wconf 84' lang='lat'><strong>13.,</strong></span> 
     </span>
     <span class='ocr_line' id='line_1_5' title="bbox 89 394 1220 466; baseline -0.005 -12"><span class='ocrx_word' id='word_1_38' title='bbox 89 429 258 466; x_wconf 88' lang='lat' dir='ltr'><strong>quaeque</strong></span> <span class='ocrx_word' id='word_1_39' title='bbox 278 417 326 454; x_wconf 87' lang='lat' dir='ltr'><strong>ad</strong></span> <span class='ocrx_word' id='word_1_40' title='bbox 348 415 494 454; x_wconf 88' lang='lat' dir='ltr'><strong>Callim.</strong></span> <span class='ocrx_word' id='word_1_41' title='bbox 514 415 562 452; x_wconf 88' lang='lat' dir='ltr'><strong>H.</strong></span> <span class='ocrx_word' id='word_1_42' title='bbox 587 394 664 453; x_wconf 81' lang='lat' dir='ltr'><strong>lov.</strong></span> <span class='ocrx_word' id='word_1_43' title='bbox 687 431 725 455; x_wconf 86' lang='lat' dir='ltr'><strong>v.</strong></span> <span class='ocrx_word' id='word_1_44' title='bbox 753 418 826 455; x_wconf 87' lang='lat'><strong>39.</strong></span> <span class='ocrx_word' id='word_1_45' title='bbox 852 415 1055 464; x_wconf 62' lang='lat' dir='ltr'><strong>spanhem.</strong></span> <span class='ocrx_word' id='word_1_46' title='bbox 1086 415 1163 452; x_wconf 59' lang='lat' dir='ltr'><strong>Wr:</strong></span> <span class='ocrx_word' id='word_1_47' title='bbox 1168 426 1220 450; x_wconf 72' lang='lat' dir='ltr'><strong>ss.</strong></span> 
     </span>
    </p>

    <p class='ocr_par' dir='ltr' id='par_1_3' title="bbox 79 467 1525 858">
     <span class='ocr_line' id='line_1_6' title="bbox 200 467 1525 525; baseline -0.002 -13"><span class='ocrx_word' id='word_1_48' title='bbox 200 473 304 513; x_wconf 87' lang='lat'><strong>387.</strong></span> <span class='ocrx_word' id='word_1_49' title='bbox 332 473 403 512; x_wconf 91' lang='grc'><strong>33</strong></span> <span class='ocrx_word' id='word_1_50' title='bbox 429 471 504 518; x_wconf 66' lang='lat' dir='ltr'><em>‘J-Ig</em></span> <span class='ocrx_word' id='word_1_51' title='bbox 523 472 588 510; x_wconf 70' lang='grc' dir='ltr'><strong>ἕκ7</strong></span> <span class='ocrx_word' id='word_1_52' title='bbox 593 474 711 525; x_wconf 57' lang='lat' dir='ltr'><strong>wlffi-</strong></span> <span class='ocrx_word' id='word_1_53' title='bbox 697 472 839 522; x_wconf 71' lang='grc' dir='ltr'><em>ἴσης·</em></span> <span class='ocrx_word' id='word_1_54' title='bbox 827 471 868 510; x_wconf 71' lang='grc' dir='ltr'><strong><em>ἒι</em></strong></span> <span class='ocrx_word' id='word_1_55' title='bbox 890 477 974 517; x_wconf 74' lang='grc' dir='ltr'><strong>τοῖς</strong></span> <span class='ocrx_word' id='word_1_56' title='bbox 995 468 1165 522; x_wconf 61' lang='grc' dir='ltr'>ὅστεροὶ</span> <span class='ocrx_word' id='word_1_57' title='bbox 1189 467 1374 520; x_wconf 73' lang='grc' dir='ltr'><strong><em>νοόιοις]</em></strong></span> <span class='ocrx_word' id='word_1_58' title='bbox 1419 472 1525 510; x_wconf 87' lang='lat' dir='ltr'><strong>Inter</strong></span> 
     </span>
     <span class='ocr_line' id='line_1_7' title="bbox 87 527 1516 578; baseline -0.001 -13"><span class='ocrx_word' id='word_1_59' title='bbox 87 529 199 566; x_wconf 85' lang='lat' dir='ltr'><strong>urbes</strong></span> <span class='ocrx_word' id='word_1_60' title='bbox 225 527 357 565; x_wconf 81' lang='lat' dir='ltr'>Cretae</span> <span class='ocrx_word' id='word_1_61' title='bbox 377 527 478 564; x_wconf 80' lang='lat' dir='ltr'><strong>Mela</strong></span> <span class='ocrx_word' id='word_1_62' title='bbox 500 528 546 564; x_wconf 89' lang='grc' dir='ltr'><strong>ΙΙ.</strong></span> <span class='ocrx_word' id='word_1_63' title='bbox 569 530 609 567; x_wconf 97' lang='grc'><strong>7.</strong></span> <span class='ocrx_word' id='word_1_64' title='bbox 637 529 708 568; x_wconf 77' lang='grc'><strong>84.</strong></span> <span class='ocrx_word' id='word_1_65' title='bbox 739 528 994 578; x_wconf 69' lang='lat' dir='ltr'><strong>Dactyunam,</strong></span> <span class='ocrx_word' id='word_1_66' title='bbox 1020 535 1058 563; x_wconf 88' lang='lat' dir='ltr'><strong>et</strong></span> <span class='ocrx_word' id='word_1_67' title='bbox 1077 527 1315 564; x_wconf 83' lang='lat' dir='ltr'><strong>Ptolemaeus</strong></span> <span class='ocrx_word' id='word_1_68' title='bbox 1339 527 1377 563; x_wconf 90' lang='grc' dir='ltr'><strong>Ι.</strong></span> <span class='ocrx_word' id='word_1_69' title='bbox 1402 528 1463 564; x_wconf 86' lang='grc' dir='ltr'><strong>ΙΙΙ.</strong></span> <span class='ocrx_word' id='word_1_70' title='bbox 1489 543 1516 565; x_wconf 89' lang='lat' dir='ltr'><strong>c</strong></span> 
     </span>
     <span class='ocr_line' id='line_1_8' title="bbox 90 582 1518 632; baseline -0.002 -8"><span class='ocrx_word' id='word_1_71' title='bbox 90 587 158 624; x_wconf 88' lang='grc'><strong>17.</strong></span> <span class='ocrx_word' id='word_1_72' title='bbox 203 584 456 622; x_wconf 80' lang='lat' dir='ltr'><strong>Dictamnum</strong></span> <span class='ocrx_word' id='word_1_73' title='bbox 480 591 694 622; x_wconf 89' lang='lat' dir='ltr'><strong>recensent.</strong></span> <span class='ocrx_word' id='word_1_74' title='bbox 746 584 952 632; x_wconf 80' lang='lat' dir='ltr'><strong>Utramque</strong></span> <span class='ocrx_word' id='word_1_75' title='bbox 986 582 1082 619; x_wconf 87' lang='lat' dir='ltr'><strong>nihil</strong></span> <span class='ocrx_word' id='word_1_76' title='bbox 1111 583 1253 619; x_wconf 85' lang='lat' dir='ltr'><strong>distare</strong></span> <span class='ocrx_word' id='word_1_77' title='bbox 1288 590 1325 618; x_wconf 85' lang='lat' dir='ltr'><strong>et</strong></span> <span class='ocrx_word' id='word_1_78' title='bbox 1355 585 1518 621; x_wconf 78' lang='lat' dir='ltr'><strong>fortasse</strong></span> 
     </span>
     <span class='ocr_line' id='line_1_9' title="bbox 84 637 1518 687; baseline 0 -10"><span class='ocrx_word' id='word_1_79' title='bbox 84 639 180 677; x_wconf 87' lang='lat' dir='ltr'><strong>hanc</strong></span> <span class='ocrx_word' id='word_1_80' title='bbox 202 653 298 687; x_wconf 84' lang='lat' dir='ltr'><strong>esse,</strong></span> <span class='ocrx_word' id='word_1_81' title='bbox 332 640 385 677; x_wconf 91' lang='lat' dir='ltr'><strong>lo.</strong></span> <span class='ocrx_word' id='word_1_82' title='bbox 407 639 597 676; x_wconf 88' lang='lat' dir='ltr'><strong>Meursius</strong></span> <span class='ocrx_word' id='word_1_83' title='bbox 618 639 659 675; x_wconf 89' lang='lat' dir='ltr'><strong>L.</strong></span> <span class='ocrx_word' id='word_1_84' title='bbox 683 639 710 676; x_wconf 91' lang='grc' dir='ltr'><strong>Ι.</strong></span> <span class='ocrx_word' id='word_1_85' title='bbox 732 639 832 676; x_wconf 83' lang='lat' dir='ltr'><strong>Cret.</strong></span> <span class='ocrx_word' id='word_1_86' title='bbox 854 653 884 675; x_wconf 83' lang='lat' dir='ltr'><strong>c.</strong></span> <span class='ocrx_word' id='word_1_87' title='bbox 910 641 951 678; x_wconf 84' lang='lat'><strong>9.</strong></span> <span class='ocrx_word' id='word_1_88' title='bbox 973 640 1133 677; x_wconf 89' lang='lat' dir='ltr'><strong>censuit.</strong></span> <span class='ocrx_word' id='word_1_89' title='bbox 1166 637 1263 675; x_wconf 84' lang='lat' dir='ltr'>Mihi</span> <span class='ocrx_word' id='word_1_90' title='bbox 1283 639 1386 675; x_wconf 84' lang='lat' dir='ltr'><strong>aliud</strong></span> <span class='ocrx_word' id='word_1_91' title='bbox 1407 640 1518 677; x_wconf 85' lang='lat' dir='ltr'><strong>vide-</strong></span> 
     </span>
     <span class='ocr_line' id='line_1_10' title="bbox 82 694 1519 745; baseline -0.001 -12"><span class='ocrx_word' id='word_1_92' title='bbox 82 702 156 733; x_wconf 87' lang='lat' dir='ltr'><strong>tur.</strong></span> <span class='ocrx_word' id='word_1_93' title='bbox 183 695 356 733; x_wconf 81' lang='lat' dir='ltr'>Durabat</span> <span class='ocrx_word' id='word_1_94' title='bbox 377 695 580 745; x_wconf 76' lang='lat' dir='ltr'><strong>Dictynna</strong></span> <span class='ocrx_word' id='word_1_95' title='bbox 601 695 722 732; x_wconf 87' lang='lat' dir='ltr'><strong>Melae</strong></span> <span class='ocrx_word' id='word_1_96' title='bbox 743 703 780 732; x_wconf 90' lang='lat' dir='ltr'><strong>et</strong></span> <span class='ocrx_word' id='word_1_97' title='bbox 800 695 1036 732; x_wconf 78' lang='lat' dir='ltr'><strong>Dictamnus</strong></span> <span class='ocrx_word' id='word_1_98' title='bbox 1055 694 1284 741; x_wconf 76' lang='lat' dir='ltr'><strong>Ptolemaei,</strong></span> <span class='ocrx_word' id='word_1_99' title='bbox 1311 708 1395 731; x_wconf 82' lang='lat' dir='ltr'><strong>cum</strong></span> <span class='ocrx_word' id='word_1_100' title='bbox 1415 702 1519 732; x_wconf 88' lang='lat' dir='ltr'><strong>uter-</strong></span> 
     </span>
     <span class='ocr_line' id='line_1_11' title="bbox 80 751 1517 801; baseline 0 -13"><span class='ocrx_word' id='word_1_101' title='bbox 80 763 153 800; x_wconf 84' lang='lat' dir='ltr'><strong>que</strong></span> <span class='ocrx_word' id='word_1_102' title='bbox 171 765 233 788; x_wconf 91' lang='lat' dir='ltr'><strong>res</strong></span> <span class='ocrx_word' id='word_1_103' title='bbox 253 751 421 789; x_wconf 85' lang='lat' dir='ltr'><strong>Creticas</strong></span> <span class='ocrx_word' id='word_1_104' title='bbox 442 752 685 790; x_wconf 78' lang='lat' dir='ltr'><strong>describeret.</strong></span> <span class='ocrx_word' id='word_1_105' title='bbox 741 752 860 798; x_wconf 84' lang='lat' dir='ltr'><strong>Haec,</strong></span> <span class='ocrx_word' id='word_1_106' title='bbox 881 765 976 800; x_wconf 84' lang='lat' dir='ltr'><strong>quae</strong></span> <span class='ocrx_word' id='word_1_107' title='bbox 999 751 1088 788; x_wconf 89' lang='lat' dir='ltr'><strong>love</strong></span> <span class='ocrx_word' id='word_1_108' title='bbox 1108 751 1305 788; x_wconf 87' lang='lat' dir='ltr'><strong>conditore</strong></span> <span class='ocrx_word' id='word_1_109' title='bbox 1326 752 1517 801; x_wconf 80' lang='lat' dir='ltr'><strong>gloriaba-</strong></span> 
     </span>
     <span class='ocr_line' id='line_1_12' title="bbox 79 806 1403 858; baseline 0.001 -14"><span class='ocrx_word' id='word_1_110' title='bbox 79 814 154 857; x_wconf 74' lang='lat' dir='ltr'><strong>tur,</strong></span> <span class='ocrx_word' id='word_1_111' title='bbox 181 807 344 844; x_wconf 84' lang='lat' dir='ltr'><strong>Diodori</strong></span> <span class='ocrx_word' id='word_1_112' title='bbox 364 815 488 844; x_wconf 87' lang='lat' dir='ltr'><strong>aetate</strong></span> <span class='ocrx_word' id='word_1_113' title='bbox 509 810 620 856; x_wconf 79' lang='lat' dir='ltr'><strong>plane</strong></span> <span class='ocrx_word' id='word_1_114' title='bbox 642 808 812 845; x_wconf 84' lang='lat' dir='ltr'><strong>desolata</strong></span> <span class='ocrx_word' id='word_1_115' title='bbox 832 815 931 844; x_wconf 80' lang='lat' dir='ltr'><strong>erat:</strong></span> <span class='ocrx_word' id='word_1_116' title='bbox 961 808 1113 844; x_wconf 87' lang='lat' dir='ltr'><strong>diversa</strong></span> <span class='ocrx_word' id='word_1_117' title='bbox 1132 820 1236 858; x_wconf 85' lang='lat' dir='ltr'><strong>ergo.</strong></span> <span class='ocrx_word' id='word_1_118' title='bbox 1267 806 1403 845; x_wconf 66' lang='lat' dir='ltr'><strong>Wnss.</strong></span> 
     </span>
    </p>

    <p class='ocr_par' dir='ltr' id='par_1_4' title="bbox 70 860 1514 1517">
     <span class='ocr_line' id='line_1_13' title="bbox 188 860 1514 915; baseline -0.003 -12"><span class='ocrx_word' id='word_1_119' title='bbox 188 865 294 904; x_wconf 84' lang='lat'><strong>387.</strong></span> <span class='ocrx_word' id='word_1_120' title='bbox 317 865 392 903; x_wconf 81' lang='lat'><strong>49.</strong></span> <span class='ocrx_word' id='word_1_121' title='bbox 410 897 414 899; x_wconf 95' lang='lat'><strong>.</strong></span> <span class='ocrx_word' id='word_1_122' title='bbox 431 861 553 902; x_wconf 76' lang='grc' dir='ltr'><strong><em>Κατὰ</em></strong></span> <span class='ocrx_word' id='word_1_123' title='bbox 575 863 618 902; x_wconf 67' lang='grc' dir='ltr'><strong>δὲ</strong></span> <span class='ocrx_word' id='word_1_124' title='bbox 648 862 722 914; x_wconf 64' lang='grc' dir='ltr'><strong>τὴν</strong></span> <span class='ocrx_word' id='word_1_125' title='bbox 750 863 935 915; x_wconf 65' lang='grc' dir='ltr'><strong>Φρυγίαν</strong></span> <span class='ocrx_word' id='word_1_126' title='bbox 954 860 1052 908; x_wconf 53' lang='grc' dir='ltr'><strong>τοὺς</strong></span> <span class='ocrx_word' id='word_1_127' title='bbox 1076 862 1165 915; x_wconf 75' lang='grc' dir='ltr'><strong>περὶ</strong></span> <span class='ocrx_word' id='word_1_128' title='bbox 1195 862 1410 915; x_wconf 71' lang='grc' dir='ltr'><strong><em>Τυφῶνα]</em></strong></span> <span class='ocrx_word' id='word_1_129' title='bbox 1450 863 1514 900; x_wconf 86' lang='grc' dir='ltr'><strong>Ιο-</strong></span> 
     </span>
     <span class='ocr_line' id='line_1_14' title="bbox 77 917 1514 969; baseline 0.001 -13"><span class='ocrx_word' id='word_1_130' title='bbox 77 920 138 956; x_wconf 86' lang='lat' dir='ltr'><strong>vis</strong></span> <span class='ocrx_word' id='word_1_131' title='bbox 160 933 246 956; x_wconf 89' lang='lat' dir='ltr'><strong>cum</strong></span> <span class='ocrx_word' id='word_1_132' title='bbox 266 917 454 969; x_wconf 83' lang='lat' dir='ltr'><strong>Typhone</strong></span> <span class='ocrx_word' id='word_1_133' title='bbox 482 928 672 956; x_wconf 80' lang='lat' dir='ltr'><strong>certamen</strong></span> <span class='ocrx_word' id='word_1_134' title='bbox 693 921 943 957; x_wconf 68' lang='lat' dir='ltr'><strong>multifariam</strong></span> <span class='ocrx_word' id='word_1_135' title='bbox 971 926 1181 969; x_wconf 78' lang='lat' dir='ltr'><strong>pugnatum</strong></span> <span class='ocrx_word' id='word_1_136' title='bbox 1201 926 1349 956; x_wconf 86' lang='lat' dir='ltr'><strong>veteres</strong></span> <span class='ocrx_word' id='word_1_137' title='bbox 1370 919 1514 957; x_wconf 86' lang='lat' dir='ltr'><strong>descri-</strong></span> 
     </span>
     <span class='ocr_line' id='line_1_15' title="bbox 75 973 1514 1026; baseline 0.001 -15"><span class='ocrx_word' id='word_1_138' title='bbox 75 975 183 1012; x_wconf 86' lang='lat' dir='ltr'><strong>bunt.</strong></span> <span class='ocrx_word' id='word_1_139' title='bbox 212 973 370 1013; x_wconf 81' lang='lat' dir='ltr'><strong>Ciliciae</strong></span> <span class='ocrx_word' id='word_1_140' title='bbox 391 977 599 1012; x_wconf 83' lang='lat' dir='ltr'><strong>contribuit</strong></span> <span class='ocrx_word' id='word_1_141' title='bbox 622 975 831 1026; x_wconf 72' lang='lat' dir='ltr'><strong>Aeschylus</strong></span> <span class='ocrx_word' id='word_1_142' title='bbox 842 975 1034 1012; x_wconf 84' lang='lat' dir='ltr'><strong>Prometh.</strong></span> <span class='ocrx_word' id='word_1_143' title='bbox 1055 976 1227 1021; x_wconf 87' lang='lat' dir='ltr'><strong>v.35l.‚</strong></span> <span class='ocrx_word' id='word_1_144' title='bbox 1246 987 1317 1011; x_wconf 88' lang='lat' dir='ltr'><strong>nec</strong></span> <span class='ocrx_word' id='word_1_145' title='bbox 1339 973 1514 1013; x_wconf 85' lang='lat' dir='ltr'><strong>Siciliam</strong></span> 
     </span>
     <span class='ocr_line' id='line_1_16' title="bbox 76 1029 1513 1081; baseline 0 -13"><span class='ocrx_word' id='word_1_146' title='bbox 76 1037 203 1068; x_wconf 84' lang='lat' dir='ltr'><strong>tamen</strong></span> <span class='ocrx_word' id='word_1_147' title='bbox 223 1035 460 1081; x_wconf 87' lang='lat' dir='ltr'><strong>praeteriens</strong></span> <span class='ocrx_word' id='word_1_148' title='bbox 480 1046 516 1069; x_wconf 82' lang='lat' dir='ltr'><strong>v.</strong></span> <span class='ocrx_word' id='word_1_149' title='bbox 531 1032 650 1078; x_wconf 60' lang='lat'><strong>365„</strong></span> <span class='ocrx_word' id='word_1_150' title='bbox 670 1039 713 1068; x_wconf 86' lang='lat' dir='ltr'><strong>ut</strong></span> <span class='ocrx_word' id='word_1_151' title='bbox 735 1045 807 1068; x_wconf 85' lang='lat' dir='ltr'><strong>nec</strong></span> <span class='ocrx_word' id='word_1_152' title='bbox 827 1032 1079 1080; x_wconf 86' lang='lat' dir='ltr'><strong>Apollodorus</strong></span> <span class='ocrx_word' id='word_1_153' title='bbox 1103 1031 1145 1067; x_wconf 90' lang='lat' dir='ltr'><strong>L.</strong></span> <span class='ocrx_word' id='word_1_154' title='bbox 1162 1031 1191 1068; x_wconf 90' lang='grc' dir='ltr'><strong>Ι.</strong></span> <span class='ocrx_word' id='word_1_155' title='bbox 1213 1033 1253 1071; x_wconf 88' lang='lat'><strong>6.</strong></span> <span class='ocrx_word' id='word_1_156' title='bbox 1279 1032 1319 1070; x_wconf 89' lang='grc'><strong>3.</strong></span> <span class='ocrx_word' id='word_1_157' title='bbox 1344 1029 1403 1067; x_wconf 91' lang='lat' dir='ltr'><strong>Ad</strong></span> <span class='ocrx_word' id='word_1_158' title='bbox 1413 1030 1513 1068; x_wconf 90' lang='lat' dir='ltr'><strong>Cau-</strong></span> 
     </span>
     <span class='ocr_line' id='line_1_17' title="bbox 76 1086 1511 1138; baseline -0.001 -14"><span class='ocrx_word' id='word_1_159' title='bbox 76 1100 206 1125; x_wconf 84' lang='lat' dir='ltr'><strong>casum</strong></span> <span class='ocrx_word' id='word_1_160' title='bbox 226 1090 436 1138; x_wconf 86' lang='lat' dir='ltr'><strong>contigisse</strong></span> <span class='ocrx_word' id='word_1_161' title='bbox 465 1090 570 1124; x_wconf 89' lang='lat' dir='ltr'><strong>canit</strong></span> <span class='ocrx_word' id='word_1_162' title='bbox 588 1088 766 1136; x_wconf 84' lang='lat' dir='ltr'><strong>Apollon.</strong></span> <span class='ocrx_word' id='word_1_163' title='bbox 786 1087 908 1123; x_wconf 89' lang='lat' dir='ltr'><strong>Rhod.</strong></span> <span class='ocrx_word' id='word_1_164' title='bbox 932 1087 977 1123; x_wconf 92' lang='lat' dir='ltr'><strong>ll.</strong></span> <span class='ocrx_word' id='word_1_165' title='bbox 1003 1087 1135 1127; x_wconf 83' lang='lat'><strong>1215.</strong></span> <span class='ocrx_word' id='word_1_166' title='bbox 1176 1086 1365 1124; x_wconf 84' lang='lat' dir='ltr'><strong>Pindarus</strong></span> <span class='ocrx_word' id='word_1_167' title='bbox 1386 1089 1423 1123; x_wconf 91' lang='lat' dir='ltr'><strong>in</strong></span> <span class='ocrx_word' id='word_1_168' title='bbox 1446 1087 1511 1124; x_wconf 83' lang='lat' dir='ltr'><strong>Si·</strong></span> 
     </span>
     <span class='ocr_line' id='line_1_18' title="bbox 75 1142 1510 1194; baseline 0 -14"><span class='ocrx_word' id='word_1_169' title='bbox 75 1145 166 1180; x_wconf 87' lang='lat' dir='ltr'><strong>cilia</strong></span> <span class='ocrx_word' id='word_1_170' title='bbox 191 1156 332 1194; x_wconf 86' lang='lat' dir='ltr'><strong>poenas</strong></span> <span class='ocrx_word' id='word_1_171' title='bbox 362 1146 477 1180; x_wconf 85' lang='lat' dir='ltr'><strong>luisse</strong></span> <span class='ocrx_word' id='word_1_172' title='bbox 498 1143 725 1193; x_wconf 83' lang='lat' dir='ltr'><strong>Typhonem</strong></span> <span class='ocrx_word' id='word_1_173' title='bbox 748 1150 942 1180; x_wconf 80' lang='lat' dir='ltr'><strong>asseverat</strong></span> <span class='ocrx_word' id='word_1_174' title='bbox 971 1143 1044 1179; x_wconf 89' lang='lat' dir='ltr'><strong>Od.</strong></span> <span class='ocrx_word' id='word_1_175' title='bbox 1074 1143 1137 1179; x_wconf 91' lang='lat' dir='ltr'><strong>lV.</strong></span> <span class='ocrx_word' id='word_1_176' title='bbox 1164 1145 1233 1182; x_wconf 85' lang='lat'><strong>12.</strong></span> <span class='ocrx_word' id='word_1_177' title='bbox 1273 1142 1510 1191; x_wconf 87' lang='lat' dir='ltr'><strong>Olympion.‚</strong></span> 
     </span>
     <span class='ocr_line' id='line_1_19' title="bbox 73 1197 1510 1249; baseline -0.001 -13"><span class='ocrx_word' id='word_1_178' title='bbox 73 1200 141 1236; x_wconf 88' lang='lat' dir='ltr'><strong>ubi</strong></span> <span class='ocrx_word' id='word_1_179' title='bbox 168 1198 303 1236; x_wconf 89' lang='lat' dir='ltr'><strong>Critici</strong></span> <span class='ocrx_word' id='word_1_180' title='bbox 336 1199 563 1245; x_wconf 78' lang='lat' dir='ltr'><strong>admonent,</strong></span> <span class='ocrx_word' id='word_1_181' title='bbox 604 1201 700 1236; x_wconf 88' lang='lat' dir='ltr'><strong>alios</strong></span> <span class='ocrx_word' id='word_1_182' title='bbox 729 1200 856 1235; x_wconf 83' lang='lat' dir='ltr'><strong>sedem</strong></span> <span class='ocrx_word' id='word_1_183' title='bbox 885 1200 978 1235; x_wconf 84' lang='lat' dir='ltr'><strong>belli</strong></span> <span class='ocrx_word' id='word_1_184' title='bbox 1008 1197 1217 1249; x_wconf 79' lang='lat' dir='ltr'><strong>Phrygiam</strong></span> <span class='ocrx_word' id='word_1_185' title='bbox 1247 1200 1510 1246; x_wconf 85' lang='lat' dir='ltr'><strong>constituisse,</strong></span> 
     </span>
     <span class='ocr_line' id='line_1_20' title="bbox 73 1253 1511 1303; baseline 0 -11"><span class='ocrx_word' id='word_1_186' title='bbox 73 1255 175 1303; x_wconf 88' lang='lat' dir='ltr'><strong>quod</strong></span> <span class='ocrx_word' id='word_1_187' title='bbox 193 1268 326 1292; x_wconf 85' lang='lat' dir='ltr'><strong>verum</strong></span> <span class='ocrx_word' id='word_1_188' title='bbox 347 1268 430 1292; x_wconf 91' lang='lat' dir='ltr'><strong>esse</strong></span> <span class='ocrx_word' id='word_1_189' title='bbox 450 1269 516 1303; x_wconf 81' lang='lat' dir='ltr'><strong>ea,</strong></span> <span class='ocrx_word' id='word_1_190' title='bbox 551 1267 646 1303; x_wconf 85' lang='lat' dir='ltr'><strong>quae</strong></span> <span class='ocrx_word' id='word_1_191' title='bbox 667 1254 862 1291; x_wconf 84' lang='lat' dir='ltr'><strong>Diodorus</strong></span> <span class='ocrx_word' id='word_1_192' title='bbox 885 1262 921 1291; x_wconf 86' lang='lat' dir='ltr'><strong>et</strong></span> <span class='ocrx_word' id='word_1_193' title='bbox 941 1267 1034 1303; x_wconf 88' lang='lat' dir='ltr'><strong>quae</strong></span> <span class='ocrx_word' id='word_1_194' title='bbox 1055 1253 1194 1291; x_wconf 86' lang='lat' dir='ltr'><strong>Strabo</strong></span> <span class='ocrx_word' id='word_1_195' title='bbox 1216 1255 1261 1291; x_wconf 87' lang='lat' dir='ltr'><strong>de</strong></span> <span class='ocrx_word' id='word_1_196' title='bbox 1280 1254 1511 1292; x_wconf 86' lang='lat' dir='ltr'><strong>Catacecau-</strong></span> 
     </span>
     <span class='ocr_line' id='line_1_21' title="bbox 71 1310 1505 1360; baseline -0.001 -13"><span class='ocrx_word' id='word_1_197' title='bbox 71 1324 182 1348; x_wconf 85' lang='lat' dir='ltr'><strong>mene</strong></span> <span class='ocrx_word' id='word_1_198' title='bbox 209 1312 345 1348; x_wconf 80' lang='lat' dir='ltr'><strong>scribit</strong></span> <span class='ocrx_word' id='word_1_199' title='bbox 376 1311 418 1348; x_wconf 90' lang='lat' dir='ltr'><strong>L.</strong></span> <span class='ocrx_word' id='word_1_200' title='bbox 442 1310 533 1349; x_wconf 90' lang='grc' dir='ltr'><strong>ΧΙΙ.</strong></span> <span class='ocrx_word' id='word_1_201' title='bbox 565 1324 599 1360; x_wconf 96' lang='lat' dir='ltr'><strong>p.</strong></span> <span class='ocrx_word' id='word_1_202' title='bbox 625 1312 754 1357; x_wconf 81' lang='lat'><strong>869„</strong></span> <span class='ocrx_word' id='word_1_203' title='bbox 785 1317 1088 1349; x_wconf 84' lang='lat' dir='ltr'><strong>conmonstrant.</strong></span> <span class='ocrx_word' id='word_1_204' title='bbox 1140 1310 1248 1346; x_wconf 86' lang='lat' dir='ltr'><strong>Adde</strong></span> <span class='ocrx_word' id='word_1_205' title='bbox 1271 1310 1437 1347; x_wconf 85' lang='lat' dir='ltr'><strong>eiusdem</strong></span> <span class='ocrx_word' id='word_1_206' title='bbox 1460 1310 1505 1350; x_wconf 83' lang='lat' dir='ltr'><strong>L.</strong></span> 
     </span>
     <span class='ocr_line' id='line_1_22' title="bbox 70 1366 1507 1415; baseline 0 -12"><span class='ocrx_word' id='word_1_207' title='bbox 70 1366 180 1404; x_wconf 88' lang='lat' dir='ltr'><strong>Xlll.</strong></span> <span class='ocrx_word' id='word_1_208' title='bbox 200 1379 236 1415; x_wconf 88' lang='lat' dir='ltr'><strong>p.</strong></span> <span class='ocrx_word' id='word_1_209' title='bbox 258 1368 364 1407; x_wconf 87' lang='grc'><strong>931.</strong></span> <span class='ocrx_word' id='word_1_210' title='bbox 396 1366 454 1403; x_wconf 90' lang='lat' dir='ltr'><strong>De</strong></span> <span class='ocrx_word' id='word_1_211' title='bbox 476 1366 646 1413; x_wconf 85' lang='lat' dir='ltr'><strong>Mulino,</strong></span> <span class='ocrx_word' id='word_1_212' title='bbox 673 1379 783 1415; x_wconf 89' lang='lat' dir='ltr'><strong>quem</strong></span> <span class='ocrx_word' id='word_1_213' title='bbox 810 1369 850 1403; x_wconf 90' lang='lat' dir='ltr'><strong>in</strong></span> <span class='ocrx_word' id='word_1_214' title='bbox 871 1366 983 1403; x_wconf 85' lang='lat' dir='ltr'><strong>Creta</strong></span> <span class='ocrx_word' id='word_1_215' title='bbox 1005 1366 1147 1414; x_wconf 84' lang='lat' dir='ltr'><strong>Iupiter</strong></span> <span class='ocrx_word' id='word_1_216' title='bbox 1168 1368 1411 1414; x_wconf 72' lang='lat' dir='ltr'><strong>oppresserit,</strong></span> <span class='ocrx_word' id='word_1_217' title='bbox 1442 1369 1507 1403; x_wconf 83' lang='lat' dir='ltr'><strong>ni-</strong></span> 
     </span>
     <span class='ocr_line' id='line_1_23' title="bbox 70 1395 1508 1469; baseline -0.002 -9"><span class='ocrx_word' id='word_1_218' title='bbox 70 1422 127 1460; x_wconf 87' lang='lat' dir='ltr'><strong>hil</strong></span> <span class='ocrx_word' id='word_1_219' title='bbox 157 1423 303 1460; x_wconf 84' lang='lat' dir='ltr'><strong>dixero.</strong></span> <span class='ocrx_word' id='word_1_220' title='bbox 340 1422 467 1460; x_wconf 84' lang='lat' dir='ltr'><strong>Habet</strong></span> <span class='ocrx_word' id='word_1_221' title='bbox 498 1395 685 1459; x_wconf 85' lang='lat' dir='ltr'><strong>nonnulla</strong></span> <span class='ocrx_word' id='word_1_222' title='bbox 706 1423 760 1462; x_wconf 93' lang='lat' dir='ltr'><strong>Io.</strong></span> <span class='ocrx_word' id='word_1_223' title='bbox 782 1421 972 1459; x_wconf 76' lang='lat' dir='ltr'><strong>Meursius</strong></span> <span class='ocrx_word' id='word_1_224' title='bbox 993 1422 1036 1462; x_wconf 81' lang='grc' dir='ltr'><strong>Ι..</strong></span> <span class='ocrx_word' id='word_1_225' title='bbox 1059 1422 1123 1461; x_wconf 84' lang='lat' dir='ltr'><strong>lv.</strong></span> <span class='ocrx_word' id='word_1_226' title='bbox 1147 1421 1247 1458; x_wconf 88' lang='lat' dir='ltr'><strong>Cret.</strong></span> <span class='ocrx_word' id='word_1_227' title='bbox 1270 1435 1302 1458; x_wconf 89' lang='lat' dir='ltr'><strong>c.</strong></span> <span class='ocrx_word' id='word_1_228' title='bbox 1329 1423 1411 1469; x_wconf 78' lang='lat'><strong>14,</strong></span> <span class='ocrx_word' id='word_1_229' title='bbox 1441 1422 1508 1458; x_wconf 87' lang='lat' dir='ltr'><strong>sed</strong></span> 
     </span>
     <span class='ocr_line' id='line_1_24' title="bbox 71 1478 590 1517; baseline -0.006 -1"><span class='ocrx_word' id='word_1_230' title='bbox 71 1478 186 1517; x_wconf 87' lang='lat' dir='ltr'><strong>dubia</strong></span> <span class='ocrx_word' id='word_1_231' title='bbox 204 1486 242 1515; x_wconf 91' lang='lat' dir='ltr'><strong>et</strong></span> <span class='ocrx_word' id='word_1_232' title='bbox 262 1480 420 1517; x_wconf 87' lang='lat' dir='ltr'><strong>incerta.</strong></span> <span class='ocrx_word' id='word_1_233' title='bbox 453 1479 590 1517; x_wconf 69' lang='lat' dir='ltr'><strong>Wnss,</strong></span> 
     </span>
    </p>

    <p class='ocr_par' dir='ltr' id='par_1_5' title="bbox 67 1529 1508 1976">
     <span class='ocr_line' id='line_1_25' title="bbox 183 1529 1508 1600; baseline -0.003 -25"><span class='ocrx_word' id='word_1_234' title='bbox 183 1536 287 1576; x_wconf 87' lang='grc'><strong>387.</strong></span> <span class='ocrx_word' id='word_1_235' title='bbox 314 1536 385 1575; x_wconf 82' lang='grc'><strong>51.</strong></span> <span class='ocrx_word' id='word_1_236' title='bbox 417 1533 510 1600; x_wconf 66' lang='lat' dir='ltr'><strong>Ac-&#39;y</strong></span> <span class='ocrx_word' id='word_1_237' title='bbox 513 1549 595 1573; x_wconf 74' lang='grc' dir='ltr'><strong><em>ειτιι</em></strong></span> <span class='ocrx_word' id='word_1_238' title='bbox 617 1532 690 1573; x_wconf 64' lang='lat' dir='ltr'><strong>‘tow</strong></span> <span class='ocrx_word' id='word_1_239' title='bbox 713 1533 800 1573; x_wconf 86' lang='grc' dir='ltr'><strong>Διά</strong></span> <span class='ocrx_word' id='word_1_240' title='bbox 827 1536 956 1572; x_wconf 74' lang='grc' dir='ltr'><strong><em>θῦσαι</em></strong></span> <span class='ocrx_word' id='word_1_241' title='bbox 986 1529 1088 1587; x_wconf 75' lang='grc' dir='ltr'><strong><em>ἡλιω</em></strong></span> <span class='ocrx_word' id='word_1_242' title='bbox 1110 1548 1177 1572; x_wconf 81' lang='grc' dir='ltr'><strong><em>και</em></strong></span> <span class='ocrx_word' id='word_1_243' title='bbox 1201 1532 1301 1583; x_wconf 61' lang='lat' dir='ltr'><strong>ete]</strong></span> <span class='ocrx_word' id='word_1_244' title='bbox 1336 1532 1508 1584; x_wconf 82' lang='lat' dir='ltr'><strong>Legeba-</strong></span> 
     </span>
     <span class='ocr_line' id='line_1_26' title="bbox 69 1586 1506 1642; baseline -0.001 -14"><span class='ocrx_word' id='word_1_245' title='bbox 69 1597 134 1628; x_wconf 86' lang='lat' dir='ltr'><strong>tur</strong></span> <span class='ocrx_word' id='word_1_246' title='bbox 155 1593 285 1631; x_wconf 72' lang='grc' dir='ltr'><strong><em>θῦσαι</em></strong></span> <span class='ocrx_word' id='word_1_247' title='bbox 305 1593 410 1642; x_wconf 61' lang='lat' dir='ltr'><strong>stota</strong></span> <span class='ocrx_word' id='word_1_248' title='bbox 432 1607 453 1642; x_wconf 87' lang='lat'><em>1</em></span> <span class='ocrx_word' id='word_1_249' title='bbox 443 1586 547 1628; x_wconf 76' lang='grc' dir='ltr'><strong><em>λιιι).</em></strong></span> <span class='ocrx_word' id='word_1_250' title='bbox 588 1591 672 1640; x_wconf 84' lang='lat' dir='ltr'><strong>Ego</strong></span> <span class='ocrx_word' id='word_1_251' title='bbox 692 1605 717 1627; x_wconf 87' lang='lat' dir='ltr'>v</span> <span class='ocrx_word' id='word_1_252' title='bbox 722 1604 786 1627; x_wconf 89' lang='lat' dir='ltr'><strong>ero</strong></span> <span class='ocrx_word' id='word_1_253' title='bbox 805 1591 966 1626; x_wconf 77' lang='lat' dir='ltr'><strong>mediam</strong></span> <span class='ocrx_word' id='word_1_254' title='bbox 986 1603 1116 1627; x_wconf 77' lang='lat' dir='ltr'><strong>vocem</strong></span> <span class='ocrx_word' id='word_1_255' title='bbox 1139 1591 1178 1625; x_wconf 75' lang='lat' dir='ltr'><strong>ir</strong></span> <span class='ocrx_word' id='word_1_256' title='bbox 1178 1590 1288 1626; x_wconf 80' lang='lat' dir='ltr'><strong>duxi.</strong></span> <span class='ocrx_word' id='word_1_257' title='bbox 1334 1590 1506 1638; x_wconf 85' lang='lat' dir='ltr'><strong>Sequen-</strong></span> 
     </span>
     <span class='ocr_line' id='line_1_27' title="bbox 71 1646 1506 1695; baseline -0.001 -11"><span class='ocrx_word' id='word_1_258' title='bbox 71 1648 125 1684; x_wconf 88' lang='lat' dir='ltr'><strong>tia</strong></span> <span class='ocrx_word' id='word_1_259' title='bbox 151 1660 229 1684; x_wconf 85' lang='lat' dir='ltr'><strong>non</strong></span> <span class='ocrx_word' id='word_1_260' title='bbox 259 1660 377 1684; x_wconf 89' lang='lat' dir='ltr'><strong>unum</strong></span> <span class='ocrx_word' id='word_1_261' title='bbox 407 1648 565 1692; x_wconf 84' lang='lat' dir='ltr'><strong>bovem,</strong></span> <span class='ocrx_word' id='word_1_262' title='bbox 603 1647 668 1682; x_wconf 85' lang='lat' dir='ltr'><strong>sed</strong></span> <span class='ocrx_word' id='word_1_263' title='bbox 698 1648 825 1695; x_wconf 84' lang='lat' dir='ltr'><strong>plures</strong></span> <span class='ocrx_word' id='word_1_264' title='bbox 862 1649 1037 1682; x_wconf 79' lang='lat' dir='ltr'><strong>victimas</strong></span> <span class='ocrx_word' id='word_1_265' title='bbox 1066 1647 1268 1682; x_wconf 79' lang='lat' dir='ltr'><strong>inmolatas</strong></span> <span class='ocrx_word' id='word_1_266' title='bbox 1296 1646 1506 1683; x_wconf 84' lang='lat' dir='ltr'><strong>clarissime</strong></span> 
     </span>
     <span class='ocr_line' id='line_1_28' title="bbox 71 1700 1506 1753; baseline 0 -13"><span class='ocrx_word' id='word_1_267' title='bbox 71 1704 291 1742; x_wconf 88' lang='lat' dir='ltr'><strong>ostendunt.</strong></span> <span class='ocrx_word' id='word_1_268' title='bbox 347 1702 502 1740; x_wconf 82' lang='lat' dir='ltr'><strong>Mallem</strong></span> <span class='ocrx_word' id='word_1_269' title='bbox 533 1709 726 1751; x_wconf 83' lang='lat' dir='ltr'><strong>praeterea</strong></span> <span class='ocrx_word' id='word_1_270' title='bbox 762 1704 916 1753; x_wconf 58' lang='grc' dir='ltr'><strong>πρῶτον</strong></span> <span class='ocrx_word' id='word_1_271' title='bbox 957 1700 1300 1752; x_wconf 66' lang='grc' dir='ltr'><strong>ἐπισημαίνεσθαι</strong></span> <span class='ocrx_word' id='word_1_272' title='bbox 1340 1716 1402 1753; x_wconf 81' lang='grc' dir='ltr'><strong>κρ.</strong></span> <span class='ocrx_word' id='word_1_273' title='bbox 1436 1701 1506 1740; x_wconf 85' lang='grc' dir='ltr'><strong>καὶ</strong></span> 
     </span>
     <span class='ocr_line' id='line_1_29' title="bbox 70 1756 1505 1806; baseline -0.003 -7"><span class='ocrx_word' id='word_1_274' title='bbox 70 1756 301 1799; x_wconf 77' lang='grc' dir='ltr'><strong><em>ἀπόστασιν</em></strong></span> <span class='ocrx_word' id='word_1_275' title='bbox 332 1760 380 1796; x_wconf 83' lang='lat' dir='ltr'><strong>ob</strong></span> <span class='ocrx_word' id='word_1_276' title='bbox 413 1773 479 1806; x_wconf 87' lang='lat' dir='ltr'><strong>ea,</strong></span> <span class='ocrx_word' id='word_1_277' title='bbox 513 1770 608 1806; x_wconf 89' lang='lat' dir='ltr'><strong>quae</strong></span> <span class='ocrx_word' id='word_1_278' title='bbox 640 1759 824 1795; x_wconf 85' lang='lat' dir='ltr'><strong>continuo</strong></span> <span class='ocrx_word' id='word_1_279' title='bbox 849 1758 1068 1794; x_wconf 82' lang='lat' dir='ltr'><strong>succedunt.</strong></span> <span class='ocrx_word' id='word_1_280' title='bbox 1120 1757 1307 1794; x_wconf 88' lang='lat' dir='ltr'><strong>Victimae</strong></span> <span class='ocrx_word' id='word_1_281' title='bbox 1329 1758 1505 1805; x_wconf 85' lang='lat' dir='ltr'><strong>litabant,</strong></span> 
     </span>
     <span class='ocr_line' id='line_1_30' title="bbox 70 1812 1505 1868; baseline -0.001 -16"><span class='ocrx_word' id='word_1_282' title='bbox 70 1829 137 1853; x_wconf 89' lang='lat' dir='ltr'><strong>seu</strong></span> <span class='ocrx_word' id='word_1_283' title='bbox 166 1812 254 1868; x_wconf 76' lang='grc' dir='ltr'><strong>ἱερὰ</strong></span> <span class='ocrx_word' id='word_1_284' title='bbox 284 1821 397 1852; x_wconf 84' lang='lat' dir='ltr'><strong>erant</strong></span> <span class='ocrx_word' id='word_1_285' title='bbox 424 1812 606 1865; x_wconf 53' lang='grc' dir='ltr'><strong>εἰῖσημα,</strong></span> <span class='ocrx_word' id='word_1_286' title='bbox 645 1821 688 1851; x_wconf 90' lang='lat' dir='ltr'><strong>ut</strong></span> <span class='ocrx_word' id='word_1_287' title='bbox 706 1813 938 1851; x_wconf 82' lang='lat' dir='ltr'><strong>Philostrato</strong></span> <span class='ocrx_word' id='word_1_288' title='bbox 956 1813 1058 1849; x_wconf 82' lang='lat' dir='ltr'><strong>Vffl.</strong></span> <span class='ocrx_word' id='word_1_289' title='bbox 1095 1813 1176 1849; x_wconf 83' lang='lat' dir='ltr'><strong>Vit.</strong></span> <span class='ocrx_word' id='word_1_290' title='bbox 1205 1812 1329 1862; x_wconf 87' lang='lat' dir='ltr'><strong>Apoll.</strong></span> <span class='ocrx_word' id='word_1_291' title='bbox 1357 1826 1387 1850; x_wconf 87' lang='lat' dir='ltr'><strong>c.</strong></span> <span class='ocrx_word' id='word_1_292' title='bbox 1411 1815 1450 1853; x_wconf 90' lang='grc'><strong>7.</strong></span> <span class='ocrx_word' id='word_1_293' title='bbox 1469 1825 1505 1861; x_wconf 89' lang='lat' dir='ltr'><strong>p.</strong></span> 
     </span>
     <span class='ocr_line' id='line_1_31' title="bbox 71 1869 1507 1920; baseline -0.004 -8"><span class='ocrx_word' id='word_1_294' title='bbox 71 1872 176 1912; x_wconf 85' lang='lat'><strong>345.</strong></span> <span class='ocrx_word' id='word_1_295' title='bbox 197 1872 398 1918; x_wconf 83' lang='lat' dir='ltr'><strong>dicuntur,</strong></span> <span class='ocrx_word' id='word_1_296' title='bbox 439 1871 593 1920; x_wconf 82' lang='lat' dir='ltr'><strong>Iovique</strong></span> <span class='ocrx_word' id='word_1_297' title='bbox 614 1873 814 1908; x_wconf 84' lang='lat' dir='ltr'><strong>victoriam</strong></span> <span class='ocrx_word' id='word_1_298' title='bbox 834 1877 872 1906; x_wconf 90' lang='lat' dir='ltr'><strong>et</strong></span> <span class='ocrx_word' id='word_1_299' title='bbox 890 1869 1058 1906; x_wconf 88' lang='lat' dir='ltr'><strong>hostium</strong></span> <span class='ocrx_word' id='word_1_300' title='bbox 1077 1869 1126 1906; x_wconf 89' lang='lat' dir='ltr'><strong>ad</strong></span> <span class='ocrx_word' id='word_1_301' title='bbox 1146 1882 1234 1906; x_wconf 88' lang='lat' dir='ltr'><strong>suas</strong></span> <span class='ocrx_word' id='word_1_302' title='bbox 1254 1875 1381 1917; x_wconf 86' lang='lat' dir='ltr'><strong>partes</strong></span> <span class='ocrx_word' id='word_1_303' title='bbox 1401 1869 1507 1907; x_wconf 81' lang='lat' dir='ltr'><strong>defe-</strong></span> 
     </span>
     <span class='ocr_line' id='line_1_32' title="bbox 67 1926 713 1976; baseline -0.002 -10"><span class='ocrx_word' id='word_1_304' title='bbox 67 1931 234 1966; x_wconf 86' lang='lat' dir='ltr'><strong>ctionem</strong></span> <span class='ocrx_word' id='word_1_305' title='bbox 252 1928 542 1976; x_wconf 86' lang='lat' dir='ltr'><strong>portendebant.</strong></span> <span class='ocrx_word' id='word_1_306' title='bbox 573 1926 713 1965; x_wconf 69' lang='lat' dir='ltr'><strong>Wssss.</strong></span> 
     </span>
    </p>

    <p class='ocr_par' dir='ltr' id='par_1_6' title="bbox 69 1976 1506 2091">
     <span class='ocr_line' id='line_1_33' title="bbox 120 1976 1506 2036; baseline -0.004 -12"><span class='ocrx_word' id='word_1_307' title='bbox 120 2010 122 2012; x_wconf 96' lang='lat'>-</span> <span class='ocrx_word' id='word_1_308' title='bbox 181 1986 286 2025; x_wconf 89' lang='grc'><strong>387.</strong></span> <span class='ocrx_word' id='word_1_309' title='bbox 307 1985 382 2025; x_wconf 90' lang='grc'><strong>60.</strong></span> <span class='ocrx_word' id='word_1_310' title='bbox 409 1983 516 2036; x_wconf 78' lang='grc' dir='ltr'><em>Περὶ</em></span> <span class='ocrx_word' id='word_1_311' title='bbox 537 1979 612 2035; x_wconf 55' lang='grc' dir='ltr'><strong>τὶν</strong></span> <span class='ocrx_word' id='word_1_312' title='bbox 631 1978 877 2034; x_wconf 76' lang='grc' dir='ltr'><strong><em>Παλλήνην]</em></strong></span> <span class='ocrx_word' id='word_1_313' title='bbox 903 1980 1001 2018; x_wconf 89' lang='lat' dir='ltr'><strong>Vide</strong></span> <span class='ocrx_word' id='word_1_314' title='bbox 1022 1979 1205 2029; x_wconf 78' lang='lat' dir='ltr'><strong>stephan.</strong></span> <span class='ocrx_word' id='word_1_315' title='bbox 1224 1993 1263 2019; x_wconf 83' lang='lat' dir='ltr'><strong>v.</strong></span> <span class='ocrx_word' id='word_1_316' title='bbox 1286 1976 1506 2032; x_wconf 73' lang='grc' dir='ltr'><strong><em>Παλλήνη,</em></strong></span> 
     </span>
     <span class='ocr_line' id='line_1_34' title="bbox 69 2037 1356 2091; baseline -0.005 -13"><span class='ocrx_word' id='word_1_317' title='bbox 69 2047 108 2078; x_wconf 90' lang='lat' dir='ltr'><strong>et</strong></span> <span class='ocrx_word' id='word_1_318' title='bbox 133 2041 179 2078; x_wconf 88' lang='lat' dir='ltr'><strong>de</strong></span> <span class='ocrx_word' id='word_1_319' title='bbox 200 2040 412 2091; x_wconf 85' lang='lat' dir='ltr'><strong>Phlegraeo</strong></span> <span class='ocrx_word' id='word_1_320' title='bbox 431 2040 564 2077; x_wconf 88' lang='lat' dir='ltr'><strong>ltaliae</strong></span> <span class='ocrx_word' id='word_1_321' title='bbox 586 2052 717 2087; x_wconf 89' lang='lat' dir='ltr'><strong>campo</strong></span> <span class='ocrx_word' id='word_1_322' title='bbox 736 2051 849 2087; x_wconf 82' lang='lat' dir='ltr'><strong>supra</strong></span> <span class='ocrx_word' id='word_1_323' title='bbox 870 2037 913 2076; x_wconf 93' lang='lat' dir='ltr'><strong>L</strong></span> <span class='ocrx_word' id='word_1_324' title='bbox 936 2037 998 2074; x_wconf 84' lang='lat' dir='ltr'><strong>lv.</strong></span> <span class='ocrx_word' id='word_1_325' title='bbox 1018 2039 1093 2076; x_wconf 83' lang='lat'><strong>21.</strong></span> <span class='ocrx_word' id='word_1_326' title='bbox 1134 2037 1269 2074; x_wconf 72' lang='lat' dir='ltr'><strong>VVEss.</strong></span> <span class='ocrx_word' id='word_1_327' title='bbox 1350 2059 1356 2064; x_wconf 68' lang='lat'><em>›</em></span> 
     </span>
    </p>

    <p class='ocr_par' dir='ltr' id='par_1_7' title="bbox 183 2091 1504 2164">
     <span class='ocr_line' id='line_1_35' title="bbox 183 2091 1504 2164; baseline -0.007 -28"><span class='ocrx_word' id='word_1_328' title='bbox 183 2098 288 2138; x_wconf 83' lang='lat'>388-</span> <span class='ocrx_word' id='word_1_329' title='bbox 310 2099 383 2137; x_wconf 86' lang='grc'><strong>68</strong></span> <span class='ocrx_word' id='word_1_330' title='bbox 408 2093 628 2164; x_wconf 23' lang='grc' dir='ltr'><strong>Εκφὲοήειτ]</strong></span> <span class='ocrx_word' id='word_1_331' title='bbox 653 2093 833 2147; x_wconf 50' lang='grc' dir='ltr'><strong><em>Ἷχιιφέοε</em></strong></span> <span class='ocrx_word' id='word_1_332' title='bbox 837 2109 874 2132; x_wconf 86' lang='grc' dir='ltr'><strong><em>ιν</em></strong></span> <span class='ocrx_word' id='word_1_333' title='bbox 896 2093 961 2130; x_wconf 83' lang='lat' dir='ltr'><strong>CO.</strong></span> <span class='ocrx_word' id='word_1_334' title='bbox 981 2092 1026 2130; x_wconf 87' lang='lat' dir='ltr'><strong>R.</strong></span> <span class='ocrx_word' id='word_1_335' title='bbox 1052 2092 1210 2130; x_wconf 90' lang='lat' dir='ltr'><strong>VideL.</strong></span> <span class='ocrx_word' id='word_1_336' title='bbox 1234 2092 1262 2129; x_wconf 91' lang='lat' dir='ltr'><strong>I.</strong></span> <span class='ocrx_word' id='word_1_337' title='bbox 1277 2094 1348 2133; x_wconf 89' lang='lat'><strong>66.</strong></span> <span class='ocrx_word' id='word_1_338' title='bbox 1369 2091 1504 2129; x_wconf 80' lang='lat' dir='ltr'><strong>WESS.</strong></span> 
     </span>
    </p>

    <p class='ocr_par' dir='ltr' id='par_1_8' title="bbox 67 2145 1502 2259">
     <span class='ocr_line' id='line_1_36' title="bbox 179 2145 1502 2204; baseline -0.004 -12"><span class='ocrx_word' id='word_1_339' title='bbox 179 2154 284 2194; x_wconf 88' lang='lat'>388-</span> <span class='ocrx_word' id='word_1_340' title='bbox 306 2155 380 2192; x_wconf 85' lang='lat'><strong>72.</strong></span> <span class='ocrx_word' id='word_1_341' title='bbox 412 2153 511 2198; x_wconf 77' lang='grc' dir='ltr'><strong><em>Τοῖς</em></strong></span> <span class='ocrx_word' id='word_1_342' title='bbox 540 2148 721 2204; x_wconf 63' lang='lat' dir='ltr'><strong>dolorm</strong></span> <span class='ocrx_word' id='word_1_343' title='bbox 749 2153 832 2189; x_wconf 80' lang='grc' dir='ltr'><strong>τῶν</strong></span> <span class='ocrx_word' id='word_1_344' title='bbox 862 2150 973 2188; x_wconf 73' lang='grc' dir='ltr'><strong>θεῶν</strong></span> <span class='ocrx_word' id='word_1_345' title='bbox 1005 2155 1078 2188; x_wconf 80' lang='lat' dir='ltr'><strong>etc.</strong></span> <span class='ocrx_word' id='word_1_346' title='bbox 1109 2146 1327 2199; x_wconf 75' lang='grc' dir='ltr'><strong><em>ἀπονεῖμαι</em></strong></span> <span class='ocrx_word' id='word_1_347' title='bbox 1350 2145 1502 2200; x_wconf 80' lang='grc' dir='ltr'><strong><em>τιμὰς]</em></strong></span> 
     </span>
     <span class='ocr_line' id='line_1_37' title="bbox 67 2205 1370 2274; baseline -0.004 -27"><span class='ocrx_word' id='word_1_348' title='bbox 67 2209 314 2247; x_wconf 88' lang='lat' dir='ltr'><strong>Prometheus</strong></span> <span class='ocrx_word' id='word_1_349' title='bbox 335 2211 375 2245; x_wconf 90' lang='lat' dir='ltr'><strong>in</strong></span> <span class='ocrx_word' id='word_1_350' title='bbox 396 2210 622 2274; x_wconf 83' lang='lat' dir='ltr'><strong>cognomine</strong></span> <span class='ocrx_word' id='word_1_351' title='bbox 643 2206 823 2257; x_wconf 88' lang='lat' dir='ltr'><strong>Aeschyli</strong></span> <span class='ocrx_word' id='word_1_352' title='bbox 840 2205 985 2242; x_wconf 86' lang='lat' dir='ltr'><strong>Fabula</strong></span> <span class='ocrx_word' id='word_1_353' title='bbox 1007 2218 1046 2244; x_wconf 85' lang='lat' dir='ltr'><strong>v.</strong></span> <span class='ocrx_word' id='word_1_354' title='bbox 1063 2206 1173 2246; x_wconf 88' lang='grc'><strong>228.</strong></span> <span class='ocrx_word' id='word_1_355' title='bbox 1197 2205 1242 2242; x_wconf 89' lang='lat' dir='ltr'><strong>de</strong></span> <span class='ocrx_word' id='word_1_356' title='bbox 1260 2205 1370 2243; x_wconf 76' lang='lat' dir='ltr'><strong>love:</strong></span> 
     </span>
    </p>

    <p class='ocr_par' dir='ltr' id='par_1_9' title="bbox 225 2256 1232 2538">
     <span class='ocr_line' id='line_1_38' title="bbox 225 2256 1103 2316; baseline -0.006 -11.895"><span class='ocrx_word' id='word_1_357' title='bbox 225 2261 367 2310; x_wconf 66' lang='lat' dir='ltr'><em>‘&#39;Onwg</em></span> <span class='ocrx_word' id='word_1_358' title='bbox 385 2259 559 2315; x_wconf 82' lang='grc' dir='ltr'><strong><em>τάχιστα</em></strong></span> <span class='ocrx_word' id='word_1_359' title='bbox 577 2261 651 2303; x_wconf 81' lang='grc' dir='ltr'><strong>τὸν</strong></span> <span class='ocrx_word' id='word_1_360' title='bbox 670 2277 864 2316; x_wconf 74' lang='grc' dir='ltr'><strong><em>πατρωαν</em></strong></span> <span class='ocrx_word' id='word_1_361' title='bbox 884 2260 925 2307; x_wconf 75' lang='grc' dir='ltr'><strong>ἐς</strong></span> <span class='ocrx_word' id='word_1_362' title='bbox 945 2256 1103 2314; x_wconf 72' lang='grc' dir='ltr'><strong><em>θρόνον</em></strong></span> 
     </span>
     <span class='ocr_line' id='line_1_39' title="bbox 234 2315 1117 2371; baseline -0.003 -12"><span class='ocrx_word' id='word_1_363' title='bbox 234 2320 358 2359; x_wconf 61' lang='lat' dir='ltr'><strong>Kath-</strong></span> <span class='ocrx_word' id='word_1_364' title='bbox 353 2317 434 2368; x_wconf 53' lang='grc' dir='ltr'><strong>’ξεί</strong></span> <span class='ocrx_word' id='word_1_365' title='bbox 449 2350 461 2369; x_wconf 87' lang='grc'>,</span> <span class='ocrx_word' id='word_1_366' title='bbox 504 2317 629 2366; x_wconf 69' lang='grc' dir='ltr'><em>εὐθὺς</em></span> <span class='ocrx_word' id='word_1_367' title='bbox 657 2318 849 2370; x_wconf 80' lang='grc' dir='ltr'><strong><em>ὁαιμοσιν</em></strong></span> <span class='ocrx_word' id='word_1_368' title='bbox 875 2316 983 2367; x_wconf 76' lang='grc' dir='ltr'><strong><em>νέμει</em></strong></span> <span class='ocrx_word' id='word_1_369' title='bbox 1017 2315 1117 2371; x_wconf 77' lang='grc' dir='ltr'><strong>γέρα</strong></span> 
     </span>
     <span class='ocr_line' id='line_1_40' title="bbox 226 2372 1034 2440; baseline -0.003 -25.939"><span class='ocrx_word' id='word_1_370' title='bbox 226 2373 450 2415; x_wconf 69' lang='grc' dir='ltr'><strong>’.Α’7λοισιν</strong></span> <span class='ocrx_word' id='word_1_371' title='bbox 481 2372 612 2423; x_wconf 77' lang='grc' dir='ltr'><strong>ἄλ7α,</strong></span> <span class='ocrx_word' id='word_1_372' title='bbox 655 2374 722 2414; x_wconf 77' lang='grc' dir='ltr'><strong>καὶ</strong></span> <span class='ocrx_word' id='word_1_373' title='bbox 756 2372 1034 2440; x_wconf 70' lang='grc' dir='ltr'><strong><em>διεσεοιχίζετο</em></strong></span> 
     </span>
     <span class='ocr_line' id='line_1_41' title="bbox 234 2423 1232 2498; baseline -0.003 -27.951"><span class='ocrx_word' id='word_1_374' title='bbox 234 2427 410 2484; x_wconf 78' lang='grc' dir='ltr'><strong>Ἀρχήν.</strong></span> <span class='ocrx_word' id='word_1_375' title='bbox 444 2433 609 2498; x_wconf 77' lang='grc' dir='ltr'><em>βροτῶν</em></span> <span class='ocrx_word' id='word_1_376' title='bbox 637 2429 681 2470; x_wconf 74' lang='grc' dir='ltr'><strong>δὲ</strong></span> <span class='ocrx_word' id='word_1_377' title='bbox 709 2432 792 2469; x_wconf 77' lang='grc' dir='ltr'><strong>τῶν</strong></span> <span class='ocrx_word' id='word_1_378' title='bbox 815 2424 1095 2498; x_wconf 77' lang='grc' dir='ltr'><strong><em>τα7αιπώρων</em></strong></span> <span class='ocrx_word' id='word_1_379' title='bbox 1108 2423 1232 2481; x_wconf 85' lang='grc' dir='ltr'><strong><em>λόγον</em></strong></span> 
     </span>
     <span class='ocr_line' id='line_1_42' title="bbox 243 2481 1162 2538; baseline -0.003 -12"><span class='ocrx_word' id='word_1_380' title='bbox 243 2485 331 2526; x_wconf 80' lang='grc' dir='ltr'><strong>Οὐκ</strong></span> <span class='ocrx_word' id='word_1_381' title='bbox 360 2485 473 2538; x_wconf 68' lang='grc' dir='ltr'><strong><em>ἴσχεν</em></strong></span> <span class='ocrx_word' id='word_1_382' title='bbox 509 2484 636 2526; x_wconf 72' lang='grc' dir='ltr'><strong><em>οὗὸἑι’</em></strong></span> <span class='ocrx_word' id='word_1_383' title='bbox 642 2515 654 2534; x_wconf 89' lang='grc'>,</span> <span class='ocrx_word' id='word_1_384' title='bbox 691 2484 776 2525; x_wconf 74' lang='grc' dir='ltr'><strong><em>ἀλλ’</em></strong></span> <span class='ocrx_word' id='word_1_385' title='bbox 810 2481 1020 2531; x_wconf 65' lang='grc' dir='ltr'><strong><em>ἀϊιστιῖσας</em></strong></span> <span class='ocrx_word' id='word_1_386' title='bbox 1048 2482 1162 2538; x_wconf 71' lang='grc' dir='ltr'><em>γένος</em></span> 
     </span>
    </p>
   </div>
   <div class='ocr_carea' id='block_1_3' title="bbox 74 2540 1510 2647">
    <p class='ocr_par' dir='ltr' id='par_1_10' title="bbox 74 2540 1510 2647">
     <span class='ocr_line' id='line_1_43' title="bbox 242 2540 505 2582; baseline 0.008 -1.039"><span class='ocrx_word' id='word_1_387' title='bbox 242 2540 299 2581; x_wconf 83' lang='grc' dir='ltr'><em>Γ</em></span> <span class='ocrx_word' id='word_1_388' title='bbox 282 2558 302 2581; x_wconf 94' lang='lat' dir='ltr'><strong>o</strong></span> <span class='ocrx_word' id='word_1_389' title='bbox 332 2546 424 2582; x_wconf 85' lang='grc' dir='ltr'><strong>πᾶν.</strong></span> <span class='ocrx_word' id='word_1_390' title='bbox 457 2564 505 2570; x_wconf 88' lang='grc'>-</span> 
     </span>
     <span class='ocr_line' id='line_1_44' title="bbox 74 2593 1510 2647; baseline -0.005 -12"><span class='ocrx_word' id='word_1_391' title='bbox 74 2598 152 2635; x_wconf 82' lang='lat' dir='ltr'><strong>Sed</strong></span> <span class='ocrx_word' id='word_1_392' title='bbox 171 2599 389 2647; x_wconf 81' lang='lat' dir='ltr'><strong>criminose,</strong></span> <span class='ocrx_word' id='word_1_393' title='bbox 417 2605 529 2647; x_wconf 87' lang='lat' dir='ltr'><strong>atque</strong></span> <span class='ocrx_word' id='word_1_394' title='bbox 549 2605 591 2635; x_wconf 92' lang='lat' dir='ltr'><strong>ut</strong></span> <span class='ocrx_word' id='word_1_395' title='bbox 610 2599 796 2637; x_wconf 85' lang='lat' dir='ltr'><strong>invidiam</strong></span> <span class='ocrx_word' id='word_1_396' title='bbox 814 2598 873 2634; x_wconf 90' lang='lat' dir='ltr'><strong>illi</strong></span> <span class='ocrx_word' id='word_1_397' title='bbox 891 2597 1049 2635; x_wconf 88' lang='lat' dir='ltr'><strong>faceret.</strong></span> <span class='ocrx_word' id='word_1_398' title='bbox 1096 2595 1295 2634; x_wconf 85' lang='lat' dir='ltr'><strong>Stanleius</strong></span> <span class='ocrx_word' id='word_1_399' title='bbox 1318 2596 1372 2631; x_wconf 92' lang='lat' dir='ltr'><strong>ibi</strong></span> <span class='ocrx_word' id='word_1_400' title='bbox 1392 2593 1510 2631; x_wconf 84' lang='lat' dir='ltr'><strong>verba</strong></span> 
     </span>
    </p>
   </div>
   <div class='ocr_carea' id='block_1_4' title="bbox 74 2654 1510 2805">
    <p class='ocr_par' dir='ltr' id='par_1_11' title="bbox 74 2654 1510 2805">
     <span class='ocr_line' id='line_1_45' title="bbox 74 2654 874 2704; baseline -0.041 -10"><span class='ocrx_word' id='word_1_401' title='bbox 74 2655 235 2693; x_wconf 85' lang='lat' dir='ltr'><strong>Diodori</strong></span> <span class='ocrx_word' id='word_1_402' title='bbox 254 2657 383 2704; x_wconf 87' lang='lat' dir='ltr'><strong>pulcre</strong></span> <span class='ocrx_word' id='word_1_403' title='bbox 401 2655 621 2693; x_wconf 85' lang='lat' dir='ltr'><strong>recordatus</strong></span> <span class='ocrx_word' id='word_1_404' title='bbox 641 2661 711 2694; x_wconf 47' lang='lat' dir='ltr'><strong>est·</strong></span> <span class='ocrx_word' id='word_1_405' title='bbox 740 2654 791 2691; x_wconf 90' lang='lat' dir='ltr'>W</span> <span class='ocrx_word' id='word_1_406' title='bbox 795 2664 874 2690; x_wconf 79' lang='lat' dir='ltr'><strong>Ess.</strong></span> 
     </span>
     <span class='ocr_line' id='line_1_46' title="bbox 81 2704 1510 2805; baseline -0.017 -45"><span class='ocrx_word' id='word_1_407' title='bbox 81 2711 292 2805; x_wconf 54' lang='grc' dir='ltr'><strong>ὟΕ8Ξ88.</strong></span> <span class='ocrx_word' id='word_1_408' title='bbox 319 2712 391 2753; x_wconf 85' lang='grc'><strong>84.</strong></span> <span class='ocrx_word' id='word_1_409' title='bbox 418 2712 823 2765; x_wconf 71' lang='grc' dir='ltr'><strong><em>Προσαγορευθῆναι</em></strong></span> <span class='ocrx_word' id='word_1_410' title='bbox 845 2706 987 2762; x_wconf 80' lang='grc' dir='ltr'><strong><em>Ζῆνα]</em></strong></span> <span class='ocrx_word' id='word_1_411' title='bbox 1016 2707 1115 2747; x_wconf 89' lang='lat' dir='ltr'><strong>Vide</strong></span> <span class='ocrx_word' id='word_1_412' title='bbox 1134 2714 1214 2746; x_wconf 88' lang='lat' dir='ltr'><strong>not.</strong></span> <span class='ocrx_word' id='word_1_413' title='bbox 1236 2709 1277 2745; x_wconf 89' lang='lat' dir='ltr'><strong>in</strong></span> <span class='ocrx_word' id='word_1_414' title='bbox 1297 2704 1422 2743; x_wconf 80' lang='lat'><strong>1..111.</strong></span> <span class='ocrx_word' id='word_1_415' title='bbox 1437 2704 1510 2744; x_wconf 80' lang='grc'><strong>61.</strong></span> 
     </span>
    </p>
   </div>
  </div>
 </body>
</html>
